{
    "summary": {
        "stock_name": "美隆電",
        "stock_id": "2477",
        "category": "其他電子",
        "main_business": "家用、車用、多媒體及專業用影音電子產品之設計研發、製造及買賣<br>前項有關產品及其原料進出口及代理業務",
        "website_url": "http://www.meiloon.com.tw/",
        "ceo": "吳明賢",
        "pe_ratio": 0,
        "report_year_from": 2001,
        "report_year_to": 2023,
        "age": 23,
        "eps_negative_percentage": 13,
        "eps_growth_avg": {
            "last_all": -7.98,
            "last_2y": -25.68,
            "last_4y": -6.73,
            "last_8y": -6.13,
            "last_12y": -13.55,
            "last_16y": -3.5,
            "last_20y": -9.02,
            "at_2006_last_3y": -28.31,
            "at_2007_last_3y": -0.86,
            "at_2008_last_3y": -11.19,
            "at_2009_last_3y": -0.29,
            "at_2010_last_3y": 33.33,
            "at_2011_last_3y": -33.33,
            "at_2012_last_3y": 0,
            "at_2013_last_3y": 33.33,
            "at_2014_last_3y": -33.33,
            "at_2015_last_3y": 0,
            "at_2016_last_3y": 7.71,
            "at_2017_last_3y": -22.94,
            "at_2018_last_3y": -5.13,
            "at_2019_last_3y": 21.15,
            "at_2020_last_3y": 1.22,
            "at_2021_last_3y": 24.2,
            "at_2022_last_3y": 12.24,
            "at_2023_last_3y": -33.41,
            "at_2024_last_3y": -33.41,
            "at_2006_last_all": -20.52,
            "at_2007_last_all": -0.43,
            "at_2008_last_all": -14.66,
            "at_2009_last_all": -14.66,
            "at_2010_last_all": -0.32,
            "at_2011_last_all": -11.4,
            "at_2012_last_all": -11.4,
            "at_2013_last_all": -0.26,
            "at_2014_last_all": -9.33,
            "at_2015_last_all": -9.33,
            "at_2016_last_all": -6.62,
            "at_2017_last_all": -5.49,
            "at_2018_last_all": -8.43,
            "at_2019_last_all": -1.2,
            "at_2020_last_all": -4.66,
            "at_2021_last_all": 1.49,
            "at_2022_last_all": -3.83,
            "at_2023_last_all": -7.98,
            "at_2024_last_all": -7.98
        },
        "latest_eps": -0,
        "latest_price": 19.9,
        "latest_roe": -0.2,
        "latest_gross_margin": 19.05,
        "latest_equity": 4502048,
        "latest_revenue": 724448,
        "latest_gross_profit": 138011,
        "latest_net_income": 52677,
        "latest_debt_ratio": 45.09,
        "latest_current_ratio": 242.1,
        "latest_account_receivable_turnover_ratio": 1.35,
        "latest_inventory_turnover_ratio": 0.88,
        "latest_reinvestment_rate": 27.22,
        "latest_research_to_sale_ratio": 4.16
    },
    "eps_dividends": {
        "1999": {
            "cash": 3,
            "stock": 3,
            "eps": 0
        },
        "2000": {
            "cash": 1.5,
            "stock": 4,
            "eps": 0
        },
        "2001": {
            "cash": 1.5,
            "stock": 3.5,
            "eps": 4.97
        },
        "2002": {
            "cash": 1.2,
            "stock": 3,
            "eps": 5.5
        },
        "2003": {
            "cash": 1,
            "stock": 3.5,
            "eps": 4.96
        },
        "2004": {
            "cash": 1.8,
            "stock": 2.2,
            "eps": 2.05
        },
        "2005": {
            "cash": 0.75,
            "stock": 0.75,
            "eps": 1.15
        },
        "2006": {
            "cash": 0.6,
            "stock": 0.2,
            "eps": 1.14
        },
        "2007": {
            "cash": 0.8,
            "stock": 0.2,
            "eps": 2.56
        },
        "2008": {
            "cash": 1.32,
            "stock": 0.2,
            "eps": -0.12
        },
        "2009": {
            "cash": 0.25,
            "stock": 0,
            "eps": 0.13
        },
        "2010": {
            "cash": 0.25,
            "stock": 0,
            "eps": 1.01
        },
        "2011": {
            "cash": 0.8,
            "stock": 0,
            "eps": -1.18
        },
        "2012": {
            "cash": 0,
            "stock": 0,
            "eps": 0.69
        },
        "2013": {
            "cash": 0.6,
            "stock": 0,
            "eps": 4.54
        },
        "2014": {
            "cash": 3,
            "stock": 0,
            "eps": -0.77
        },
        "2015": {
            "cash": 1,
            "stock": 0,
            "eps": 1.21
        },
        "2016": {
            "cash": 1.1,
            "stock": 0,
            "eps": 1.49
        },
        "2017": {
            "cash": 0,
            "stock": 0,
            "eps": 1.61
        },
        "2018": {
            "cash": 1.3,
            "stock": 0,
            "eps": 0.86
        },
        "2019": {
            "cash": 0.86,
            "stock": 0,
            "eps": 2.12
        },
        "2020": {
            "cash": 1.6,
            "stock": 0,
            "eps": 0.92
        },
        "2021": {
            "cash": 1.45,
            "stock": 0,
            "eps": 8.27
        },
        "2022": {
            "cash": 1.5,
            "stock": 0,
            "eps": 0.46
        },
        "2023": {
            "cash": 0.8,
            "stock": 0,
            "eps": 0.08
        },
        "2024": {
            "cash": 0.5,
            "stock": 0,
            "eps": 0
        }
    },
    "dividends": {
        "1999-06-25": {
            "cash": 3,
            "stock": 3
        },
        "2000-05-15": {
            "cash": 1.5,
            "stock": 4
        },
        "2001-04-30": {
            "cash": 1.5,
            "stock": 3.5
        },
        "2002-06-10": {
            "cash": 1.2,
            "stock": 3
        },
        "2003-03-27": {
            "cash": 1,
            "stock": 3.5
        },
        "2004-03-23": {
            "cash": 1.8,
            "stock": 2.2
        },
        "2005-03-30": {
            "cash": 0.75,
            "stock": 0.75
        },
        "2006-03-28": {
            "cash": 0.6,
            "stock": 0.2
        },
        "2007-04-12": {
            "cash": 0.8,
            "stock": 0.2
        },
        "2008-04-10": {
            "cash": 1.32,
            "stock": 0.2
        },
        "2009-03-23": {
            "cash": 0.25,
            "stock": 0
        },
        "2010-04-01": {
            "cash": 0.25,
            "stock": 0
        },
        "2011-04-01": {
            "cash": 0.8,
            "stock": 0
        },
        "2013-03-26": {
            "cash": 0.6,
            "stock": 0
        },
        "2014-09-05": {
            "cash": 3,
            "stock": 0
        },
        "2015-09-15": {
            "cash": 1,
            "stock": 0
        },
        "2016-09-10": {
            "cash": 1.1,
            "stock": 0
        },
        "2018-09-12": {
            "cash": 1.3,
            "stock": 0
        },
        "2019-08-23": {
            "cash": 0.86,
            "stock": 0
        },
        "2020-08-07": {
            "cash": 1.6,
            "stock": 0
        },
        "2021-09-08": {
            "cash": 1.45,
            "stock": 0
        },
        "2022-08-12": {
            "cash": 1.5,
            "stock": 0
        },
        "2023-06-01": {
            "cash": 0.8,
            "stock": 0
        },
        "2024-05-31": {
            "cash": 0.5,
            "stock": 0
        }
    },
    "prices": {
        "200101": "無",
        "200102": "無",
        "200103": "無",
        "200104": "無",
        "200105": "無",
        "200106": "無",
        "200107": "無",
        "200108": "無",
        "200109": "37.69",
        "200110": "38.23",
        "200111": "45.45",
        "200112": "64.02",
        "200201": "81.86",
        "200202": "87.71",
        "200203": "89.07",
        "200204": "89.45",
        "200205": "78.70",
        "200206": "74.80",
        "200207": "67.74",
        "200208": "62.77",
        "200209": "67.20",
        "200210": "63.84",
        "200211": "65.86",
        "200212": "65.68",
        "200301": "65.05",
        "200302": "63.62",
        "200303": "60.74",
        "200304": "57.23",
        "200305": "50.67",
        "200306": "58.42",
        "200307": "58.78",
        "200308": "48.70",
        "200309": "45.57",
        "200310": "43.76",
        "200311": "44.60",
        "200312": "44.80",
        "200401": "47.69",
        "200402": "48.73",
        "200403": "47.58",
        "200404": "48.03",
        "200405": "43.80",
        "200406": "40.66",
        "200407": "39.26",
        "200408": "38.58",
        "200409": "26.26",
        "200410": "25.08",
        "200411": "26.12",
        "200412": "25.90",
        "200501": "24.36",
        "200502": "25.55",
        "200503": "27.57",
        "200504": "23.04",
        "200505": "18.45",
        "200506": "21.66",
        "200507": "22.48",
        "200508": "20.32",
        "200509": "19.72",
        "200510": "16.42",
        "200511": "15.46",
        "200512": "16.61",
        "200601": "18.32",
        "200602": "20.59",
        "200603": "20.27",
        "200604": "23.15",
        "200605": "20.88",
        "200606": "17.35",
        "200607": "17.50",
        "200608": "16.50",
        "200609": "16.31",
        "200610": "19.54",
        "200611": "22.31",
        "200612": "24.92",
        "200701": "22.79",
        "200702": "20.35",
        "200703": "22.02",
        "200704": "24.79",
        "200705": "26.98",
        "200706": "35.22",
        "200707": "38.82",
        "200708": "37.64",
        "200709": "41.33",
        "200710": "36.49",
        "200711": "27.41",
        "200712": "24.25",
        "200801": "19.88",
        "200802": "18.98",
        "200803": "19.84",
        "200804": "20.82",
        "200805": "19.04",
        "200806": "15.98",
        "200807": "13.35",
        "200808": "13.13",
        "200809": "10.00",
        "200810": "9.08",
        "200811": "7.12",
        "200812": "7.39",
        "200901": "6.87",
        "200902": "7.06",
        "200903": "7.99",
        "200904": "9.14",
        "200905": "9.80",
        "200906": "9.06",
        "200907": "9.44",
        "200908": "9.39",
        "200909": "11.11",
        "200910": "13.42",
        "200911": "12.49",
        "200912": "13.95",
        "201001": "14.27",
        "201002": "12.53",
        "201003": "13.42",
        "201004": "13.78",
        "201005": "12.43",
        "201006": "11.88",
        "201007": "13.39",
        "201008": "16.17",
        "201009": "17.54",
        "201010": "16.31",
        "201011": "15.92",
        "201012": "16.75",
        "201101": "15.85",
        "201102": "16.16",
        "201103": "15.35",
        "201104": "15.32",
        "201105": "15.50",
        "201106": "14.66",
        "201107": "13.71",
        "201108": "12.22",
        "201109": "12.79",
        "201110": "12.32",
        "201111": "11.06",
        "201112": "10.37",
        "201201": "10.88",
        "201202": "12.32",
        "201203": "12.02",
        "201204": "10.22",
        "201205": "9.44",
        "201206": "7.95",
        "201207": "8.07",
        "201208": "9.87",
        "201209": "10.53",
        "201210": "10.51",
        "201211": "10.51",
        "201212": "12.13",
        "201301": "12.51",
        "201302": "12.42",
        "201303": "12.31",
        "201304": "12.08",
        "201305": "12.45",
        "201306": "12.39",
        "201307": "13.46",
        "201308": "15.94",
        "201309": "17.16",
        "201310": "20.40",
        "201311": "20.00",
        "201312": "19.20",
        "201401": "19.46",
        "201402": "21.66",
        "201403": "21.38",
        "201404": "19.43",
        "201405": "17.17",
        "201406": "17.75",
        "201407": "19.07",
        "201408": "16.57",
        "201409": "13.70",
        "201410": "12.48",
        "201411": "12.26",
        "201412": "11.85",
        "201501": "12.58",
        "201502": "13.45",
        "201503": "13.73",
        "201504": "14.81",
        "201505": "13.35",
        "201506": "12.08",
        "201507": "12.73",
        "201508": "11.47",
        "201509": "11.44",
        "201510": "12.60",
        "201511": "12.55",
        "201512": "12.02",
        "201601": "11.60",
        "201602": "11.92",
        "201603": "12.87",
        "201604": "13.71",
        "201605": "13.14",
        "201606": "13.35",
        "201607": "13.61",
        "201608": "14.26",
        "201609": "13.92",
        "201610": "13.96",
        "201611": "14.52",
        "201612": "17.20",
        "201701": "17.22",
        "201702": "18.93",
        "201703": "19.45",
        "201704": "19.54",
        "201705": "19.51",
        "201706": "20.99",
        "201707": "24.45",
        "201708": "25.09",
        "201709": "27.50",
        "201710": "33.30",
        "201711": "31.77",
        "201712": "29.81",
        "201801": "29.83",
        "201802": "31.55",
        "201803": "30.79",
        "201804": "28.53",
        "201805": "25.43",
        "201806": "24.64",
        "201807": "21.35",
        "201808": "20.67",
        "201809": "18.44",
        "201810": "18.41",
        "201811": "20.25",
        "201812": "20.39",
        "201901": "20.13",
        "201902": "19.53",
        "201903": "19.32",
        "201904": "21.44",
        "201905": "21.81",
        "201906": "21.78",
        "201907": "22.51",
        "201908": "20.56",
        "201909": "23.30",
        "201910": "24.10",
        "201911": "27.12",
        "201912": "27.33",
        "202001": "25.54",
        "202002": "22.92",
        "202003": "19.43",
        "202004": "20.73",
        "202005": "21.32",
        "202006": "21.92",
        "202007": "22.00",
        "202008": "21.80",
        "202009": "23.12",
        "202010": "26.65",
        "202011": "31.50",
        "202012": "32.05",
        "202101": "33.02",
        "202102": "29.77",
        "202103": "32.68",
        "202104": "38.74",
        "202105": "35.22",
        "202106": "34.61",
        "202107": "33.53",
        "202108": "29.29",
        "202109": "27.42",
        "202110": "26.42",
        "202111": "30.02",
        "202112": "31.00",
        "202201": "30.47",
        "202202": "31.59",
        "202203": "31.08",
        "202204": "25.66",
        "202205": "24.79",
        "202206": "24.63",
        "202207": "20.51",
        "202208": "21.17",
        "202209": "20.07",
        "202210": "17.54",
        "202211": "18.75",
        "202212": "20.08",
        "202301": "20.19",
        "202302": "20.40",
        "202303": "21.04",
        "202304": "21.26",
        "202305": "20.52",
        "202306": "20.94",
        "202307": "20.72",
        "202308": "19.99",
        "202309": "19.78",
        "202310": "19.14",
        "202311": "19.44",
        "202312": "21.53"
    },
    "quarters": {
        "20011": {
            "year_quarter": 20011,
            "year": 2001,
            "quarter": 1,
            "eps": 1.36,
            "eps_growth_year": -55.12,
            "eps_4q": 5.23,
            "eps_4q_growth_year": -40.14,
            "roe": 5.74,
            "roe_4q": 5.74,
            "gross_profit": 113042,
            "gross_margin": 36.03,
            "gross_margin_4q_avg": 36.03,
            "net_income": 101885,
            "net_income_4q": null,
            "revenue": 313720,
            "revenue_4q": null,
            "common_shares": 746800,
            "book_valuer_per_share": 24.21,
            "book_valuer_per_share_4q_avg": 24.21,
            "equity": 1808158,
            "current_ratio": 213.14,
            "debt_ratio": 26.16,
            "inventory_turnover_ratio": 0.89,
            "account_receivable_turnover_ratio": null,
            "reinvestment_rate": null,
            "research_to_sale_ratio": null,
            "price_fair": 0,
            "eps_avg_yearly": 0,
            "eps_latest_yearly": 0,
            "eps_growth_yearly": 0
        },
        "20012": {
            "year_quarter": 20012,
            "year": 2001,
            "quarter": 2,
            "eps": 0.81,
            "eps_growth_year": -30.77,
            "eps_4q": 3.78,
            "eps_4q_growth_year": -40.3,
            "roe": 4.58,
            "roe_4q": 10.32,
            "gross_profit": 120641,
            "gross_margin": 37.45,
            "gross_margin_4q_avg": 36.74,
            "net_income": 82997,
            "net_income_4q": null,
            "revenue": 322151,
            "revenue_4q": null,
            "common_shares": 1019000,
            "book_valuer_per_share": 17.85,
            "book_valuer_per_share_4q_avg": 21.03,
            "equity": 1818643,
            "current_ratio": 197.69,
            "debt_ratio": 27.72,
            "inventory_turnover_ratio": 3.29,
            "account_receivable_turnover_ratio": null,
            "reinvestment_rate": null,
            "research_to_sale_ratio": null,
            "price_fair": 0,
            "eps_avg_yearly": 0,
            "eps_latest_yearly": 0,
            "eps_growth_yearly": 0
        },
        "20013": {
            "year_quarter": 20013,
            "year": 2001,
            "quarter": 3,
            "eps": 1.1,
            "eps_growth_year": -25.68,
            "eps_4q": 3.82,
            "eps_4q_growth_year": -41.27,
            "roe": 5.98,
            "roe_4q": 16.3,
            "gross_profit": 122591,
            "gross_margin": 41.37,
            "gross_margin_4q_avg": 38.28,
            "net_income": 112311,
            "net_income_4q": null,
            "revenue": 296356,
            "revenue_4q": null,
            "common_shares": 1019000,
            "book_valuer_per_share": 19,
            "book_valuer_per_share_4q_avg": 20.35,
            "equity": 1935844,
            "current_ratio": 231.62,
            "debt_ratio": 24.42,
            "inventory_turnover_ratio": 2.88,
            "account_receivable_turnover_ratio": null,
            "reinvestment_rate": null,
            "research_to_sale_ratio": null,
            "price_fair": 0,
            "eps_avg_yearly": 0,
            "eps_latest_yearly": 0,
            "eps_growth_yearly": 0
        },
        "20014": {
            "year_quarter": 20014,
            "year": 2001,
            "quarter": 4,
            "eps": 1.7,
            "eps_growth_year": 37.1,
            "eps_4q": 4.61,
            "eps_4q_growth_year": -23.74,
            "roe": 8.51,
            "roe_4q": 24.810000000000002,
            "gross_profit": 155227,
            "gross_margin": 42.87,
            "gross_margin_4q_avg": 39.43,
            "net_income": 173662,
            "net_income_4q": null,
            "revenue": 362113,
            "revenue_4q": null,
            "common_shares": 1019000,
            "book_valuer_per_share": 20.91,
            "book_valuer_per_share_4q_avg": 20.49,
            "equity": 2146056,
            "current_ratio": 269.14,
            "debt_ratio": 36.69,
            "inventory_turnover_ratio": 1.25,
            "account_receivable_turnover_ratio": null,
            "reinvestment_rate": null,
            "research_to_sale_ratio": null,
            "price_fair": 0,
            "eps_avg_yearly": 0,
            "eps_latest_yearly": 0,
            "eps_growth_yearly": 0
        },
        "20021": {
            "year_quarter": 20021,
            "year": 2002,
            "quarter": 1,
            "eps": 1.46,
            "eps_growth_year": 7.35,
            "eps_4q": 5.08,
            "eps_4q_growth_year": -2.91,
            "roe": 6.72,
            "roe_4q": 25.79,
            "gross_profit": 153889,
            "gross_margin": 25.83,
            "gross_margin_4q_avg": 36.88,
            "net_income": 148761,
            "net_income_4q": null,
            "revenue": 595888,
            "revenue_4q": null,
            "common_shares": 1019000,
            "book_valuer_per_share": 22.41,
            "book_valuer_per_share_4q_avg": 20.04,
            "equity": 2283372,
            "current_ratio": 195.92,
            "debt_ratio": 32.99,
            "inventory_turnover_ratio": 2.75,
            "account_receivable_turnover_ratio": null,
            "reinvestment_rate": null,
            "research_to_sale_ratio": null,
            "price_fair": 17.52,
            "eps_avg_yearly": 5.84,
            "eps_latest_yearly": 5.84,
            "eps_growth_yearly": -56.47
        },
        "20022": {
            "year_quarter": 20022,
            "year": 2002,
            "quarter": 2,
            "eps": 1.31,
            "eps_growth_year": 61.73,
            "eps_4q": 5.56,
            "eps_4q_growth_year": 47.03,
            "roe": 5.95,
            "roe_4q": 27.16,
            "gross_profit": 144854,
            "gross_margin": 15.54,
            "gross_margin_4q_avg": 31.4,
            "net_income": 133927,
            "net_income_4q": null,
            "revenue": 932005,
            "revenue_4q": null,
            "common_shares": 1019000,
            "book_valuer_per_share": 21.77,
            "book_valuer_per_share_4q_avg": 21.02,
            "equity": 2218029,
            "current_ratio": 155.43,
            "debt_ratio": 40.35,
            "inventory_turnover_ratio": 15.51,
            "account_receivable_turnover_ratio": null,
            "reinvestment_rate": null,
            "research_to_sale_ratio": null,
            "price_fair": 16.62,
            "eps_avg_yearly": 5.54,
            "eps_latest_yearly": 5.24,
            "eps_growth_yearly": -48.78
        },
        "20023": {
            "year_quarter": 20023,
            "year": 2002,
            "quarter": 3,
            "eps": 1.27,
            "eps_growth_year": 15.45,
            "eps_4q": 4.67,
            "eps_4q_growth_year": 22.5,
            "roe": 7.29,
            "roe_4q": 28.47,
            "gross_profit": 160793,
            "gross_margin": 14.49,
            "gross_margin_4q_avg": 24.68,
            "net_income": 170293,
            "net_income_4q": null,
            "revenue": 1109871,
            "revenue_4q": null,
            "common_shares": 1338700,
            "book_valuer_per_share": 18.33,
            "book_valuer_per_share_4q_avg": 20.86,
            "equity": 2454170,
            "current_ratio": 153.66,
            "debt_ratio": 39.54,
            "inventory_turnover_ratio": 20.37,
            "account_receivable_turnover_ratio": null,
            "reinvestment_rate": null,
            "research_to_sale_ratio": null,
            "price_fair": 16.16,
            "eps_avg_yearly": 5.39,
            "eps_latest_yearly": 5.08,
            "eps_growth_yearly": -36.59
        },
        "20024": {
            "year_quarter": 20024,
            "year": 2002,
            "quarter": 4,
            "eps": 1.46,
            "eps_growth_year": -14.12,
            "eps_4q": 4.83,
            "eps_4q_growth_year": 4.89,
            "roe": 7.66,
            "roe_4q": 27.619999999999997,
            "gross_profit": 160573,
            "gross_margin": 13.88,
            "gross_margin_4q_avg": 17.44,
            "net_income": 195982,
            "net_income_4q": null,
            "revenue": 1157204,
            "revenue_4q": null,
            "common_shares": 1338700,
            "book_valuer_per_share": 19.71,
            "book_valuer_per_share_4q_avg": 20.56,
            "equity": 2666028,
            "current_ratio": 334.45,
            "debt_ratio": 34.01,
            "inventory_turnover_ratio": 6,
            "account_receivable_turnover_ratio": null,
            "reinvestment_rate": 15.53,
            "research_to_sale_ratio": null,
            "price_fair": 16.5,
            "eps_avg_yearly": 5.5,
            "eps_latest_yearly": 5.84,
            "eps_growth_yearly": -12.48
        },
        "20031": {
            "year_quarter": 20031,
            "year": 2003,
            "quarter": 1,
            "eps": 1.57,
            "eps_growth_year": 7.53,
            "eps_4q": 5.3,
            "eps_4q_growth_year": 4.25,
            "roe": 7.64,
            "roe_4q": 28.54,
            "gross_profit": 109896,
            "gross_margin": 14.54,
            "gross_margin_4q_avg": 14.61,
            "net_income": 210699,
            "net_income_4q": null,
            "revenue": 755834,
            "revenue_4q": null,
            "common_shares": 1338700,
            "book_valuer_per_share": 21.3,
            "book_valuer_per_share_4q_avg": 20.28,
            "equity": 2851017,
            "current_ratio": 226.96,
            "debt_ratio": 29.97,
            "inventory_turnover_ratio": 3.82,
            "account_receivable_turnover_ratio": null,
            "reinvestment_rate": 4.64,
            "research_to_sale_ratio": null,
            "price_fair": 16.97,
            "eps_avg_yearly": 5.66,
            "eps_latest_yearly": 6.28,
            "eps_growth_yearly": -3.96
        },
        "20032": {
            "year_quarter": 20032,
            "year": 2003,
            "quarter": 2,
            "eps": 1.26,
            "eps_growth_year": -3.82,
            "eps_4q": 5.58,
            "eps_4q_growth_year": 0.29,
            "roe": 5.89,
            "roe_4q": 28.479999999999997,
            "gross_profit": 130804,
            "gross_margin": 14.4,
            "gross_margin_4q_avg": 14.33,
            "net_income": 168345,
            "net_income_4q": null,
            "revenue": 908066,
            "revenue_4q": null,
            "common_shares": 1338700,
            "book_valuer_per_share": 21.38,
            "book_valuer_per_share_4q_avg": 20.18,
            "equity": 2861885,
            "current_ratio": 168.21,
            "debt_ratio": 32.28,
            "inventory_turnover_ratio": 15.09,
            "account_receivable_turnover_ratio": null,
            "reinvestment_rate": 5.38,
            "research_to_sale_ratio": null,
            "price_fair": 16.66,
            "eps_avg_yearly": 5.55,
            "eps_latest_yearly": 5.04,
            "eps_growth_yearly": -16.46
        },
        "20033": {
            "year_quarter": 20033,
            "year": 2003,
            "quarter": 3,
            "eps": 0.81,
            "eps_growth_year": -36.22,
            "eps_4q": 3.96,
            "eps_4q_growth_year": -15.21,
            "roe": 5.08,
            "roe_4q": 26.27,
            "gross_profit": 115412,
            "gross_margin": 12.81,
            "gross_margin_4q_avg": 13.91,
            "net_income": 147743,
            "net_income_4q": null,
            "revenue": 901226,
            "revenue_4q": null,
            "common_shares": 1828245,
            "book_valuer_per_share": 16.17,
            "book_valuer_per_share_4q_avg": 19.64,
            "equity": 2957108,
            "current_ratio": 165.82,
            "debt_ratio": 31.54,
            "inventory_turnover_ratio": 14.32,
            "account_receivable_turnover_ratio": null,
            "reinvestment_rate": 5.22,
            "research_to_sale_ratio": null,
            "price_fair": 15.67,
            "eps_avg_yearly": 5.22,
            "eps_latest_yearly": 3.24,
            "eps_growth_yearly": -34.52
        },
        "20034": {
            "year_quarter": 20034,
            "year": 2003,
            "quarter": 4,
            "eps": 1.32,
            "eps_growth_year": -9.59,
            "eps_4q": 4.2,
            "eps_4q_growth_year": -13.19,
            "roe": 7.36,
            "roe_4q": 25.970000000000002,
            "gross_profit": 160243,
            "gross_margin": 12.71,
            "gross_margin_4q_avg": 13.62,
            "net_income": 241694,
            "net_income_4q": null,
            "revenue": 1260881,
            "revenue_4q": null,
            "common_shares": 1828245,
            "book_valuer_per_share": 17.56,
            "book_valuer_per_share_4q_avg": 19.1,
            "equity": 3614118,
            "current_ratio": 255.06,
            "debt_ratio": 32.17,
            "inventory_turnover_ratio": 4.27,
            "account_receivable_turnover_ratio": null,
            "reinvestment_rate": 43.4,
            "research_to_sale_ratio": null,
            "price_fair": 58.98,
            "eps_avg_yearly": 5.23,
            "eps_latest_yearly": 5.28,
            "eps_growth_yearly": 1.28
        },
        "20041": {
            "year_quarter": 20041,
            "year": 2004,
            "quarter": 1,
            "eps": 0.94,
            "eps_growth_year": -40.13,
            "eps_4q": 3.98,
            "eps_4q_growth_year": -24.95,
            "roe": 4.99,
            "roe_4q": 23.32,
            "gross_profit": 101982,
            "gross_margin": 12.35,
            "gross_margin_4q_avg": 13.07,
            "net_income": 172738,
            "net_income_4q": null,
            "revenue": 825685,
            "revenue_4q": null,
            "common_shares": 1828245,
            "book_valuer_per_share": 18.12,
            "book_valuer_per_share_4q_avg": 18.31,
            "equity": 3312301,
            "current_ratio": 158.55,
            "debt_ratio": 30.16,
            "inventory_turnover_ratio": 2.48,
            "account_receivable_turnover_ratio": null,
            "reinvestment_rate": 5.1,
            "research_to_sale_ratio": null,
            "price_fair": 15.2,
            "eps_avg_yearly": 5.07,
            "eps_latest_yearly": 3.76,
            "eps_growth_yearly": -11.66
        },
        "20042": {
            "year_quarter": 20042,
            "year": 2004,
            "quarter": 2,
            "eps": 0.11,
            "eps_growth_year": -91.27,
            "eps_4q": 3.12,
            "eps_4q_growth_year": -44.02,
            "roe": 0.65,
            "roe_4q": 18.08,
            "gross_profit": 99143,
            "gross_margin": 12.43,
            "gross_margin_4q_avg": 12.58,
            "net_income": 20524,
            "net_income_4q": null,
            "revenue": 797710,
            "revenue_4q": null,
            "common_shares": 1828245,
            "book_valuer_per_share": 16.64,
            "book_valuer_per_share_4q_avg": 17.12,
            "equity": 3042236,
            "current_ratio": 124.58,
            "debt_ratio": 34.59,
            "inventory_turnover_ratio": 4.58,
            "account_receivable_turnover_ratio": null,
            "reinvestment_rate": 3.65,
            "research_to_sale_ratio": null,
            "price_fair": 13.81,
            "eps_avg_yearly": 4.6,
            "eps_latest_yearly": 0.44,
            "eps_growth_yearly": -45.81
        },
        "20043": {
            "year_quarter": 20043,
            "year": 2004,
            "quarter": 3,
            "eps": 0.48,
            "eps_growth_year": -40.74,
            "eps_4q": 2.41,
            "eps_4q_growth_year": -39.26,
            "roe": 3.49,
            "roe_4q": 16.490000000000002,
            "gross_profit": 149436,
            "gross_margin": 13.08,
            "gross_margin_4q_avg": 12.64,
            "net_income": 108347,
            "net_income_4q": null,
            "revenue": 1142220,
            "revenue_4q": null,
            "common_shares": 2260000,
            "book_valuer_per_share": 14,
            "book_valuer_per_share_4q_avg": 16.58,
            "equity": 3165097,
            "current_ratio": 119.35,
            "debt_ratio": 39.76,
            "inventory_turnover_ratio": 5.82,
            "account_receivable_turnover_ratio": null,
            "reinvestment_rate": 3.23,
            "research_to_sale_ratio": null,
            "price_fair": 152.6,
            "eps_avg_yearly": 4.36,
            "eps_latest_yearly": 1.92,
            "eps_growth_yearly": 80.67
        },
        "20044": {
            "year_quarter": 20044,
            "year": 2004,
            "quarter": 4,
            "eps": 0.52,
            "eps_growth_year": -60.61,
            "eps_4q": 1.84,
            "eps_4q_growth_year": -56.05,
            "roe": 3.51,
            "roe_4q": 12.64,
            "gross_profit": 138150,
            "gross_margin": 11.68,
            "gross_margin_4q_avg": 12.39,
            "net_income": 118398,
            "net_income_4q": null,
            "revenue": 1182842,
            "revenue_4q": null,
            "common_shares": 2260000,
            "book_valuer_per_share": 13.77,
            "book_valuer_per_share_4q_avg": 15.63,
            "equity": 3579276,
            "current_ratio": 206.3,
            "debt_ratio": 36.33,
            "inventory_turnover_ratio": 2.1,
            "account_receivable_turnover_ratio": null,
            "reinvestment_rate": 43.45,
            "research_to_sale_ratio": null,
            "price_fair": 145.95,
            "eps_avg_yearly": 4.17,
            "eps_latest_yearly": 2.08,
            "eps_growth_yearly": 76.72
        },
        "20051": {
            "year_quarter": 20051,
            "year": 2005,
            "quarter": 1,
            "eps": 0.16,
            "eps_growth_year": -82.98,
            "eps_4q": 1.29,
            "eps_4q_growth_year": -67.57,
            "roe": 1.04,
            "roe_4q": 8.69,
            "gross_profit": 71322,
            "gross_margin": 10.36,
            "gross_margin_4q_avg": 11.89,
            "net_income": 35042,
            "net_income_4q": null,
            "revenue": 688751,
            "revenue_4q": null,
            "common_shares": 2260000,
            "book_valuer_per_share": 14.02,
            "book_valuer_per_share_4q_avg": 14.61,
            "equity": 3168900,
            "current_ratio": 174.54,
            "debt_ratio": 27.73,
            "inventory_turnover_ratio": 1.24,
            "account_receivable_turnover_ratio": null,
            "reinvestment_rate": 3.36,
            "research_to_sale_ratio": null,
            "price_fair": 136.45,
            "eps_avg_yearly": 3.9,
            "eps_latest_yearly": 0.64,
            "eps_growth_yearly": 49.52
        },
        "20052": {
            "year_quarter": 20052,
            "year": 2005,
            "quarter": 2,
            "eps": 0.06,
            "eps_growth_year": -45.45,
            "eps_4q": 1.07,
            "eps_4q_growth_year": -65.89,
            "roe": 0.5,
            "roe_4q": 8.54,
            "gross_profit": 96199,
            "gross_margin": 10.38,
            "gross_margin_4q_avg": 11.38,
            "net_income": 15626,
            "net_income_4q": null,
            "revenue": 927097,
            "revenue_4q": null,
            "common_shares": 2260000,
            "book_valuer_per_share": 13.36,
            "book_valuer_per_share_4q_avg": 13.79,
            "equity": 3020409,
            "current_ratio": 133.1,
            "debt_ratio": 32.61,
            "inventory_turnover_ratio": 5.43,
            "account_receivable_turnover_ratio": null,
            "reinvestment_rate": 2.95,
            "research_to_sale_ratio": null,
            "price_fair": 127.3,
            "eps_avg_yearly": 3.64,
            "eps_latest_yearly": 0.24,
            "eps_growth_yearly": 28.12
        },
        "20053": {
            "year_quarter": 20053,
            "year": 2005,
            "quarter": 3,
            "eps": 0.55,
            "eps_growth_year": 14.58,
            "eps_4q": 1.24,
            "eps_4q_growth_year": -48.37,
            "roe": 4.25,
            "roe_4q": 9.3,
            "gross_profit": 122260,
            "gross_margin": 11.41,
            "gross_margin_4q_avg": 10.96,
            "net_income": 134251,
            "net_income_4q": null,
            "revenue": 1071239,
            "revenue_4q": null,
            "common_shares": 2445130,
            "book_valuer_per_share": 13.46,
            "book_valuer_per_share_4q_avg": 13.65,
            "equity": 3290243,
            "current_ratio": 137.89,
            "debt_ratio": 30.69,
            "inventory_turnover_ratio": 6.64,
            "account_receivable_turnover_ratio": null,
            "reinvestment_rate": 2.29,
            "research_to_sale_ratio": null,
            "price_fair": 123.95,
            "eps_avg_yearly": 3.54,
            "eps_latest_yearly": 2.2,
            "eps_growth_yearly": 244.03
        },
        "20054": {
            "year_quarter": 20054,
            "year": 2005,
            "quarter": 4,
            "eps": 0.38,
            "eps_growth_year": -26.92,
            "eps_4q": 1.14,
            "eps_4q_growth_year": -38.3,
            "roe": 2.58,
            "roe_4q": 8.370000000000001,
            "gross_profit": 123809,
            "gross_margin": 9.91,
            "gross_margin_4q_avg": 10.52,
            "net_income": 92683,
            "net_income_4q": null,
            "revenue": 1249255,
            "revenue_4q": null,
            "common_shares": 2445130,
            "book_valuer_per_share": 13.8,
            "book_valuer_per_share_4q_avg": 13.66,
            "equity": 3902998,
            "current_ratio": 226.27,
            "debt_ratio": 35.35,
            "inventory_turnover_ratio": 1.97,
            "account_receivable_turnover_ratio": null,
            "reinvestment_rate": 40.43,
            "research_to_sale_ratio": null,
            "price_fair": 119.53,
            "eps_avg_yearly": 3.42,
            "eps_latest_yearly": 1.52,
            "eps_growth_yearly": 221.05
        },
        "20061": {
            "year_quarter": 20061,
            "year": 2006,
            "quarter": 1,
            "eps": 0.29,
            "eps_growth_year": 81.25,
            "eps_4q": 1.3,
            "eps_4q_growth_year": 0.78,
            "roe": 1.91,
            "roe_4q": 9.24,
            "gross_profit": 85028,
            "gross_margin": 9.61,
            "gross_margin_4q_avg": 10.33,
            "net_income": 69709,
            "net_income_4q": null,
            "revenue": 885014,
            "revenue_4q": null,
            "common_shares": 2445130,
            "book_valuer_per_share": 13.95,
            "book_valuer_per_share_4q_avg": 13.64,
            "equity": 3412148,
            "current_ratio": 167.6,
            "debt_ratio": 28.1,
            "inventory_turnover_ratio": 1.39,
            "account_receivable_turnover_ratio": null,
            "reinvestment_rate": -3.14,
            "research_to_sale_ratio": null,
            "price_fair": 109.29,
            "eps_avg_yearly": 3.12,
            "eps_latest_yearly": 1.16,
            "eps_growth_yearly": 218.66
        },
        "20062": {
            "year_quarter": 20062,
            "year": 2006,
            "quarter": 2,
            "eps": 0.21,
            "eps_growth_year": 250,
            "eps_4q": 1.44,
            "eps_4q_growth_year": 34.84,
            "roe": 1.51,
            "roe_4q": 10.25,
            "gross_profit": 93893,
            "gross_margin": 9.39,
            "gross_margin_4q_avg": 10.08,
            "net_income": 50799,
            "net_income_4q": null,
            "revenue": 999693,
            "revenue_4q": null,
            "common_shares": 2445130,
            "book_valuer_per_share": 13.52,
            "book_valuer_per_share_4q_avg": 13.68,
            "equity": 3305936,
            "current_ratio": 154.82,
            "debt_ratio": 30.34,
            "inventory_turnover_ratio": 5.21,
            "account_receivable_turnover_ratio": null,
            "reinvestment_rate": 1.98,
            "research_to_sale_ratio": null,
            "price_fair": 99.66,
            "eps_avg_yearly": 2.85,
            "eps_latest_yearly": 0.84,
            "eps_growth_yearly": 214.33
        },
        "20063": {
            "year_quarter": 20063,
            "year": 2006,
            "quarter": 3,
            "eps": 0.37,
            "eps_growth_year": -32.73,
            "eps_4q": 1.23,
            "eps_4q_growth_year": -1.33,
            "roe": 2.72,
            "roe_4q": 8.72,
            "gross_profit": 75360,
            "gross_margin": 8.6,
            "gross_margin_4q_avg": 9.38,
            "net_income": 92143,
            "net_income_4q": null,
            "revenue": 876158,
            "revenue_4q": null,
            "common_shares": 2509023,
            "book_valuer_per_share": 13.8,
            "book_valuer_per_share_4q_avg": 13.77,
            "equity": 3462812,
            "current_ratio": 161.39,
            "debt_ratio": 28.19,
            "inventory_turnover_ratio": 2.76,
            "account_receivable_turnover_ratio": null,
            "reinvestment_rate": 2.66,
            "research_to_sale_ratio": null,
            "price_fair": 91.79,
            "eps_avg_yearly": 2.62,
            "eps_latest_yearly": 1.48,
            "eps_growth_yearly": 234.14
        },
        "20064": {
            "year_quarter": 20064,
            "year": 2006,
            "quarter": 4,
            "eps": 0.27,
            "eps_growth_year": -28.95,
            "eps_4q": 1.11,
            "eps_4q_growth_year": -2.77,
            "roe": 1.83,
            "roe_4q": 7.970000000000001,
            "gross_profit": 169127,
            "gross_margin": 12.75,
            "gross_margin_4q_avg": 10.09,
            "net_income": 68624,
            "net_income_4q": null,
            "revenue": 1326672,
            "revenue_4q": null,
            "common_shares": 2509023,
            "book_valuer_per_share": 14,
            "book_valuer_per_share_4q_avg": 13.82,
            "equity": 4042399,
            "current_ratio": 249.95,
            "debt_ratio": 32.93,
            "inventory_turnover_ratio": 1.41,
            "account_receivable_turnover_ratio": null,
            "reinvestment_rate": 53.65,
            "research_to_sale_ratio": null,
            "price_fair": 81.38,
            "eps_avg_yearly": 2.33,
            "eps_latest_yearly": 1.08,
            "eps_growth_yearly": 223.64
        },
        "20071": {
            "year_quarter": 20071,
            "year": 2007,
            "quarter": 1,
            "eps": 0.55,
            "eps_growth_year": 89.66,
            "eps_4q": 1.4,
            "eps_4q_growth_year": 7.48,
            "roe": 3.56,
            "roe_4q": 9.620000000000001,
            "gross_profit": 160120,
            "gross_margin": 14.42,
            "gross_margin_4q_avg": 11.29,
            "net_income": 137509,
            "net_income_4q": null,
            "revenue": 1110548,
            "revenue_4q": null,
            "common_shares": 2509023,
            "book_valuer_per_share": 14.71,
            "book_valuer_per_share_4q_avg": 14.01,
            "equity": 3690472,
            "current_ratio": 203.72,
            "debt_ratio": 24.35,
            "inventory_turnover_ratio": 1.09,
            "account_receivable_turnover_ratio": null,
            "reinvestment_rate": 1.08,
            "research_to_sale_ratio": null,
            "price_fair": 72.45,
            "eps_avg_yearly": 2.07,
            "eps_latest_yearly": 2.2,
            "eps_growth_yearly": 247.68
        },
        "20072": {
            "year_quarter": 20072,
            "year": 2007,
            "quarter": 2,
            "eps": 1.11,
            "eps_growth_year": 428.57,
            "eps_4q": 2.3,
            "eps_4q_growth_year": 60.4,
            "roe": 7.44,
            "roe_4q": 15.55,
            "gross_profit": 303249,
            "gross_margin": 17.68,
            "gross_margin_4q_avg": 13.36,
            "net_income": 277337,
            "net_income_4q": null,
            "revenue": 1715318,
            "revenue_4q": null,
            "common_shares": 2509023,
            "book_valuer_per_share": 15.01,
            "book_valuer_per_share_4q_avg": 14.38,
            "equity": 3767198,
            "current_ratio": 196.62,
            "debt_ratio": 32.55,
            "inventory_turnover_ratio": 2.8,
            "account_receivable_turnover_ratio": null,
            "reinvestment_rate": 0.6,
            "research_to_sale_ratio": null,
            "price_fair": 71.14,
            "eps_avg_yearly": 2.03,
            "eps_latest_yearly": 4.44,
            "eps_growth_yearly": 278.08
        },
        "20073": {
            "year_quarter": 20073,
            "year": 2007,
            "quarter": 3,
            "eps": 0.64,
            "eps_growth_year": 72.97,
            "eps_4q": 2.53,
            "eps_4q_growth_year": 106.35,
            "roe": 4.25,
            "roe_4q": 17.080000000000002,
            "gross_profit": 231882,
            "gross_margin": 13.11,
            "gross_margin_4q_avg": 14.49,
            "net_income": 163716,
            "net_income_4q": null,
            "revenue": 1769294,
            "revenue_4q": null,
            "common_shares": 2577918,
            "book_valuer_per_share": 15.25,
            "book_valuer_per_share_4q_avg": 14.74,
            "equity": 3931055,
            "current_ratio": 222.76,
            "debt_ratio": 28.97,
            "inventory_turnover_ratio": 3.36,
            "account_receivable_turnover_ratio": null,
            "reinvestment_rate": 2.22,
            "research_to_sale_ratio": null,
            "price_fair": 69.65,
            "eps_avg_yearly": 1.99,
            "eps_latest_yearly": 2.56,
            "eps_growth_yearly": 276.42
        },
        "20074": {
            "year_quarter": 20074,
            "year": 2007,
            "quarter": 4,
            "eps": 0.26,
            "eps_growth_year": -3.7,
            "eps_4q": 2.46,
            "eps_4q_growth_year": 122.5,
            "roe": 1.69,
            "roe_4q": 16.939999999999998,
            "gross_profit": 152207,
            "gross_margin": 10.85,
            "gross_margin_4q_avg": 14.02,
            "net_income": 68301,
            "net_income_4q": null,
            "revenue": 1402213,
            "revenue_4q": null,
            "common_shares": 2577918,
            "book_valuer_per_share": 15.55,
            "book_valuer_per_share_4q_avg": 15.13,
            "equity": 4146620,
            "current_ratio": 235.62,
            "debt_ratio": 33.04,
            "inventory_turnover_ratio": 1.76,
            "account_receivable_turnover_ratio": null,
            "reinvestment_rate": -2.65,
            "research_to_sale_ratio": null,
            "price_fair": 60.38,
            "eps_avg_yearly": 1.73,
            "eps_latest_yearly": 1.04,
            "eps_growth_yearly": 245.83
        },
        "20081": {
            "year_quarter": 20081,
            "year": 2008,
            "quarter": 1,
            "eps": 0.17,
            "eps_growth_year": -69.09,
            "eps_4q": 2.18,
            "eps_4q_growth_year": 56.39,
            "roe": 1.06,
            "roe_4q": 14.440000000000001,
            "gross_profit": 137603,
            "gross_margin": 12.05,
            "gross_margin_4q_avg": 13.42,
            "net_income": 42998,
            "net_income_4q": null,
            "revenue": 1141839,
            "revenue_4q": null,
            "common_shares": 2577918,
            "book_valuer_per_share": 14.98,
            "book_valuer_per_share_4q_avg": 15.2,
            "equity": 3998693,
            "current_ratio": 244.77,
            "debt_ratio": 31.89,
            "inventory_turnover_ratio": 1.03,
            "account_receivable_turnover_ratio": null,
            "reinvestment_rate": 75.41,
            "research_to_sale_ratio": null,
            "price_fair": 53.64,
            "eps_avg_yearly": 1.53,
            "eps_latest_yearly": 0.68,
            "eps_growth_yearly": 244.38
        },
        "20082": {
            "year_quarter": 20082,
            "year": 2008,
            "quarter": 2,
            "eps": -0.21,
            "eps_growth_year": -118.92,
            "eps_4q": 0.86,
            "eps_4q_growth_year": -62.83,
            "roe": -1.42,
            "roe_4q": 5.58,
            "gross_profit": 90761,
            "gross_margin": 7.46,
            "gross_margin_4q_avg": 10.87,
            "net_income": -54080,
            "net_income_4q": null,
            "revenue": 1217364,
            "revenue_4q": null,
            "common_shares": 2577918,
            "book_valuer_per_share": 13.52,
            "book_valuer_per_share_4q_avg": 14.83,
            "equity": 3622656,
            "current_ratio": 189.44,
            "debt_ratio": 37.78,
            "inventory_turnover_ratio": 1.27,
            "account_receivable_turnover_ratio": null,
            "reinvestment_rate": 84.43,
            "research_to_sale_ratio": null,
            "price_fair": 56.19,
            "eps_avg_yearly": 1.61,
            "eps_latest_yearly": 0.68,
            "eps_growth_yearly": 284.21
        },
        "20083": {
            "year_quarter": 20083,
            "year": 2008,
            "quarter": 3,
            "eps": -0.1,
            "eps_growth_year": -115.62,
            "eps_4q": 0.11,
            "eps_4q_growth_year": -95.63,
            "roe": -0.75,
            "roe_4q": 0.5800000000000001,
            "gross_profit": 183799,
            "gross_margin": 14.13,
            "gross_margin_4q_avg": 11.12,
            "net_income": -27512,
            "net_income_4q": null,
            "revenue": 1300539,
            "revenue_4q": null,
            "common_shares": 2664407,
            "book_valuer_per_share": 13.6,
            "book_valuer_per_share_4q_avg": 14.41,
            "equity": 3760693,
            "current_ratio": 198.85,
            "debt_ratio": 35.4,
            "inventory_turnover_ratio": 1.17,
            "account_receivable_turnover_ratio": null,
            "reinvestment_rate": 94.43,
            "research_to_sale_ratio": null,
            "price_fair": 55.4,
            "eps_avg_yearly": 1.58,
            "eps_latest_yearly": 0.68,
            "eps_growth_yearly": 208.41
        },
        "20084": {
            "year_quarter": 20084,
            "year": 2008,
            "quarter": 4,
            "eps": 0.02,
            "eps_growth_year": -92.31,
            "eps_4q": -0.1,
            "eps_4q_growth_year": -104.22,
            "roe": 0.17,
            "roe_4q": -0.94,
            "gross_profit": 169274,
            "gross_margin": 11.99,
            "gross_margin_4q_avg": 11.41,
            "net_income": 6286,
            "net_income_4q": null,
            "revenue": 1411790,
            "revenue_4q": null,
            "common_shares": 2664407,
            "book_valuer_per_share": 13.83,
            "book_valuer_per_share_4q_avg": 13.98,
            "equity": 3833867,
            "current_ratio": 205.62,
            "debt_ratio": 33.09,
            "inventory_turnover_ratio": 1.31,
            "account_receivable_turnover_ratio": 3.01,
            "reinvestment_rate": 1.25,
            "research_to_sale_ratio": null,
            "price_fair": 54.06,
            "eps_avg_yearly": 1.54,
            "eps_latest_yearly": 0.68,
            "eps_growth_yearly": 221.88
        },
        "20091": {
            "year_quarter": 20091,
            "year": 2009,
            "quarter": 1,
            "eps": -0.23,
            "eps_growth_year": -235.29,
            "eps_4q": -0.51,
            "eps_4q_growth_year": -123.32,
            "roe": -1.6,
            "roe_4q": -3.6,
            "gross_profit": 41229,
            "gross_margin": 7.08,
            "gross_margin_4q_avg": 10.17,
            "net_income": -61484,
            "net_income_4q": null,
            "revenue": 582302,
            "revenue_4q": null,
            "common_shares": 2664407,
            "book_valuer_per_share": 13.96,
            "book_valuer_per_share_4q_avg": 13.73,
            "equity": 3865805,
            "current_ratio": 300.27,
            "debt_ratio": 22.2,
            "inventory_turnover_ratio": 0.64,
            "account_receivable_turnover_ratio": 0.87,
            "reinvestment_rate": 122.64,
            "research_to_sale_ratio": null,
            "price_fair": 56.7,
            "eps_avg_yearly": 1.62,
            "eps_latest_yearly": 0.68,
            "eps_growth_yearly": 263.45
        },
        "20092": {
            "year_quarter": 20092,
            "year": 2009,
            "quarter": 2,
            "eps": -0.2,
            "eps_growth_year": null,
            "eps_4q": -0.5,
            "eps_4q_growth_year": -158.23,
            "roe": -1.38,
            "roe_4q": -3.56,
            "gross_profit": 74660,
            "gross_margin": 9.06,
            "gross_margin_4q_avg": 10.57,
            "net_income": -51891,
            "net_income_4q": null,
            "revenue": 823603,
            "revenue_4q": null,
            "common_shares": 2664407,
            "book_valuer_per_share": 13.17,
            "book_valuer_per_share_4q_avg": 13.64,
            "equity": 3654928,
            "current_ratio": 261.23,
            "debt_ratio": 25.29,
            "inventory_turnover_ratio": 0.95,
            "account_receivable_turnover_ratio": 1.75,
            "reinvestment_rate": 132.68,
            "research_to_sale_ratio": null,
            "price_fair": 61.09,
            "eps_avg_yearly": 1.75,
            "eps_latest_yearly": 0.68,
            "eps_growth_yearly": 310.12
        },
        "20093": {
            "year_quarter": 20093,
            "year": 2009,
            "quarter": 3,
            "eps": 0.17,
            "eps_growth_year": null,
            "eps_4q": -0.24,
            "eps_4q_growth_year": -321.57,
            "roe": 1.17,
            "roe_4q": -1.6400000000000001,
            "gross_profit": 175869,
            "gross_margin": 15.79,
            "gross_margin_4q_avg": 10.98,
            "net_income": 42813,
            "net_income_4q": null,
            "revenue": 1113784,
            "revenue_4q": null,
            "common_shares": 2664407,
            "book_valuer_per_share": 13.13,
            "book_valuer_per_share_4q_avg": 13.52,
            "equity": 3642557,
            "current_ratio": 228.65,
            "debt_ratio": 29.48,
            "inventory_turnover_ratio": 1.24,
            "account_receivable_turnover_ratio": 1.64,
            "reinvestment_rate": 141.45,
            "research_to_sale_ratio": null,
            "price_fair": 41.6,
            "eps_avg_yearly": 1.7,
            "eps_latest_yearly": 0.68,
            "eps_growth_yearly": 14.47
        },
        "20094": {
            "year_quarter": 20094,
            "year": 2009,
            "quarter": 4,
            "eps": 0.39,
            "eps_growth_year": 1850,
            "eps_4q": 0.13,
            "eps_4q_growth_year": null,
            "roe": 2.77,
            "roe_4q": 0.96,
            "gross_profit": 234119,
            "gross_margin": 18.15,
            "gross_margin_4q_avg": 12.52,
            "net_income": 102227,
            "net_income_4q": null,
            "revenue": 1289700,
            "revenue_4q": null,
            "common_shares": 2664407,
            "book_valuer_per_share": 13.64,
            "book_valuer_per_share_4q_avg": 13.48,
            "equity": 3729102,
            "current_ratio": 238.59,
            "debt_ratio": 29.24,
            "inventory_turnover_ratio": 1.44,
            "account_receivable_turnover_ratio": 2.84,
            "reinvestment_rate": -11.53,
            "research_to_sale_ratio": null,
            "price_fair": 59.64,
            "eps_avg_yearly": 1.7,
            "eps_latest_yearly": 1.56,
            "eps_growth_yearly": 78.6
        },
        "20101": {
            "year_quarter": 20101,
            "year": 2010,
            "quarter": 1,
            "eps": 0.01,
            "eps_growth_year": null,
            "eps_4q": 0.37,
            "eps_4q_growth_year": null,
            "roe": 0.06,
            "roe_4q": 2.62,
            "gross_profit": 141027,
            "gross_margin": 16.87,
            "gross_margin_4q_avg": 14.97,
            "net_income": 2081,
            "net_income_4q": null,
            "revenue": 835918,
            "revenue_4q": null,
            "common_shares": 2664407,
            "book_valuer_per_share": 13.58,
            "book_valuer_per_share_4q_avg": 13.38,
            "equity": 3714385,
            "current_ratio": 289.5,
            "debt_ratio": 25.49,
            "inventory_turnover_ratio": 0.94,
            "account_receivable_turnover_ratio": 1.13,
            "reinvestment_rate": 131.06,
            "research_to_sale_ratio": 3.75,
            "price_fair": 55.72,
            "eps_avg_yearly": 1.59,
            "eps_latest_yearly": 0.04,
            "eps_growth_yearly": 49.1
        },
        "20102": {
            "year_quarter": 20102,
            "year": 2010,
            "quarter": 2,
            "eps": 0.44,
            "eps_growth_year": null,
            "eps_4q": 1.01,
            "eps_4q_growth_year": null,
            "roe": 3.08,
            "roe_4q": 7.08,
            "gross_profit": 211857,
            "gross_margin": 18.03,
            "gross_margin_4q_avg": 17.21,
            "net_income": 115719,
            "net_income_4q": null,
            "revenue": 1174922,
            "revenue_4q": null,
            "common_shares": 2664407,
            "book_valuer_per_share": 13.92,
            "book_valuer_per_share_4q_avg": 13.57,
            "equity": 3803066,
            "current_ratio": 245.99,
            "debt_ratio": 29.16,
            "inventory_turnover_ratio": 1.14,
            "account_receivable_turnover_ratio": 1.68,
            "reinvestment_rate": 113.1,
            "research_to_sale_ratio": 2.59,
            "price_fair": 58.94,
            "eps_avg_yearly": 1.68,
            "eps_latest_yearly": 1.76,
            "eps_growth_yearly": 1780.13
        },
        "20103": {
            "year_quarter": 20103,
            "year": 2010,
            "quarter": 3,
            "eps": 0.46,
            "eps_growth_year": 168.4,
            "eps_4q": 1.3,
            "eps_4q_growth_year": null,
            "roe": 3.08,
            "roe_4q": 8.99,
            "gross_profit": 219894,
            "gross_margin": 15.31,
            "gross_margin_4q_avg": 17.09,
            "net_income": 118278,
            "net_income_4q": null,
            "revenue": 1436535,
            "revenue_4q": null,
            "common_shares": 2664407,
            "book_valuer_per_share": 14.17,
            "book_valuer_per_share_4q_avg": 13.83,
            "equity": 3887690,
            "current_ratio": 235.18,
            "debt_ratio": 31.53,
            "inventory_turnover_ratio": 1.26,
            "account_receivable_turnover_ratio": 1.53,
            "reinvestment_rate": 105.68,
            "research_to_sale_ratio": 2.23,
            "price_fair": 60.2,
            "eps_avg_yearly": 1.72,
            "eps_latest_yearly": 1.84,
            "eps_growth_yearly": 1751.47
        },
        "20104": {
            "year_quarter": 20104,
            "year": 2010,
            "quarter": 4,
            "eps": 0.1,
            "eps_growth_year": -73.51,
            "eps_4q": 1.01,
            "eps_4q_growth_year": 658.62,
            "roe": 0.64,
            "roe_4q": 6.86,
            "gross_profit": 128162,
            "gross_margin": 9.62,
            "gross_margin_4q_avg": 14.96,
            "net_income": 24532,
            "net_income_4q": null,
            "revenue": 1332318,
            "revenue_4q": null,
            "common_shares": 2664407,
            "book_valuer_per_share": 13.62,
            "book_valuer_per_share_4q_avg": 13.82,
            "equity": 3742026,
            "current_ratio": 242.5,
            "debt_ratio": 30.56,
            "inventory_turnover_ratio": 1.24,
            "account_receivable_turnover_ratio": 1.36,
            "reinvestment_rate": -40.28,
            "research_to_sale_ratio": 2.33,
            "price_fair": 57.82,
            "eps_avg_yearly": 1.65,
            "eps_latest_yearly": 0.4,
            "eps_growth_yearly": 1730.98
        },
        "20111": {
            "year_quarter": 20111,
            "year": 2011,
            "quarter": 1,
            "eps": -0.01,
            "eps_growth_year": -200,
            "eps_4q": 1,
            "eps_4q_growth_year": 170.85,
            "roe": -0.05,
            "roe_4q": 6.75,
            "gross_profit": 98182,
            "gross_margin": 9.86,
            "gross_margin_4q_avg": 13.21,
            "net_income": -1748,
            "net_income_4q": null,
            "revenue": 995666,
            "revenue_4q": null,
            "common_shares": 2664407,
            "book_valuer_per_share": 13.77,
            "book_valuer_per_share_4q_avg": 13.87,
            "equity": 3777768,
            "current_ratio": 269.81,
            "debt_ratio": 27.64,
            "inventory_turnover_ratio": 0.95,
            "account_receivable_turnover_ratio": 1.26,
            "reinvestment_rate": 116.67,
            "research_to_sale_ratio": 3.17,
            "price_fair": 55.69,
            "eps_avg_yearly": 1.59,
            "eps_latest_yearly": 0.4,
            "eps_growth_yearly": 1877.22
        },
        "20112": {
            "year_quarter": 20112,
            "year": 2011,
            "quarter": 2,
            "eps": -0.02,
            "eps_growth_year": -103.9,
            "eps_4q": 0.55,
            "eps_4q_growth_year": -45.84,
            "roe": -0.19,
            "roe_4q": 3.48,
            "gross_profit": 68298,
            "gross_margin": 5.97,
            "gross_margin_4q_avg": 10.19,
            "net_income": -7053,
            "net_income_4q": null,
            "revenue": 1143364,
            "revenue_4q": null,
            "common_shares": 2628107,
            "book_valuer_per_share": 12.73,
            "book_valuer_per_share_4q_avg": 13.57,
            "equity": 3502378,
            "current_ratio": 213.12,
            "debt_ratio": 33.46,
            "inventory_turnover_ratio": 1.11,
            "account_receivable_turnover_ratio": 1.36,
            "reinvestment_rate": 178.79,
            "research_to_sale_ratio": 2.72,
            "price_fair": 43.23,
            "eps_avg_yearly": 1.24,
            "eps_latest_yearly": 0.4,
            "eps_growth_yearly": 2060.96
        },
        "20113": {
            "year_quarter": 20113,
            "year": 2011,
            "quarter": 3,
            "eps": -0.24,
            "eps_growth_year": -153.13,
            "eps_4q": -0.15,
            "eps_4q_growth_year": -111.81,
            "roe": -1.84,
            "roe_4q": -1.44,
            "gross_profit": 59640,
            "gross_margin": 4.82,
            "gross_margin_4q_avg": 7.57,
            "net_income": -66016,
            "net_income_4q": null,
            "revenue": 1238562,
            "revenue_4q": null,
            "common_shares": 2628107,
            "book_valuer_per_share": 13.33,
            "book_valuer_per_share_4q_avg": 13.36,
            "equity": 3658542,
            "current_ratio": 210.62,
            "debt_ratio": 32.93,
            "inventory_turnover_ratio": 1.13,
            "account_receivable_turnover_ratio": 1.19,
            "reinvestment_rate": 354.83,
            "research_to_sale_ratio": 2.57,
            "price_fair": 36.6,
            "eps_avg_yearly": 1.05,
            "eps_latest_yearly": 0.4,
            "eps_growth_yearly": 2379.58
        },
        "20114": {
            "year_quarter": 20114,
            "year": 2011,
            "quarter": 4,
            "eps": -0.91,
            "eps_growth_year": -983.21,
            "eps_4q": -1.17,
            "eps_4q_growth_year": -215.78,
            "roe": -6.94,
            "roe_4q": -9.020000000000001,
            "gross_profit": -21927,
            "gross_margin": -1.59,
            "gross_margin_4q_avg": 4.77,
            "net_income": -245604,
            "net_income_4q": null,
            "revenue": 1379386,
            "revenue_4q": null,
            "common_shares": 2628107,
            "book_valuer_per_share": 12.43,
            "book_valuer_per_share_4q_avg": 13.07,
            "equity": 3416677,
            "current_ratio": 187.66,
            "debt_ratio": 33.46,
            "inventory_turnover_ratio": 1.41,
            "account_receivable_turnover_ratio": 1.29,
            "reinvestment_rate": null,
            "research_to_sale_ratio": 2.63,
            "price_fair": 36.63,
            "eps_avg_yearly": 1.05,
            "eps_latest_yearly": 0.4,
            "eps_growth_yearly": 2815.76
        },
        "20121": {
            "year_quarter": 20121,
            "year": 2012,
            "quarter": 1,
            "eps": -0.16,
            "eps_growth_year": null,
            "eps_4q": -1.33,
            "eps_4q_growth_year": -232.27,
            "roe": -1.25,
            "roe_4q": -10.22,
            "gross_profit": 80578,
            "gross_margin": 7.91,
            "gross_margin_4q_avg": 4.28,
            "net_income": -42134,
            "net_income_4q": null,
            "revenue": 1019025,
            "revenue_4q": null,
            "common_shares": 2628107,
            "book_valuer_per_share": 12.03,
            "book_valuer_per_share_4q_avg": 12.63,
            "equity": 3311453,
            "current_ratio": 187.45,
            "debt_ratio": 32.3,
            "inventory_turnover_ratio": 1.04,
            "account_receivable_turnover_ratio": 1.12,
            "reinvestment_rate": null,
            "research_to_sale_ratio": 2.32,
            "price_fair": 39.2,
            "eps_avg_yearly": 1.12,
            "eps_latest_yearly": 0.4,
            "eps_growth_yearly": 3406.61
        },
        "20122": {
            "year_quarter": 20122,
            "year": 2012,
            "quarter": 2,
            "eps": 0.16,
            "eps_growth_year": null,
            "eps_4q": -1.15,
            "eps_4q_growth_year": -311.19,
            "roe": 1.21,
            "roe_4q": -8.82,
            "gross_profit": 188582,
            "gross_margin": 13.38,
            "gross_margin_4q_avg": 6.13,
            "net_income": 40247,
            "net_income_4q": null,
            "revenue": 1409133,
            "revenue_4q": null,
            "common_shares": 2628107,
            "book_valuer_per_share": 12.25,
            "book_valuer_per_share_4q_avg": 12.51,
            "equity": 3363176,
            "current_ratio": 171.1,
            "debt_ratio": 37.06,
            "inventory_turnover_ratio": 1.36,
            "account_receivable_turnover_ratio": 1.34,
            "reinvestment_rate": null,
            "research_to_sale_ratio": 1.53,
            "price_fair": 39.2,
            "eps_avg_yearly": 1.12,
            "eps_latest_yearly": 0.4,
            "eps_growth_yearly": 3406.61
        },
        "20123": {
            "year_quarter": 20123,
            "year": 2012,
            "quarter": 3,
            "eps": 0.35,
            "eps_growth_year": null,
            "eps_4q": -0.57,
            "eps_4q_growth_year": null,
            "roe": 2.58,
            "roe_4q": -4.4,
            "gross_profit": 218891,
            "gross_margin": 15.89,
            "gross_margin_4q_avg": 8.9,
            "net_income": 87086,
            "net_income_4q": null,
            "revenue": 1377800,
            "revenue_4q": null,
            "common_shares": 2628107,
            "book_valuer_per_share": 12.52,
            "book_valuer_per_share_4q_avg": 12.31,
            "equity": 3394659,
            "current_ratio": 176.72,
            "debt_ratio": 36.2,
            "inventory_turnover_ratio": 1.23,
            "account_receivable_turnover_ratio": 1.11,
            "reinvestment_rate": -333.39,
            "research_to_sale_ratio": 1.71,
            "price_fair": 40.83,
            "eps_avg_yearly": 1.17,
            "eps_latest_yearly": 1.4,
            "eps_growth_yearly": 2918.01
        },
        "20124": {
            "year_quarter": 20124,
            "year": 2012,
            "quarter": 4,
            "eps": 0.34,
            "eps_growth_year": null,
            "eps_4q": 0.72,
            "eps_4q_growth_year": null,
            "roe": 2.32,
            "roe_4q": 4.86,
            "gross_profit": 218182,
            "gross_margin": 14.29,
            "gross_margin_4q_avg": 12.87,
            "net_income": 77306,
            "net_income_4q": null,
            "revenue": 1526964,
            "revenue_4q": null,
            "common_shares": 2388151,
            "book_valuer_per_share": 13.03,
            "book_valuer_per_share_4q_avg": 12.46,
            "equity": 3258924,
            "current_ratio": 167.57,
            "debt_ratio": 37.1,
            "inventory_turnover_ratio": 1.4,
            "account_receivable_turnover_ratio": 1.32,
            "reinvestment_rate": -240.05,
            "research_to_sale_ratio": 1.79,
            "price_fair": 41.8,
            "eps_avg_yearly": 1.19,
            "eps_latest_yearly": 1.36,
            "eps_growth_yearly": 2499.52
        },
        "20131": {
            "year_quarter": 20131,
            "year": 2013,
            "quarter": 1,
            "eps": 0.02,
            "eps_growth_year": null,
            "eps_4q": 0.93,
            "eps_4q_growth_year": null,
            "roe": 0.17,
            "roe_4q": 6.28,
            "gross_profit": 132268,
            "gross_margin": 15.67,
            "gross_margin_4q_avg": 14.81,
            "net_income": 5507,
            "net_income_4q": null,
            "revenue": 844224,
            "revenue_4q": null,
            "common_shares": 2388151,
            "book_valuer_per_share": 13.29,
            "book_valuer_per_share_4q_avg": 12.77,
            "equity": 3317730,
            "current_ratio": 196.89,
            "debt_ratio": 32.48,
            "inventory_turnover_ratio": 0.81,
            "account_receivable_turnover_ratio": 0.94,
            "reinvestment_rate": -36.82,
            "research_to_sale_ratio": 2.41,
            "price_fair": 36.93,
            "eps_avg_yearly": 1.06,
            "eps_latest_yearly": 0.08,
            "eps_growth_yearly": 2140.02
        },
        "20132": {
            "year_quarter": 20132,
            "year": 2013,
            "quarter": 2,
            "eps": -0.14,
            "eps_growth_year": -187.35,
            "eps_4q": 0.64,
            "eps_4q_growth_year": null,
            "roe": -1.04,
            "roe_4q": 4.029999999999999,
            "gross_profit": 122879,
            "gross_margin": 12.84,
            "gross_margin_4q_avg": 14.67,
            "net_income": -33600,
            "net_income_4q": null,
            "revenue": 957263,
            "revenue_4q": null,
            "common_shares": 2388151,
            "book_valuer_per_share": 12.68,
            "book_valuer_per_share_4q_avg": 12.88,
            "equity": 3164969,
            "current_ratio": 171.73,
            "debt_ratio": 37.55,
            "inventory_turnover_ratio": 0.84,
            "account_receivable_turnover_ratio": 1.49,
            "reinvestment_rate": -35.65,
            "research_to_sale_ratio": 2.15,
            "price_fair": 36.93,
            "eps_avg_yearly": 1.06,
            "eps_latest_yearly": 0.08,
            "eps_growth_yearly": 2140.02
        },
        "20133": {
            "year_quarter": 20133,
            "year": 2013,
            "quarter": 3,
            "eps": 4.71,
            "eps_growth_year": 1252.11,
            "eps_4q": 4.97,
            "eps_4q_growth_year": null,
            "roe": 41.32,
            "roe_4q": 42.77,
            "gross_profit": 1830521,
            "gross_margin": 52.21,
            "gross_margin_4q_avg": 23.75,
            "net_income": 1642277,
            "net_income_4q": null,
            "revenue": 3506093,
            "revenue_4q": null,
            "common_shares": 2388151,
            "book_valuer_per_share": 17.29,
            "book_valuer_per_share_4q_avg": 14.07,
            "equity": 4783869,
            "current_ratio": 284.24,
            "debt_ratio": 30.36,
            "inventory_turnover_ratio": 1.54,
            "account_receivable_turnover_ratio": 2.06,
            "reinvestment_rate": -4.73,
            "research_to_sale_ratio": 1.1,
            "price_fair": 36.93,
            "eps_avg_yearly": 1.06,
            "eps_latest_yearly": 0.08,
            "eps_growth_yearly": 2140.02
        },
        "20134": {
            "year_quarter": 20134,
            "year": 2013,
            "quarter": 4,
            "eps": -0.05,
            "eps_growth_year": -114.29,
            "eps_4q": 4.58,
            "eps_4q_growth_year": 535.1,
            "roe": -0.23,
            "roe_4q": 40.220000000000006,
            "gross_profit": 77541,
            "gross_margin": 6.61,
            "gross_margin_4q_avg": 21.83,
            "net_income": -10977,
            "net_income_4q": null,
            "revenue": 1172862,
            "revenue_4q": null,
            "common_shares": 2388151,
            "book_valuer_per_share": 17.37,
            "book_valuer_per_share_4q_avg": 15.16,
            "equity": 4802681,
            "current_ratio": 289.75,
            "debt_ratio": 29.52,
            "inventory_turnover_ratio": 1.06,
            "account_receivable_turnover_ratio": 0.65,
            "reinvestment_rate": 3.85,
            "research_to_sale_ratio": 0.64,
            "price_fair": 34.4,
            "eps_avg_yearly": 0.98,
            "eps_latest_yearly": 0.08,
            "eps_growth_yearly": 2371.79
        },
        "20141": {
            "year_quarter": 20141,
            "year": 2014,
            "quarter": 1,
            "eps": -0.04,
            "eps_growth_year": -300,
            "eps_4q": 4.51,
            "eps_4q_growth_year": 387.29,
            "roe": -0.08,
            "roe_4q": 39.97,
            "gross_profit": 89267,
            "gross_margin": 11.29,
            "gross_margin_4q_avg": 20.74,
            "net_income": -3584,
            "net_income_4q": null,
            "revenue": 790963,
            "revenue_4q": null,
            "common_shares": 2388151,
            "book_valuer_per_share": 17.38,
            "book_valuer_per_share_4q_avg": 16.18,
            "equity": 4628364,
            "current_ratio": 327.06,
            "debt_ratio": 26.62,
            "inventory_turnover_ratio": 0.75,
            "account_receivable_turnover_ratio": 1.11,
            "reinvestment_rate": 1,
            "research_to_sale_ratio": 2.31,
            "price_fair": 39.9,
            "eps_avg_yearly": 1.14,
            "eps_latest_yearly": 0.08,
            "eps_growth_yearly": 2832.04
        },
        "20142": {
            "year_quarter": 20142,
            "year": 2014,
            "quarter": 2,
            "eps": -0.2,
            "eps_growth_year": null,
            "eps_4q": 4.43,
            "eps_4q_growth_year": 597.11,
            "roe": -1.01,
            "roe_4q": 40,
            "gross_profit": 75130,
            "gross_margin": 8.96,
            "gross_margin_4q_avg": 19.77,
            "net_income": -42784,
            "net_income_4q": null,
            "revenue": 838269,
            "revenue_4q": null,
            "common_shares": 2388151,
            "book_valuer_per_share": 13.94,
            "book_valuer_per_share_4q_avg": 16.5,
            "equity": 3873063,
            "current_ratio": 198.13,
            "debt_ratio": 39.07,
            "inventory_turnover_ratio": 0.84,
            "account_receivable_turnover_ratio": 1.41,
            "reinvestment_rate": 2.91,
            "research_to_sale_ratio": 2.03,
            "price_fair": 3.05,
            "eps_avg_yearly": 1.02,
            "eps_latest_yearly": 0.08,
            "eps_growth_yearly": -41.55
        },
        "20143": {
            "year_quarter": 20143,
            "year": 2014,
            "quarter": 3,
            "eps": -0.4,
            "eps_growth_year": -108.49,
            "eps_4q": -0.68,
            "eps_4q_growth_year": -113.67,
            "roe": -3.76,
            "roe_4q": -5.08,
            "gross_profit": 94083,
            "gross_margin": 9.08,
            "gross_margin_4q_avg": 8.99,
            "net_income": -140839,
            "net_income_4q": null,
            "revenue": 1035588,
            "revenue_4q": null,
            "common_shares": 2388151,
            "book_valuer_per_share": 13.72,
            "book_valuer_per_share_4q_avg": 15.6,
            "equity": 3622422,
            "current_ratio": 210.19,
            "debt_ratio": 36.78,
            "inventory_turnover_ratio": 1.01,
            "account_receivable_turnover_ratio": 1.48,
            "reinvestment_rate": -13.78,
            "research_to_sale_ratio": 1.54,
            "price_fair": 2.43,
            "eps_avg_yearly": 0.81,
            "eps_latest_yearly": 0.08,
            "eps_growth_yearly": -56.49
        },
        "20144": {
            "year_quarter": 20144,
            "year": 2014,
            "quarter": 4,
            "eps": -0.13,
            "eps_growth_year": null,
            "eps_4q": -0.76,
            "eps_4q_growth_year": -116.5,
            "roe": -0.85,
            "roe_4q": -5.699999999999999,
            "gross_profit": 65762,
            "gross_margin": 6.04,
            "gross_margin_4q_avg": 8.84,
            "net_income": -31070,
            "net_income_4q": null,
            "revenue": 1088893,
            "revenue_4q": null,
            "common_shares": 2388151,
            "book_valuer_per_share": 13.94,
            "book_valuer_per_share_4q_avg": 14.75,
            "equity": 3650759,
            "current_ratio": 205.81,
            "debt_ratio": 36.44,
            "inventory_turnover_ratio": 1.2,
            "account_receivable_turnover_ratio": 1.47,
            "reinvestment_rate": 0.65,
            "research_to_sale_ratio": 1.66,
            "price_fair": 33.13,
            "eps_avg_yearly": 0.95,
            "eps_latest_yearly": 0.08,
            "eps_growth_yearly": 29.03
        },
        "20151": {
            "year_quarter": 20151,
            "year": 2015,
            "quarter": 1,
            "eps": 0.14,
            "eps_growth_year": null,
            "eps_4q": -0.58,
            "eps_4q_growth_year": -112.76,
            "roe": 0.91,
            "roe_4q": -4.71,
            "gross_profit": 117304,
            "gross_margin": 14.1,
            "gross_margin_4q_avg": 9.55,
            "net_income": 33175,
            "net_income_4q": null,
            "revenue": 831945,
            "revenue_4q": null,
            "common_shares": 2388151,
            "book_valuer_per_share": 13.91,
            "book_valuer_per_share_4q_avg": 13.88,
            "equity": 3658982,
            "current_ratio": 252.23,
            "debt_ratio": 31.62,
            "inventory_turnover_ratio": 0.97,
            "account_receivable_turnover_ratio": 1.34,
            "reinvestment_rate": -3.76,
            "research_to_sale_ratio": 1.92,
            "price_fair": 33.13,
            "eps_avg_yearly": 0.95,
            "eps_latest_yearly": 0.08,
            "eps_growth_yearly": 29.03
        },
        "20152": {
            "year_quarter": 20152,
            "year": 2015,
            "quarter": 2,
            "eps": 0.05,
            "eps_growth_year": null,
            "eps_4q": -0.33,
            "eps_4q_growth_year": -107.41,
            "roe": 0.38,
            "roe_4q": -3.32,
            "gross_profit": 137541,
            "gross_margin": 14.62,
            "gross_margin_4q_avg": 10.96,
            "net_income": 13248,
            "net_income_4q": null,
            "revenue": 940729,
            "revenue_4q": null,
            "common_shares": 2388151,
            "book_valuer_per_share": 12.79,
            "book_valuer_per_share_4q_avg": 13.59,
            "equity": 3383467,
            "current_ratio": 198.17,
            "debt_ratio": 38.25,
            "inventory_turnover_ratio": 1.1,
            "account_receivable_turnover_ratio": 1.5,
            "reinvestment_rate": -6.85,
            "research_to_sale_ratio": 1.85,
            "price_fair": 2.28,
            "eps_avg_yearly": 0.76,
            "eps_latest_yearly": 0.2,
            "eps_growth_yearly": -42.51
        },
        "20153": {
            "year_quarter": 20153,
            "year": 2015,
            "quarter": 3,
            "eps": 0.63,
            "eps_growth_year": null,
            "eps_4q": 0.7,
            "eps_4q_growth_year": null,
            "roe": 4.42,
            "roe_4q": 4.86,
            "gross_profit": 232812,
            "gross_margin": 18.64,
            "gross_margin_4q_avg": 13.35,
            "net_income": 154622,
            "net_income_4q": null,
            "revenue": 1249271,
            "revenue_4q": null,
            "common_shares": 2388151,
            "book_valuer_per_share": 13.78,
            "book_valuer_per_share_4q_avg": 13.61,
            "equity": 3609033,
            "current_ratio": 211.65,
            "debt_ratio": 37.63,
            "inventory_turnover_ratio": 1.3,
            "account_receivable_turnover_ratio": 1.45,
            "reinvestment_rate": -13.73,
            "research_to_sale_ratio": 1.49,
            "price_fair": 38.92,
            "eps_avg_yearly": 1.11,
            "eps_latest_yearly": 2.52,
            "eps_growth_yearly": 893.99
        },
        "20154": {
            "year_quarter": 20154,
            "year": 2015,
            "quarter": 4,
            "eps": 0.39,
            "eps_growth_year": null,
            "eps_4q": 1.22,
            "eps_4q_growth_year": null,
            "roe": 2.49,
            "roe_4q": 8.2,
            "gross_profit": 239799,
            "gross_margin": 20.36,
            "gross_margin_4q_avg": 16.93,
            "net_income": 90820,
            "net_income_4q": null,
            "revenue": 1177890,
            "revenue_4q": null,
            "common_shares": 2388151,
            "book_valuer_per_share": 14.01,
            "book_valuer_per_share_4q_avg": 13.62,
            "equity": 3688238,
            "current_ratio": 235.76,
            "debt_ratio": 35.21,
            "inventory_turnover_ratio": 1.25,
            "account_receivable_turnover_ratio": 1.25,
            "reinvestment_rate": -10.48,
            "research_to_sale_ratio": 1.65,
            "price_fair": 41.53,
            "eps_avg_yearly": 1.19,
            "eps_latest_yearly": 1.56,
            "eps_growth_yearly": 719.6
        },
        "20161": {
            "year_quarter": 20161,
            "year": 2016,
            "quarter": 1,
            "eps": 0.28,
            "eps_growth_year": 100,
            "eps_4q": 1.35,
            "eps_4q_growth_year": null,
            "roe": 1.81,
            "roe_4q": 9.100000000000001,
            "gross_profit": 173705,
            "gross_margin": 23.4,
            "gross_margin_4q_avg": 19.26,
            "net_income": 67047,
            "net_income_4q": null,
            "revenue": 742426,
            "revenue_4q": null,
            "common_shares": 2388151,
            "book_valuer_per_share": 14.19,
            "book_valuer_per_share_4q_avg": 13.69,
            "equity": 3730934,
            "current_ratio": 269.11,
            "debt_ratio": 31.98,
            "inventory_turnover_ratio": 0.85,
            "account_receivable_turnover_ratio": 1.1,
            "reinvestment_rate": -9.04,
            "research_to_sale_ratio": 2.18,
            "price_fair": 41.2,
            "eps_avg_yearly": 1.18,
            "eps_latest_yearly": 1.12,
            "eps_growth_yearly": 600.68
        },
        "20162": {
            "year_quarter": 20162,
            "year": 2016,
            "quarter": 2,
            "eps": 0.29,
            "eps_growth_year": 480,
            "eps_4q": 1.59,
            "eps_4q_growth_year": null,
            "roe": 1.97,
            "roe_4q": 10.690000000000001,
            "gross_profit": 161322,
            "gross_margin": 20.69,
            "gross_margin_4q_avg": 20.77,
            "net_income": 71161,
            "net_income_4q": null,
            "revenue": 779881,
            "revenue_4q": null,
            "common_shares": 2388151,
            "book_valuer_per_share": 13.25,
            "book_valuer_per_share_4q_avg": 13.81,
            "equity": 3508055,
            "current_ratio": 223.19,
            "debt_ratio": 37.2,
            "inventory_turnover_ratio": 0.92,
            "account_receivable_turnover_ratio": 1.58,
            "reinvestment_rate": -11.98,
            "research_to_sale_ratio": 2.01,
            "price_fair": 41.13,
            "eps_avg_yearly": 1.18,
            "eps_latest_yearly": 1.16,
            "eps_growth_yearly": 527.38
        },
        "20163": {
            "year_quarter": 20163,
            "year": 2016,
            "quarter": 3,
            "eps": 0.38,
            "eps_growth_year": -39.68,
            "eps_4q": 1.34,
            "eps_4q_growth_year": 91.93,
            "roe": 2.57,
            "roe_4q": 8.84,
            "gross_profit": 237780,
            "gross_margin": 23.73,
            "gross_margin_4q_avg": 22.05,
            "net_income": 90341,
            "net_income_4q": null,
            "revenue": 1002194,
            "revenue_4q": null,
            "common_shares": 2388151,
            "book_valuer_per_share": 13.33,
            "book_valuer_per_share_4q_avg": 13.7,
            "equity": 3526922,
            "current_ratio": 233.13,
            "debt_ratio": 36.52,
            "inventory_turnover_ratio": 1.08,
            "account_receivable_turnover_ratio": 1.56,
            "reinvestment_rate": -13.76,
            "research_to_sale_ratio": 1.59,
            "price_fair": 41.65,
            "eps_avg_yearly": 1.19,
            "eps_latest_yearly": 1.52,
            "eps_growth_yearly": 483.52
        },
        "20164": {
            "year_quarter": 20164,
            "year": 2016,
            "quarter": 4,
            "eps": 0.54,
            "eps_growth_year": 37.9,
            "eps_4q": 1.49,
            "eps_4q_growth_year": 22.44,
            "roe": 3.51,
            "roe_4q": 9.860000000000001,
            "gross_profit": 288957,
            "gross_margin": 24.63,
            "gross_margin_4q_avg": 23.11,
            "net_income": 126235,
            "net_income_4q": null,
            "revenue": 1172989,
            "revenue_4q": null,
            "common_shares": 2388151,
            "book_valuer_per_share": 13.92,
            "book_valuer_per_share_4q_avg": 13.67,
            "equity": 3664804,
            "current_ratio": 275.59,
            "debt_ratio": 33.4,
            "inventory_turnover_ratio": 1.33,
            "account_receivable_turnover_ratio": 1.42,
            "reinvestment_rate": -10.19,
            "research_to_sale_ratio": 1.42,
            "price_fair": 45.15,
            "eps_avg_yearly": 1.29,
            "eps_latest_yearly": 2.16,
            "eps_growth_yearly": 506
        },
        "20171": {
            "year_quarter": 20171,
            "year": 2017,
            "quarter": 1,
            "eps": 0.37,
            "eps_growth_year": 32.14,
            "eps_4q": 1.58,
            "eps_4q_growth_year": 17.22,
            "roe": 2.43,
            "roe_4q": 10.48,
            "gross_profit": 230865,
            "gross_margin": 27.04,
            "gross_margin_4q_avg": 24.02,
            "net_income": 88226,
            "net_income_4q": null,
            "revenue": 853837,
            "revenue_4q": null,
            "common_shares": 2388151,
            "book_valuer_per_share": 13.72,
            "book_valuer_per_share_4q_avg": 13.56,
            "equity": 3602818,
            "current_ratio": 289.35,
            "debt_ratio": 32.31,
            "inventory_turnover_ratio": 1.11,
            "account_receivable_turnover_ratio": 1.17,
            "reinvestment_rate": -35.56,
            "research_to_sale_ratio": 2.06,
            "price_fair": 51.28,
            "eps_avg_yearly": 1.47,
            "eps_latest_yearly": 1.48,
            "eps_growth_yearly": 537.32
        },
        "20172": {
            "year_quarter": 20172,
            "year": 2017,
            "quarter": 2,
            "eps": 0.36,
            "eps_growth_year": 24.14,
            "eps_4q": 1.65,
            "eps_4q_growth_year": 3.19,
            "roe": 2.34,
            "roe_4q": 10.85,
            "gross_profit": 242530,
            "gross_margin": 26.71,
            "gross_margin_4q_avg": 25.53,
            "net_income": 85691,
            "net_income_4q": null,
            "revenue": 908154,
            "revenue_4q": null,
            "common_shares": 2388151,
            "book_valuer_per_share": 14.19,
            "book_valuer_per_share_4q_avg": 13.79,
            "equity": 3716329,
            "current_ratio": 271.1,
            "debt_ratio": 34.66,
            "inventory_turnover_ratio": 1.19,
            "account_receivable_turnover_ratio": 1.56,
            "reinvestment_rate": -34.06,
            "research_to_sale_ratio": 1.81,
            "price_fair": 51.18,
            "eps_avg_yearly": 1.46,
            "eps_latest_yearly": 1.44,
            "eps_growth_yearly": 476.42
        },
        "20173": {
            "year_quarter": 20173,
            "year": 2017,
            "quarter": 3,
            "eps": 0.44,
            "eps_growth_year": 15.79,
            "eps_4q": 2,
            "eps_4q_growth_year": 49.1,
            "roe": 2.62,
            "roe_4q": 10.9,
            "gross_profit": 239918,
            "gross_margin": 24.97,
            "gross_margin_4q_avg": 25.84,
            "net_income": 93241,
            "net_income_4q": null,
            "revenue": 960852,
            "revenue_4q": null,
            "common_shares": 1982165,
            "book_valuer_per_share": 15.56,
            "book_valuer_per_share_4q_avg": 14.35,
            "equity": 3398762,
            "current_ratio": 215.28,
            "debt_ratio": 40.93,
            "inventory_turnover_ratio": 1.2,
            "account_receivable_turnover_ratio": 1.44,
            "reinvestment_rate": -81.37,
            "research_to_sale_ratio": 1.63,
            "price_fair": 52.22,
            "eps_avg_yearly": 1.49,
            "eps_latest_yearly": 1.76,
            "eps_growth_yearly": 437.67
        },
        "20174": {
            "year_quarter": 20174,
            "year": 2017,
            "quarter": 4,
            "eps": 0.44,
            "eps_growth_year": -17.98,
            "eps_4q": 1.79,
            "eps_4q_growth_year": 20.2,
            "roe": 2.45,
            "roe_4q": 9.84,
            "gross_profit": 202244,
            "gross_margin": 23.03,
            "gross_margin_4q_avg": 25.44,
            "net_income": 84250,
            "net_income_4q": null,
            "revenue": 878057,
            "revenue_4q": null,
            "common_shares": 1982165,
            "book_valuer_per_share": 15.92,
            "book_valuer_per_share_4q_avg": 14.85,
            "equity": 3466108,
            "current_ratio": 228.17,
            "debt_ratio": 38.01,
            "inventory_turnover_ratio": 1.11,
            "account_receivable_turnover_ratio": 1.33,
            "reinvestment_rate": -72.02,
            "research_to_sale_ratio": 2.03,
            "price_fair": 53.07,
            "eps_avg_yearly": 1.52,
            "eps_latest_yearly": 1.76,
            "eps_growth_yearly": 397.88
        },
        "20181": {
            "year_quarter": 20181,
            "year": 2018,
            "quarter": 1,
            "eps": 0.1,
            "eps_growth_year": -72.97,
            "eps_4q": 1.44,
            "eps_4q_growth_year": -9.08,
            "roe": 0.53,
            "roe_4q": 7.94,
            "gross_profit": 124436,
            "gross_margin": 17.65,
            "gross_margin_4q_avg": 23.09,
            "net_income": 18487,
            "net_income_4q": null,
            "revenue": 705116,
            "revenue_4q": null,
            "common_shares": 1982165,
            "book_valuer_per_share": 15.95,
            "book_valuer_per_share_4q_avg": 15.41,
            "equity": 3460185,
            "current_ratio": 233.06,
            "debt_ratio": 37.53,
            "inventory_turnover_ratio": 0.94,
            "account_receivable_turnover_ratio": 1.27,
            "reinvestment_rate": -40.83,
            "research_to_sale_ratio": 3.91,
            "price_fair": 49.82,
            "eps_avg_yearly": 1.42,
            "eps_latest_yearly": 0.4,
            "eps_growth_yearly": 338.96
        },
        "20182": {
            "year_quarter": 20182,
            "year": 2018,
            "quarter": 2,
            "eps": 0.07,
            "eps_growth_year": -80.56,
            "eps_4q": 1.08,
            "eps_4q_growth_year": -34.16,
            "roe": 0.46,
            "roe_4q": 6.0600000000000005,
            "gross_profit": 145001,
            "gross_margin": 17.56,
            "gross_margin_4q_avg": 20.8,
            "net_income": 15408,
            "net_income_4q": null,
            "revenue": 825966,
            "revenue_4q": null,
            "common_shares": 1982165,
            "book_valuer_per_share": 14.95,
            "book_valuer_per_share_4q_avg": 15.6,
            "equity": 3261972,
            "current_ratio": 202.16,
            "debt_ratio": 41.55,
            "inventory_turnover_ratio": 1.08,
            "account_receivable_turnover_ratio": 1.47,
            "reinvestment_rate": -33.46,
            "research_to_sale_ratio": 4.03,
            "price_fair": 46.74,
            "eps_avg_yearly": 1.34,
            "eps_latest_yearly": 0.28,
            "eps_growth_yearly": 303.66
        },
        "20183": {
            "year_quarter": 20183,
            "year": 2018,
            "quarter": 3,
            "eps": 0.45,
            "eps_growth_year": 2.27,
            "eps_4q": 1.07,
            "eps_4q_growth_year": -46.64,
            "roe": 2.75,
            "roe_4q": 6.19,
            "gross_profit": 227689,
            "gross_margin": 22.41,
            "gross_margin_4q_avg": 20.16,
            "net_income": 90199,
            "net_income_4q": null,
            "revenue": 1015940,
            "revenue_4q": null,
            "common_shares": 1982165,
            "book_valuer_per_share": 15.17,
            "book_valuer_per_share_4q_avg": 15.5,
            "equity": 3307428,
            "current_ratio": 202.41,
            "debt_ratio": 41.75,
            "inventory_turnover_ratio": 1.22,
            "account_receivable_turnover_ratio": 1.5,
            "reinvestment_rate": -11.71,
            "research_to_sale_ratio": 3.37,
            "price_fair": 47.9,
            "eps_avg_yearly": 1.37,
            "eps_latest_yearly": 1.8,
            "eps_growth_yearly": 437.07
        },
        "20184": {
            "year_quarter": 20184,
            "year": 2018,
            "quarter": 4,
            "eps": 0.24,
            "eps_growth_year": -45.81,
            "eps_4q": 0.86,
            "eps_4q_growth_year": -51.8,
            "roe": 1.33,
            "roe_4q": 5.07,
            "gross_profit": 187199,
            "gross_margin": 20.84,
            "gross_margin_4q_avg": 19.62,
            "net_income": 44577,
            "net_income_4q": null,
            "revenue": 898168,
            "revenue_4q": null,
            "common_shares": 1982165,
            "book_valuer_per_share": 15.52,
            "book_valuer_per_share_4q_avg": 15.4,
            "equity": 3372729,
            "current_ratio": 223.63,
            "debt_ratio": 39.96,
            "inventory_turnover_ratio": 1.14,
            "account_receivable_turnover_ratio": 1.2,
            "reinvestment_rate": -12.06,
            "research_to_sale_ratio": 3.63,
            "price_fair": 46.95,
            "eps_avg_yearly": 1.34,
            "eps_latest_yearly": 0.96,
            "eps_growth_yearly": 395.49
        },
        "20191": {
            "year_quarter": 20191,
            "year": 2019,
            "quarter": 1,
            "eps": 0.33,
            "eps_growth_year": 230,
            "eps_4q": 1.1,
            "eps_4q_growth_year": -23.92,
            "roe": 1.93,
            "roe_4q": 6.47,
            "gross_profit": 164307,
            "gross_margin": 21.6,
            "gross_margin_4q_avg": 20.6,
            "net_income": 66251,
            "net_income_4q": null,
            "revenue": 760505,
            "revenue_4q": null,
            "common_shares": 1982165,
            "book_valuer_per_share": 16.08,
            "book_valuer_per_share_4q_avg": 15.43,
            "equity": 3497100,
            "current_ratio": 225.41,
            "debt_ratio": 39.41,
            "inventory_turnover_ratio": 0.96,
            "account_receivable_turnover_ratio": 1.09,
            "reinvestment_rate": -7.54,
            "research_to_sale_ratio": 4.17,
            "price_fair": 46.9,
            "eps_avg_yearly": 1.34,
            "eps_latest_yearly": 1.32,
            "eps_growth_yearly": 380.15
        },
        "20192": {
            "year_quarter": 20192,
            "year": 2019,
            "quarter": 2,
            "eps": 0.54,
            "eps_growth_year": 671.43,
            "eps_4q": 1.57,
            "eps_4q_growth_year": 44.64,
            "roe": 3.14,
            "roe_4q": 9.15,
            "gross_profit": 227105,
            "gross_margin": 21.74,
            "gross_margin_4q_avg": 21.65,
            "net_income": 108595,
            "net_income_4q": null,
            "revenue": 1044549,
            "revenue_4q": null,
            "common_shares": 1982165,
            "book_valuer_per_share": 15.72,
            "book_valuer_per_share_4q_avg": 15.62,
            "equity": 3426898,
            "current_ratio": 213.06,
            "debt_ratio": 42.32,
            "inventory_turnover_ratio": 1.31,
            "account_receivable_turnover_ratio": 1.4,
            "reinvestment_rate": -5.79,
            "research_to_sale_ratio": 3.2,
            "price_fair": 51.19,
            "eps_avg_yearly": 1.46,
            "eps_latest_yearly": 2.16,
            "eps_growth_yearly": 412.13
        },
        "20193": {
            "year_quarter": 20193,
            "year": 2019,
            "quarter": 3,
            "eps": 0.5,
            "eps_growth_year": 11.11,
            "eps_4q": 1.61,
            "eps_4q_growth_year": 51.15,
            "roe": 2.87,
            "roe_4q": 9.27,
            "gross_profit": 252724,
            "gross_margin": 26.16,
            "gross_margin_4q_avg": 22.59,
            "net_income": 98958,
            "net_income_4q": null,
            "revenue": 965973,
            "revenue_4q": null,
            "common_shares": 1982165,
            "book_valuer_per_share": 15.95,
            "book_valuer_per_share_4q_avg": 15.82,
            "equity": 3471777,
            "current_ratio": 221.96,
            "debt_ratio": 42.22,
            "inventory_turnover_ratio": 1.12,
            "account_receivable_turnover_ratio": 1.2,
            "reinvestment_rate": -8.31,
            "research_to_sale_ratio": 3.43,
            "price_fair": 50.05,
            "eps_avg_yearly": 1.43,
            "eps_latest_yearly": 2,
            "eps_growth_yearly": 120.27
        },
        "20194": {
            "year_quarter": 20194,
            "year": 2019,
            "quarter": 4,
            "eps": 0.75,
            "eps_growth_year": 210.48,
            "eps_4q": 2.12,
            "eps_4q_growth_year": 145.56,
            "roe": 4.1,
            "roe_4q": 12.04,
            "gross_profit": 243916,
            "gross_margin": 22.21,
            "gross_margin_4q_avg": 22.93,
            "net_income": 143881,
            "net_income_4q": null,
            "revenue": 1098004,
            "revenue_4q": null,
            "common_shares": 1982165,
            "book_valuer_per_share": 16.38,
            "book_valuer_per_share_4q_avg": 16.03,
            "equity": 3552500,
            "current_ratio": 252.13,
            "debt_ratio": 43.85,
            "inventory_turnover_ratio": 1.46,
            "account_receivable_turnover_ratio": 1.42,
            "reinvestment_rate": -1.48,
            "research_to_sale_ratio": 2.94,
            "price_fair": 53.2,
            "eps_avg_yearly": 1.52,
            "eps_latest_yearly": 3,
            "eps_growth_yearly": 142.3
        },
        "20201": {
            "year_quarter": 20201,
            "year": 2020,
            "quarter": 1,
            "eps": -0.03,
            "eps_growth_year": -109.09,
            "eps_4q": 1.76,
            "eps_4q_growth_year": 60.66,
            "roe": -0.22,
            "roe_4q": 9.89,
            "gross_profit": 127906,
            "gross_margin": 23.5,
            "gross_margin_4q_avg": 23.4,
            "net_income": -7735,
            "net_income_4q": null,
            "revenue": 544356,
            "revenue_4q": null,
            "common_shares": 1982165,
            "book_valuer_per_share": 16.09,
            "book_valuer_per_share_4q_avg": 16.04,
            "equity": 3457620,
            "current_ratio": 290.34,
            "debt_ratio": 45.99,
            "inventory_turnover_ratio": 0.83,
            "account_receivable_turnover_ratio": 0.94,
            "reinvestment_rate": 3.27,
            "research_to_sale_ratio": 5.19,
            "price_fair": 54.13,
            "eps_avg_yearly": 1.55,
            "eps_latest_yearly": 3,
            "eps_growth_yearly": 159.31
        },
        "20202": {
            "year_quarter": 20202,
            "year": 2020,
            "quarter": 2,
            "eps": 0.43,
            "eps_growth_year": -20.37,
            "eps_4q": 1.65,
            "eps_4q_growth_year": 5.17,
            "roe": 2.57,
            "roe_4q": 9.32,
            "gross_profit": 159349,
            "gross_margin": 22.72,
            "gross_margin_4q_avg": 23.65,
            "net_income": 86330,
            "net_income_4q": null,
            "revenue": 701324,
            "revenue_4q": null,
            "common_shares": 1982165,
            "book_valuer_per_share": 14.91,
            "book_valuer_per_share_4q_avg": 15.83,
            "equity": 3248879,
            "current_ratio": 238.42,
            "debt_ratio": 50.51,
            "inventory_turnover_ratio": 1.12,
            "account_receivable_turnover_ratio": 1.53,
            "reinvestment_rate": 16,
            "research_to_sale_ratio": 4.97,
            "price_fair": 55.1,
            "eps_avg_yearly": 1.57,
            "eps_latest_yearly": 3,
            "eps_growth_yearly": 169.66
        },
        "20203": {
            "year_quarter": 20203,
            "year": 2020,
            "quarter": 3,
            "eps": 0.26,
            "eps_growth_year": -48,
            "eps_4q": 1.41,
            "eps_4q_growth_year": -12.6,
            "roe": 1.54,
            "roe_4q": 7.989999999999998,
            "gross_profit": 190122,
            "gross_margin": 23.17,
            "gross_margin_4q_avg": 22.9,
            "net_income": 50380,
            "net_income_4q": null,
            "revenue": 820533,
            "revenue_4q": null,
            "common_shares": 1982165,
            "book_valuer_per_share": 15.09,
            "book_valuer_per_share_4q_avg": 15.62,
            "equity": 3291550,
            "current_ratio": 259.79,
            "debt_ratio": 50.54,
            "inventory_turnover_ratio": 1.19,
            "account_receivable_turnover_ratio": 1.38,
            "reinvestment_rate": 31.88,
            "research_to_sale_ratio": 4.64,
            "price_fair": 53.9,
            "eps_avg_yearly": 1.54,
            "eps_latest_yearly": 1.04,
            "eps_growth_yearly": 149.5
        },
        "20204": {
            "year_quarter": 20204,
            "year": 2020,
            "quarter": 4,
            "eps": 0.26,
            "eps_growth_year": -64.79,
            "eps_4q": 0.92,
            "eps_4q_growth_year": -56.37,
            "roe": 1.42,
            "roe_4q": 5.31,
            "gross_profit": 202482,
            "gross_margin": 20.51,
            "gross_margin_4q_avg": 22.48,
            "net_income": 47073,
            "net_income_4q": null,
            "revenue": 987120,
            "revenue_4q": null,
            "common_shares": 1982165,
            "book_valuer_per_share": 15.4,
            "book_valuer_per_share_4q_avg": 15.37,
            "equity": 3347399,
            "current_ratio": 147.93,
            "debt_ratio": 65.75,
            "inventory_turnover_ratio": 1.27,
            "account_receivable_turnover_ratio": 1.5,
            "reinvestment_rate": 53.63,
            "research_to_sale_ratio": 3.36,
            "price_fair": 51.1,
            "eps_avg_yearly": 1.46,
            "eps_latest_yearly": 1.04,
            "eps_growth_yearly": 137.47
        },
        "20211": {
            "year_quarter": 20211,
            "year": 2021,
            "quarter": 1,
            "eps": 7.34,
            "eps_growth_year": null,
            "eps_4q": 8.29,
            "eps_4q_growth_year": 371.14,
            "roe": 35.75,
            "roe_4q": 41.28,
            "gross_profit": 135525,
            "gross_margin": 18.72,
            "gross_margin_4q_avg": 21.28,
            "net_income": 1451131,
            "net_income_4q": null,
            "revenue": 723785,
            "revenue_4q": null,
            "common_shares": 1982165,
            "book_valuer_per_share": 22.65,
            "book_valuer_per_share_4q_avg": 17.01,
            "equity": 4770691,
            "current_ratio": 388.47,
            "debt_ratio": 48.66,
            "inventory_turnover_ratio": 0.88,
            "account_receivable_turnover_ratio": 1.25,
            "reinvestment_rate": 12.13,
            "research_to_sale_ratio": 5.1,
            "price_fair": 120.8,
            "eps_avg_yearly": 3.45,
            "eps_latest_yearly": 29.36,
            "eps_growth_yearly": 924.49
        },
        "20212": {
            "year_quarter": 20212,
            "year": 2021,
            "quarter": 2,
            "eps": 0.51,
            "eps_growth_year": 18.6,
            "eps_4q": 8.37,
            "eps_4q_growth_year": 407.86,
            "roe": 2.09,
            "roe_4q": 40.800000000000004,
            "gross_profit": 133037,
            "gross_margin": 14.55,
            "gross_margin_4q_avg": 19.24,
            "net_income": 100024,
            "net_income_4q": null,
            "revenue": 914415,
            "revenue_4q": null,
            "common_shares": 1982165,
            "book_valuer_per_share": 22.8,
            "book_valuer_per_share_4q_avg": 18.99,
            "equity": 4798611,
            "current_ratio": 396.35,
            "debt_ratio": 47.91,
            "inventory_turnover_ratio": 1,
            "account_receivable_turnover_ratio": 1.65,
            "reinvestment_rate": 13.9,
            "research_to_sale_ratio": 3.73,
            "price_fair": 122.3,
            "eps_avg_yearly": 3.49,
            "eps_latest_yearly": 2.04,
            "eps_growth_yearly": 898.67
        },
        "20213": {
            "year_quarter": 20213,
            "year": 2021,
            "quarter": 3,
            "eps": 0.32,
            "eps_growth_year": 23.08,
            "eps_4q": 8.43,
            "eps_4q_growth_year": 498.51,
            "roe": 1.34,
            "roe_4q": 40.6,
            "gross_profit": 172399,
            "gross_margin": 17.18,
            "gross_margin_4q_avg": 17.74,
            "net_income": 63337,
            "net_income_4q": null,
            "revenue": 1003257,
            "revenue_4q": null,
            "common_shares": 1982165,
            "book_valuer_per_share": 21.7,
            "book_valuer_per_share_4q_avg": 20.64,
            "equity": 4625426,
            "current_ratio": 309.38,
            "debt_ratio": 51.51,
            "inventory_turnover_ratio": 0.86,
            "account_receivable_turnover_ratio": 1.51,
            "reinvestment_rate": 19.63,
            "research_to_sale_ratio": 3.08,
            "price_fair": 121.1,
            "eps_avg_yearly": 3.46,
            "eps_latest_yearly": 1.28,
            "eps_growth_yearly": 881.68
        },
        "20214": {
            "year_quarter": 20214,
            "year": 2021,
            "quarter": 4,
            "eps": 0.1,
            "eps_growth_year": -63.19,
            "eps_4q": 8.27,
            "eps_4q_growth_year": 794.18,
            "roe": 0.26,
            "roe_4q": 39.44,
            "gross_profit": 180410,
            "gross_margin": 16.07,
            "gross_margin_4q_avg": 16.63,
            "net_income": 12160,
            "net_income_4q": null,
            "revenue": 1122539,
            "revenue_4q": null,
            "common_shares": 1982165,
            "book_valuer_per_share": 21.8,
            "book_valuer_per_share_4q_avg": 22.24,
            "equity": 4626962,
            "current_ratio": 280.1,
            "debt_ratio": 48.85,
            "inventory_turnover_ratio": 0.84,
            "account_receivable_turnover_ratio": 1.5,
            "reinvestment_rate": 21.12,
            "research_to_sale_ratio": 2.95,
            "price_fair": 117.7,
            "eps_avg_yearly": 3.36,
            "eps_latest_yearly": 0.4,
            "eps_growth_yearly": 862.04
        },
        "20221": {
            "year_quarter": 20221,
            "year": 2022,
            "quarter": 1,
            "eps": -0.04,
            "eps_growth_year": -100.54,
            "eps_4q": 0.89,
            "eps_4q_growth_year": -89.28,
            "roe": -0.17,
            "roe_4q": 3.52,
            "gross_profit": 150327,
            "gross_margin": 15.33,
            "gross_margin_4q_avg": 15.78,
            "net_income": -8077,
            "net_income_4q": null,
            "revenue": 980409,
            "revenue_4q": null,
            "common_shares": 1982165,
            "book_valuer_per_share": 22.55,
            "book_valuer_per_share_4q_avg": 22.21,
            "equity": 4788765,
            "current_ratio": 273.37,
            "debt_ratio": 47.83,
            "inventory_turnover_ratio": 0.73,
            "account_receivable_turnover_ratio": 1.29,
            "reinvestment_rate": 19.56,
            "research_to_sale_ratio": 3.03,
            "price_fair": 125.68,
            "eps_avg_yearly": 3.59,
            "eps_latest_yearly": 0.4,
            "eps_growth_yearly": 952.12
        },
        "20222": {
            "year_quarter": 20222,
            "year": 2022,
            "quarter": 2,
            "eps": -0.09,
            "eps_growth_year": -117.65,
            "eps_4q": 0.29,
            "eps_4q_growth_year": -96.52,
            "roe": -0.39,
            "roe_4q": 1.04,
            "gross_profit": 169871,
            "gross_margin": 15.88,
            "gross_margin_4q_avg": 16.12,
            "net_income": -18101,
            "net_income_4q": null,
            "revenue": 1069838,
            "revenue_4q": null,
            "common_shares": 1982165,
            "book_valuer_per_share": 21.45,
            "book_valuer_per_share_4q_avg": 21.88,
            "equity": 4571602,
            "current_ratio": 243.46,
            "debt_ratio": 50.23,
            "inventory_turnover_ratio": 0.84,
            "account_receivable_turnover_ratio": 1.53,
            "reinvestment_rate": 24.1,
            "research_to_sale_ratio": 2.72,
            "price_fair": 135.33,
            "eps_avg_yearly": 3.87,
            "eps_latest_yearly": 0.4,
            "eps_growth_yearly": 1041.47
        },
        "20223": {
            "year_quarter": 20223,
            "year": 2022,
            "quarter": 3,
            "eps": 0.68,
            "eps_growth_year": 112.5,
            "eps_4q": 0.8,
            "eps_4q_growth_year": -90.53,
            "roe": 2.92,
            "roe_4q": 2.62,
            "gross_profit": 95861,
            "gross_margin": 12.55,
            "gross_margin_4q_avg": 14.96,
            "net_income": 132409,
            "net_income_4q": null,
            "revenue": 763714,
            "revenue_4q": null,
            "common_shares": 1585732,
            "book_valuer_per_share": 26.34,
            "book_valuer_per_share_4q_avg": 23.04,
            "equity": 4510887,
            "current_ratio": 255.3,
            "debt_ratio": 49.29,
            "inventory_turnover_ratio": 0.66,
            "account_receivable_turnover_ratio": 1.21,
            "reinvestment_rate": 26.59,
            "research_to_sale_ratio": 4.1,
            "price_fair": 141.91,
            "eps_avg_yearly": 4.05,
            "eps_latest_yearly": 0.4,
            "eps_growth_yearly": 938.74
        },
        "20224": {
            "year_quarter": 20224,
            "year": 2022,
            "quarter": 4,
            "eps": -0.09,
            "eps_growth_year": -191.5,
            "eps_4q": 0.59,
            "eps_4q_growth_year": -92.88,
            "roe": -0.5,
            "roe_4q": 1.8599999999999999,
            "gross_profit": 65175,
            "gross_margin": 9.63,
            "gross_margin_4q_avg": 13.35,
            "net_income": -22298,
            "net_income_4q": null,
            "revenue": 676876,
            "revenue_4q": null,
            "common_shares": 1585732,
            "book_valuer_per_share": 25.56,
            "book_valuer_per_share_4q_avg": 23.98,
            "equity": 4383400,
            "current_ratio": 286.45,
            "debt_ratio": 45.54,
            "inventory_turnover_ratio": 0.66,
            "account_receivable_turnover_ratio": 1.27,
            "reinvestment_rate": 26.8,
            "research_to_sale_ratio": 4.3,
            "price_fair": 152.74,
            "eps_avg_yearly": 4.36,
            "eps_latest_yearly": 0.4,
            "eps_growth_yearly": 1051.29
        },
        "20231": {
            "year_quarter": 20231,
            "year": 2023,
            "quarter": 1,
            "eps": -0.32,
            "eps_growth_year": null,
            "eps_4q": 0.32,
            "eps_4q_growth_year": -63.97,
            "roe": -1.07,
            "roe_4q": 0.9599999999999999,
            "gross_profit": 6127,
            "gross_margin": 1.6,
            "gross_margin_4q_avg": 9.92,
            "net_income": -45910,
            "net_income_4q": null,
            "revenue": 383733,
            "revenue_4q": null,
            "common_shares": 1585732,
            "book_valuer_per_share": 24.3,
            "book_valuer_per_share_4q_avg": 24.41,
            "equity": 4205179,
            "current_ratio": 265.8,
            "debt_ratio": 45.93,
            "inventory_turnover_ratio": 0.46,
            "account_receivable_turnover_ratio": 0.98,
            "reinvestment_rate": 16.38,
            "research_to_sale_ratio": 6.8,
            "price_fair": 164.58,
            "eps_avg_yearly": 4.7,
            "eps_latest_yearly": 0.4,
            "eps_growth_yearly": 1151.43
        },
        "20232": {
            "year_quarter": 20232,
            "year": 2023,
            "quarter": 2,
            "eps": 0.08,
            "eps_growth_year": null,
            "eps_4q": 0.51,
            "eps_4q_growth_year": 74.66,
            "roe": 0.16,
            "roe_4q": 1.5099999999999998,
            "gross_profit": 84232,
            "gross_margin": 13.09,
            "gross_margin_4q_avg": 9.22,
            "net_income": 6641,
            "net_income_4q": null,
            "revenue": 643353,
            "revenue_4q": null,
            "common_shares": 1585732,
            "book_valuer_per_share": 24.71,
            "book_valuer_per_share_4q_avg": 25.23,
            "equity": 4276456,
            "current_ratio": 248.61,
            "debt_ratio": 45.9,
            "inventory_turnover_ratio": 0.76,
            "account_receivable_turnover_ratio": 1.57,
            "reinvestment_rate": 18.54,
            "research_to_sale_ratio": 4.68,
            "price_fair": 175.7,
            "eps_avg_yearly": 5.02,
            "eps_latest_yearly": 0.4,
            "eps_growth_yearly": 1263.54
        },
        "20233": {
            "year_quarter": 20233,
            "year": 2023,
            "quarter": 3,
            "eps": 0.32,
            "eps_growth_year": -52.94,
            "eps_4q": -0,
            "eps_4q_growth_year": -100.62,
            "roe": 1.2,
            "roe_4q": -0.2100000000000002,
            "gross_profit": 138011,
            "gross_margin": 19.05,
            "gross_margin_4q_avg": 10.84,
            "net_income": 52677,
            "net_income_4q": null,
            "revenue": 724448,
            "revenue_4q": null,
            "common_shares": 1585732,
            "book_valuer_per_share": 25.92,
            "book_valuer_per_share_4q_avg": 25.12,
            "equity": 4502048,
            "current_ratio": 242.1,
            "debt_ratio": 45.09,
            "inventory_turnover_ratio": 0.88,
            "account_receivable_turnover_ratio": 1.35,
            "reinvestment_rate": 27.22,
            "research_to_sale_ratio": 4.16,
            "price_fair": 172.55,
            "eps_avg_yearly": 4.93,
            "eps_latest_yearly": 1.28,
            "eps_growth_yearly": 1417.24
        }
    },
    "months": {
        "2001-09": {
            "month": "2001-09",
            "price": "37.69",
            "revenue": 79797
        },
        "2001-10": {
            "month": "2001-10",
            "price": "38.23",
            "revenue": 147113
        },
        "2001-11": {
            "month": "2001-11",
            "price": "45.45",
            "revenue": 108566
        },
        "2001-12": {
            "month": "2001-12",
            "price": "64.02",
            "revenue": 106433
        },
        "2002-01": {
            "month": "2002-01",
            "price": "81.86",
            "revenue": 85341
        },
        "2002-02": {
            "month": "2002-02",
            "price": "87.71",
            "revenue": 103141
        },
        "2002-03": {
            "month": "2002-03",
            "price": "89.07",
            "revenue": 407406
        },
        "2002-04": {
            "month": "2002-04",
            "price": "89.45",
            "revenue": 309613
        },
        "2002-05": {
            "month": "2002-05",
            "price": "78.70",
            "revenue": 342374
        },
        "2002-06": {
            "month": "2002-06",
            "price": "74.80",
            "revenue": 280018
        },
        "2002-07": {
            "month": "2002-07",
            "price": "67.74",
            "revenue": 297235
        },
        "2002-08": {
            "month": "2002-08",
            "price": "62.77",
            "revenue": 403919
        },
        "2002-09": {
            "month": "2002-09",
            "price": "67.20",
            "revenue": 408716
        },
        "2002-10": {
            "month": "2002-10",
            "price": "63.84",
            "revenue": 463873
        },
        "2002-11": {
            "month": "2002-11",
            "price": "65.86",
            "revenue": 382856
        },
        "2002-12": {
            "month": "2002-12",
            "price": "65.68",
            "revenue": 310475
        },
        "2003-01": {
            "month": "2003-01",
            "price": "65.05",
            "revenue": 268664
        },
        "2003-02": {
            "month": "2003-02",
            "price": "63.62",
            "revenue": 199389
        },
        "2003-03": {
            "month": "2003-03",
            "price": "60.74",
            "revenue": 287780
        },
        "2003-04": {
            "month": "2003-04",
            "price": "57.23",
            "revenue": 366495
        },
        "2003-05": {
            "month": "2003-05",
            "price": "50.67",
            "revenue": 286315
        },
        "2003-06": {
            "month": "2003-06",
            "price": "58.42",
            "revenue": 255255
        },
        "2003-07": {
            "month": "2003-07",
            "price": "58.78",
            "revenue": 265323
        },
        "2003-08": {
            "month": "2003-08",
            "price": "48.70",
            "revenue": 265785
        },
        "2003-09": {
            "month": "2003-09",
            "price": "45.57",
            "revenue": 370118
        },
        "2003-10": {
            "month": "2003-10",
            "price": "43.76",
            "revenue": 365684
        },
        "2003-11": {
            "month": "2003-11",
            "price": "44.60",
            "revenue": 429600
        },
        "2003-12": {
            "month": "2003-12",
            "price": "44.80",
            "revenue": 465597
        },
        "2004-01": {
            "month": "2004-01",
            "price": "47.69",
            "revenue": 238147
        },
        "2004-02": {
            "month": "2004-02",
            "price": "48.73",
            "revenue": 279613
        },
        "2004-03": {
            "month": "2004-03",
            "price": "47.58",
            "revenue": 307925
        },
        "2004-04": {
            "month": "2004-04",
            "price": "48.03",
            "revenue": 277243
        },
        "2004-05": {
            "month": "2004-05",
            "price": "43.80",
            "revenue": 266358
        },
        "2004-06": {
            "month": "2004-06",
            "price": "40.66",
            "revenue": 254108
        },
        "2004-07": {
            "month": "2004-07",
            "price": "39.26",
            "revenue": 316145
        },
        "2004-08": {
            "month": "2004-08",
            "price": "38.58",
            "revenue": 342763
        },
        "2004-09": {
            "month": "2004-09",
            "price": "26.26",
            "revenue": 483312
        },
        "2004-10": {
            "month": "2004-10",
            "price": "25.08",
            "revenue": 392592
        },
        "2004-11": {
            "month": "2004-11",
            "price": "26.12",
            "revenue": 336022
        },
        "2004-12": {
            "month": "2004-12",
            "price": "25.90",
            "revenue": 454229
        },
        "2005-01": {
            "month": "2005-01",
            "price": "24.36",
            "revenue": 324421
        },
        "2005-02": {
            "month": "2005-02",
            "price": "25.55",
            "revenue": 134312
        },
        "2005-03": {
            "month": "2005-03",
            "price": "27.57",
            "revenue": 230017
        },
        "2005-04": {
            "month": "2005-04",
            "price": "23.04",
            "revenue": 321371
        },
        "2005-05": {
            "month": "2005-05",
            "price": "18.45",
            "revenue": 321383
        },
        "2005-06": {
            "month": "2005-06",
            "price": "21.66",
            "revenue": 284344
        },
        "2005-07": {
            "month": "2005-07",
            "price": "22.48",
            "revenue": 319159
        },
        "2005-08": {
            "month": "2005-08",
            "price": "20.32",
            "revenue": 398063
        },
        "2005-09": {
            "month": "2005-09",
            "price": "19.72",
            "revenue": 354018
        },
        "2005-10": {
            "month": "2005-10",
            "price": "16.42",
            "revenue": 463984
        },
        "2005-11": {
            "month": "2005-11",
            "price": "15.46",
            "revenue": 374696
        },
        "2005-12": {
            "month": "2005-12",
            "price": "16.61",
            "revenue": 410574
        },
        "2006-01": {
            "month": "2006-01",
            "price": "18.32",
            "revenue": 303521
        },
        "2006-02": {
            "month": "2006-02",
            "price": "20.59",
            "revenue": 222370
        },
        "2006-03": {
            "month": "2006-03",
            "price": "20.27",
            "revenue": 359122
        },
        "2006-04": {
            "month": "2006-04",
            "price": "23.15",
            "revenue": 338605
        },
        "2006-05": {
            "month": "2006-05",
            "price": "20.88",
            "revenue": 373921
        },
        "2006-06": {
            "month": "2006-06",
            "price": "17.35",
            "revenue": 287168
        },
        "2006-07": {
            "month": "2006-07",
            "price": "17.50",
            "revenue": 218527
        },
        "2006-08": {
            "month": "2006-08",
            "price": "16.50",
            "revenue": 257324
        },
        "2006-09": {
            "month": "2006-09",
            "price": "16.31",
            "revenue": 400307
        },
        "2006-10": {
            "month": "2006-10",
            "price": "19.54",
            "revenue": 455321
        },
        "2006-11": {
            "month": "2006-11",
            "price": "22.31",
            "revenue": 450154
        },
        "2006-12": {
            "month": "2006-12",
            "price": "24.92",
            "revenue": 421196
        },
        "2007-01": {
            "month": "2007-01",
            "price": "22.79",
            "revenue": 377134
        },
        "2007-02": {
            "month": "2007-02",
            "price": "20.35",
            "revenue": 283893
        },
        "2007-03": {
            "month": "2007-03",
            "price": "22.02",
            "revenue": 449521
        },
        "2007-04": {
            "month": "2007-04",
            "price": "24.79",
            "revenue": 500370
        },
        "2007-05": {
            "month": "2007-05",
            "price": "26.98",
            "revenue": 571993
        },
        "2007-06": {
            "month": "2007-06",
            "price": "35.22",
            "revenue": 642955
        },
        "2007-07": {
            "month": "2007-07",
            "price": "38.82",
            "revenue": 624066
        },
        "2007-08": {
            "month": "2007-08",
            "price": "37.64",
            "revenue": 585782
        },
        "2007-09": {
            "month": "2007-09",
            "price": "41.33",
            "revenue": 559446
        },
        "2007-10": {
            "month": "2007-10",
            "price": "36.49",
            "revenue": 540876
        },
        "2007-11": {
            "month": "2007-11",
            "price": "27.41",
            "revenue": 494690
        },
        "2007-12": {
            "month": "2007-12",
            "price": "24.25",
            "revenue": 366647
        },
        "2008-01": {
            "month": "2008-01",
            "price": "19.88",
            "revenue": 435914
        },
        "2008-02": {
            "month": "2008-02",
            "price": "18.98",
            "revenue": 251998
        },
        "2008-03": {
            "month": "2008-03",
            "price": "19.84",
            "revenue": 453927
        },
        "2008-04": {
            "month": "2008-04",
            "price": "20.82",
            "revenue": 417894
        },
        "2008-05": {
            "month": "2008-05",
            "price": "19.04",
            "revenue": 369098
        },
        "2008-06": {
            "month": "2008-06",
            "price": "15.98",
            "revenue": 429985
        },
        "2008-07": {
            "month": "2008-07",
            "price": "13.35",
            "revenue": 389310
        },
        "2008-08": {
            "month": "2008-08",
            "price": "13.13",
            "revenue": 446279
        },
        "2008-09": {
            "month": "2008-09",
            "price": "10.00",
            "revenue": 465488
        },
        "2008-10": {
            "month": "2008-10",
            "price": "9.08",
            "revenue": 595889
        },
        "2008-11": {
            "month": "2008-11",
            "price": "7.12",
            "revenue": 446400
        },
        "2008-12": {
            "month": "2008-12",
            "price": "7.39",
            "revenue": 369039
        },
        "2009-01": {
            "month": "2009-01",
            "price": "6.87",
            "revenue": 226419
        },
        "2009-02": {
            "month": "2009-02",
            "price": "7.06",
            "revenue": 76168
        },
        "2009-03": {
            "month": "2009-03",
            "price": "7.99",
            "revenue": 279714
        },
        "2009-04": {
            "month": "2009-04",
            "price": "9.14",
            "revenue": 294687
        },
        "2009-05": {
            "month": "2009-05",
            "price": "9.80",
            "revenue": 280465
        },
        "2009-06": {
            "month": "2009-06",
            "price": "9.06",
            "revenue": 248452
        },
        "2009-07": {
            "month": "2009-07",
            "price": "9.44",
            "revenue": 295758
        },
        "2009-08": {
            "month": "2009-08",
            "price": "9.39",
            "revenue": 425883
        },
        "2009-09": {
            "month": "2009-09",
            "price": "11.11",
            "revenue": 392143
        },
        "2009-10": {
            "month": "2009-10",
            "price": "13.42",
            "revenue": 396708
        },
        "2009-11": {
            "month": "2009-11",
            "price": "12.49",
            "revenue": 559468
        },
        "2009-12": {
            "month": "2009-12",
            "price": "13.95",
            "revenue": 333524
        },
        "2010-01": {
            "month": "2010-01",
            "price": "14.27",
            "revenue": 286120
        },
        "2010-02": {
            "month": "2010-02",
            "price": "12.53",
            "revenue": 241494
        },
        "2010-03": {
            "month": "2010-03",
            "price": "13.42",
            "revenue": 308304
        },
        "2010-04": {
            "month": "2010-04",
            "price": "13.78",
            "revenue": 374038
        },
        "2010-05": {
            "month": "2010-05",
            "price": "12.43",
            "revenue": 439752
        },
        "2010-06": {
            "month": "2010-06",
            "price": "11.88",
            "revenue": 361133
        },
        "2010-07": {
            "month": "2010-07",
            "price": "13.39",
            "revenue": 475762
        },
        "2010-08": {
            "month": "2010-08",
            "price": "16.17",
            "revenue": 455304
        },
        "2010-09": {
            "month": "2010-09",
            "price": "17.54",
            "revenue": 505469
        },
        "2010-10": {
            "month": "2010-10",
            "price": "16.31",
            "revenue": 407024
        },
        "2010-11": {
            "month": "2010-11",
            "price": "15.92",
            "revenue": 450276
        },
        "2010-12": {
            "month": "2010-12",
            "price": "16.75",
            "revenue": 475027
        },
        "2011-01": {
            "month": "2011-01",
            "price": "15.85",
            "revenue": 518767
        },
        "2011-02": {
            "month": "2011-02",
            "price": "16.16",
            "revenue": 142544
        },
        "2011-03": {
            "month": "2011-03",
            "price": "15.35",
            "revenue": 334355
        },
        "2011-04": {
            "month": "2011-04",
            "price": "15.32",
            "revenue": 363042
        },
        "2011-05": {
            "month": "2011-05",
            "price": "15.50",
            "revenue": 428715
        },
        "2011-06": {
            "month": "2011-06",
            "price": "14.66",
            "revenue": 351604
        },
        "2011-07": {
            "month": "2011-07",
            "price": "13.71",
            "revenue": 351774
        },
        "2011-08": {
            "month": "2011-08",
            "price": "12.22",
            "revenue": 459330
        },
        "2011-09": {
            "month": "2011-09",
            "price": "12.79",
            "revenue": 427460
        },
        "2011-10": {
            "month": "2011-10",
            "price": "12.32",
            "revenue": 481740
        },
        "2011-11": {
            "month": "2011-11",
            "price": "11.06",
            "revenue": 425544
        },
        "2011-12": {
            "month": "2011-12",
            "price": "10.37",
            "revenue": 472137
        },
        "2012-01": {
            "month": "2012-01",
            "price": "10.88",
            "revenue": 337742
        },
        "2012-02": {
            "month": "2012-02",
            "price": "12.32",
            "revenue": 249341
        },
        "2012-03": {
            "month": "2012-03",
            "price": "12.02",
            "revenue": 431957
        },
        "2012-04": {
            "month": "2012-04",
            "price": "10.22",
            "revenue": 502655
        },
        "2012-05": {
            "month": "2012-05",
            "price": "9.44",
            "revenue": 425435
        },
        "2012-06": {
            "month": "2012-06",
            "price": "7.95",
            "revenue": 481024
        },
        "2012-07": {
            "month": "2012-07",
            "price": "8.07",
            "revenue": 416937
        },
        "2012-08": {
            "month": "2012-08",
            "price": "9.87",
            "revenue": 416554
        },
        "2012-09": {
            "month": "2012-09",
            "price": "10.53",
            "revenue": 544319
        },
        "2012-10": {
            "month": "2012-10",
            "price": "10.51",
            "revenue": 538257
        },
        "2012-11": {
            "month": "2012-11",
            "price": "10.51",
            "revenue": 590903
        },
        "2012-12": {
            "month": "2012-12",
            "price": "12.13",
            "revenue": 397571
        },
        "2013-01": {
            "month": "2013-01",
            "price": "12.51",
            "revenue": 403624
        },
        "2013-02": {
            "month": "2013-02",
            "price": "12.42",
            "revenue": 152540
        },
        "2013-03": {
            "month": "2013-03",
            "price": "12.31",
            "revenue": 288060
        },
        "2013-04": {
            "month": "2013-04",
            "price": "12.08",
            "revenue": 341843
        },
        "2013-05": {
            "month": "2013-05",
            "price": "12.45",
            "revenue": 319161
        },
        "2013-06": {
            "month": "2013-06",
            "price": "12.39",
            "revenue": 296299
        },
        "2013-07": {
            "month": "2013-07",
            "price": "13.46",
            "revenue": 404333
        },
        "2013-08": {
            "month": "2013-08",
            "price": "15.94",
            "revenue": 465619
        },
        "2013-09": {
            "month": "2013-09",
            "price": "17.16",
            "revenue": 2636075
        },
        "2013-10": {
            "month": "2013-10",
            "price": "20.40",
            "revenue": 398333
        },
        "2013-11": {
            "month": "2013-11",
            "price": "20.00",
            "revenue": 379900
        },
        "2013-12": {
            "month": "2013-12",
            "price": "19.20",
            "revenue": 394659
        },
        "2014-01": {
            "month": "2014-01",
            "price": "19.46",
            "revenue": 373009
        },
        "2014-02": {
            "month": "2014-02",
            "price": "21.66",
            "revenue": 154813
        },
        "2014-03": {
            "month": "2014-03",
            "price": "21.38",
            "revenue": 263123
        },
        "2014-04": {
            "month": "2014-04",
            "price": "19.43",
            "revenue": 285287
        },
        "2014-05": {
            "month": "2014-05",
            "price": "17.17",
            "revenue": 312471
        },
        "2014-06": {
            "month": "2014-06",
            "price": "17.75",
            "revenue": 240530
        },
        "2014-07": {
            "month": "2014-07",
            "price": "19.07",
            "revenue": 307544
        },
        "2014-08": {
            "month": "2014-08",
            "price": "16.57",
            "revenue": 327013
        },
        "2014-09": {
            "month": "2014-09",
            "price": "13.70",
            "revenue": 401028
        },
        "2014-10": {
            "month": "2014-10",
            "price": "12.48",
            "revenue": 399401
        },
        "2014-11": {
            "month": "2014-11",
            "price": "12.26",
            "revenue": 331734
        },
        "2014-12": {
            "month": "2014-12",
            "price": "11.85",
            "revenue": 357761
        },
        "2015-01": {
            "month": "2015-01",
            "price": "12.58",
            "revenue": 378070
        },
        "2015-02": {
            "month": "2015-02",
            "price": "13.45",
            "revenue": 228948
        },
        "2015-03": {
            "month": "2015-03",
            "price": "13.73",
            "revenue": 224927
        },
        "2015-04": {
            "month": "2015-04",
            "price": "14.81",
            "revenue": 279962
        },
        "2015-05": {
            "month": "2015-05",
            "price": "13.35",
            "revenue": 325732
        },
        "2015-06": {
            "month": "2015-06",
            "price": "12.08",
            "revenue": 335034
        },
        "2015-07": {
            "month": "2015-07",
            "price": "12.73",
            "revenue": 314004
        },
        "2015-08": {
            "month": "2015-08",
            "price": "11.47",
            "revenue": 417447
        },
        "2015-09": {
            "month": "2015-09",
            "price": "11.44",
            "revenue": 517821
        },
        "2015-10": {
            "month": "2015-10",
            "price": "12.60",
            "revenue": 402507
        },
        "2015-11": {
            "month": "2015-11",
            "price": "12.55",
            "revenue": 356106
        },
        "2015-12": {
            "month": "2015-12",
            "price": "12.02",
            "revenue": 419276
        },
        "2016-01": {
            "month": "2016-01",
            "price": "11.60",
            "revenue": 368344
        },
        "2016-02": {
            "month": "2016-02",
            "price": "11.92",
            "revenue": 120012
        },
        "2016-03": {
            "month": "2016-03",
            "price": "12.87",
            "revenue": 254070
        },
        "2016-04": {
            "month": "2016-04",
            "price": "13.71",
            "revenue": 259671
        },
        "2016-05": {
            "month": "2016-05",
            "price": "13.14",
            "revenue": 250647
        },
        "2016-06": {
            "month": "2016-06",
            "price": "13.35",
            "revenue": 269573
        },
        "2016-07": {
            "month": "2016-07",
            "price": "13.61",
            "revenue": 287748
        },
        "2016-08": {
            "month": "2016-08",
            "price": "14.26",
            "revenue": 350735
        },
        "2016-09": {
            "month": "2016-09",
            "price": "13.92",
            "revenue": 363702
        },
        "2016-10": {
            "month": "2016-10",
            "price": "13.96",
            "revenue": 429237
        },
        "2016-11": {
            "month": "2016-11",
            "price": "14.52",
            "revenue": 342320
        },
        "2016-12": {
            "month": "2016-12",
            "price": "17.20",
            "revenue": 401436
        },
        "2017-01": {
            "month": "2017-01",
            "price": "17.22",
            "revenue": 432974
        },
        "2017-02": {
            "month": "2017-02",
            "price": "18.93",
            "revenue": 119075
        },
        "2017-03": {
            "month": "2017-03",
            "price": "19.45",
            "revenue": 301788
        },
        "2017-04": {
            "month": "2017-04",
            "price": "19.54",
            "revenue": 316580
        },
        "2017-05": {
            "month": "2017-05",
            "price": "19.51",
            "revenue": 314258
        },
        "2017-06": {
            "month": "2017-06",
            "price": "20.99",
            "revenue": 277316
        },
        "2017-07": {
            "month": "2017-07",
            "price": "24.45",
            "revenue": 295043
        },
        "2017-08": {
            "month": "2017-08",
            "price": "25.09",
            "revenue": 319766
        },
        "2017-09": {
            "month": "2017-09",
            "price": "27.50",
            "revenue": 346043
        },
        "2017-10": {
            "month": "2017-10",
            "price": "33.30",
            "revenue": 319746
        },
        "2017-11": {
            "month": "2017-11",
            "price": "31.77",
            "revenue": 256334
        },
        "2017-12": {
            "month": "2017-12",
            "price": "29.81",
            "revenue": 301976
        },
        "2018-01": {
            "month": "2018-01",
            "price": "29.83",
            "revenue": 291254
        },
        "2018-02": {
            "month": "2018-02",
            "price": "31.55",
            "revenue": 186516
        },
        "2018-03": {
            "month": "2018-03",
            "price": "30.79",
            "revenue": 227346
        },
        "2018-04": {
            "month": "2018-04",
            "price": "28.53",
            "revenue": 303055
        },
        "2018-05": {
            "month": "2018-05",
            "price": "25.43",
            "revenue": 266140
        },
        "2018-06": {
            "month": "2018-06",
            "price": "24.64",
            "revenue": 256771
        },
        "2018-07": {
            "month": "2018-07",
            "price": "21.35",
            "revenue": 307414
        },
        "2018-08": {
            "month": "2018-08",
            "price": "20.67",
            "revenue": 357797
        },
        "2018-09": {
            "month": "2018-09",
            "price": "18.44",
            "revenue": 350729
        },
        "2018-10": {
            "month": "2018-10",
            "price": "18.41",
            "revenue": 342915
        },
        "2018-11": {
            "month": "2018-11",
            "price": "20.25",
            "revenue": 268708
        },
        "2018-12": {
            "month": "2018-12",
            "price": "20.39",
            "revenue": 286544
        },
        "2019-01": {
            "month": "2019-01",
            "price": "20.13",
            "revenue": 278349
        },
        "2019-02": {
            "month": "2019-02",
            "price": "19.53",
            "revenue": 156430
        },
        "2019-03": {
            "month": "2019-03",
            "price": "19.32",
            "revenue": 325726
        },
        "2019-04": {
            "month": "2019-04",
            "price": "21.44",
            "revenue": 379227
        },
        "2019-05": {
            "month": "2019-05",
            "price": "21.81",
            "revenue": 337551
        },
        "2019-06": {
            "month": "2019-06",
            "price": "21.78",
            "revenue": 327771
        },
        "2019-07": {
            "month": "2019-07",
            "price": "22.51",
            "revenue": 267274
        },
        "2019-08": {
            "month": "2019-08",
            "price": "20.56",
            "revenue": 386281
        },
        "2019-09": {
            "month": "2019-09",
            "price": "23.30",
            "revenue": 312418
        },
        "2019-10": {
            "month": "2019-10",
            "price": "24.10",
            "revenue": 405965
        },
        "2019-11": {
            "month": "2019-11",
            "price": "27.12",
            "revenue": 380673
        },
        "2019-12": {
            "month": "2019-12",
            "price": "27.33",
            "revenue": 311366
        },
        "2020-01": {
            "month": "2020-01",
            "price": "25.54",
            "revenue": 280907
        },
        "2020-02": {
            "month": "2020-02",
            "price": "22.92",
            "revenue": 70162
        },
        "2020-03": {
            "month": "2020-03",
            "price": "19.43",
            "revenue": 193287
        },
        "2020-04": {
            "month": "2020-04",
            "price": "20.73",
            "revenue": 235872
        },
        "2020-05": {
            "month": "2020-05",
            "price": "21.32",
            "revenue": 204180
        },
        "2020-06": {
            "month": "2020-06",
            "price": "21.92",
            "revenue": 261272
        },
        "2020-07": {
            "month": "2020-07",
            "price": "22.00",
            "revenue": 201341
        },
        "2020-08": {
            "month": "2020-08",
            "price": "21.80",
            "revenue": 280838
        },
        "2020-09": {
            "month": "2020-09",
            "price": "23.12",
            "revenue": 338353
        },
        "2020-10": {
            "month": "2020-10",
            "price": "26.65",
            "revenue": 315011
        },
        "2020-11": {
            "month": "2020-11",
            "price": "31.50",
            "revenue": 355417
        },
        "2020-12": {
            "month": "2020-12",
            "price": "32.05",
            "revenue": 316692
        },
        "2021-01": {
            "month": "2021-01",
            "price": "33.02",
            "revenue": 301638
        },
        "2021-02": {
            "month": "2021-02",
            "price": "29.77",
            "revenue": 195997
        },
        "2021-03": {
            "month": "2021-03",
            "price": "32.68",
            "revenue": 226150
        },
        "2021-04": {
            "month": "2021-04",
            "price": "38.74",
            "revenue": 286328
        },
        "2021-05": {
            "month": "2021-05",
            "price": "35.22",
            "revenue": 310626
        },
        "2021-06": {
            "month": "2021-06",
            "price": "34.61",
            "revenue": 317461
        },
        "2021-07": {
            "month": "2021-07",
            "price": "33.53",
            "revenue": 321142
        },
        "2021-08": {
            "month": "2021-08",
            "price": "29.29",
            "revenue": 313267
        },
        "2021-09": {
            "month": "2021-09",
            "price": "27.42",
            "revenue": 368848
        },
        "2021-10": {
            "month": "2021-10",
            "price": "26.42",
            "revenue": 346833
        },
        "2021-11": {
            "month": "2021-11",
            "price": "30.02",
            "revenue": 390894
        },
        "2021-12": {
            "month": "2021-12",
            "price": "31.00",
            "revenue": 384812
        },
        "2022-01": {
            "month": "2022-01",
            "price": "30.47",
            "revenue": 496478
        },
        "2022-02": {
            "month": "2022-02",
            "price": "31.59",
            "revenue": 208987
        },
        "2022-03": {
            "month": "2022-03",
            "price": "31.08",
            "revenue": 274943
        },
        "2022-04": {
            "month": "2022-04",
            "price": "25.66",
            "revenue": 360654
        },
        "2022-05": {
            "month": "2022-05",
            "price": "24.79",
            "revenue": 378365
        },
        "2022-06": {
            "month": "2022-06",
            "price": "24.63",
            "revenue": 330820
        },
        "2022-07": {
            "month": "2022-07",
            "price": "20.51",
            "revenue": 318855
        },
        "2022-08": {
            "month": "2022-08",
            "price": "21.17",
            "revenue": 201654
        },
        "2022-09": {
            "month": "2022-09",
            "price": "20.07",
            "revenue": 243205
        },
        "2022-10": {
            "month": "2022-10",
            "price": "17.54",
            "revenue": 268546
        },
        "2022-11": {
            "month": "2022-11",
            "price": "18.75",
            "revenue": 221168
        },
        "2022-12": {
            "month": "2022-12",
            "price": "20.08",
            "revenue": 187162
        },
        "2023-01": {
            "month": "2023-01",
            "price": "20.19",
            "revenue": 156665
        },
        "2023-02": {
            "month": "2023-02",
            "price": "20.40",
            "revenue": 57256
        },
        "2023-03": {
            "month": "2023-03",
            "price": "21.04",
            "revenue": 169812
        },
        "2023-04": {
            "month": "2023-04",
            "price": "21.26",
            "revenue": 181102
        },
        "2023-05": {
            "month": "2023-05",
            "price": "20.52",
            "revenue": 274184
        },
        "2023-06": {
            "month": "2023-06",
            "price": "20.94",
            "revenue": 188067
        },
        "2023-07": {
            "month": "2023-07",
            "price": "20.72",
            "revenue": 274226
        },
        "2023-08": {
            "month": "2023-08",
            "price": "19.99",
            "revenue": 226498
        },
        "2023-09": {
            "month": "2023-09",
            "price": "19.78",
            "revenue": 223724
        },
        "2023-10": {
            "month": "2023-10",
            "price": "19.14",
            "revenue": 203339
        },
        "2023-11": {
            "month": "2023-11",
            "price": "19.44",
            "revenue": 213423
        },
        "2023-12": {
            "month": "2023-12",
            "price": "21.53",
            "revenue": 162424
        }
    }
}
