{
    "summary": {
        "stock_name": "大毅",
        "stock_id": "2478",
        "category": "電子零組件",
        "main_business": "厚膜晶片電阻、電阻網路、積體電路等零阻件製造加工、買賣業務。<br>有關前產品及原料之進出口貿易業務。<br>代理國內外有關廠商產品之報價投標及經銷買賣等業務。",
        "website_url": "http://www.tai.com.tw",
        "ceo": "江財寶",
        "pe_ratio": 18,
        "report_year_from": 2001,
        "report_year_to": 2023,
        "age": 23,
        "eps_negative_percentage": 0,
        "eps_growth_avg": {
            "last_all": 6.45,
            "last_2y": -11.58,
            "last_4y": -0.53,
            "last_8y": 16.63,
            "last_12y": 7.97,
            "last_16y": 9.43,
            "last_20y": 8.06,
            "at_2006_last_3y": 2.24,
            "at_2007_last_3y": -10.66,
            "at_2008_last_3y": -5.24,
            "at_2009_last_3y": 3.95,
            "at_2010_last_3y": 14.17,
            "at_2011_last_3y": 7.58,
            "at_2012_last_3y": -2.04,
            "at_2013_last_3y": -22.57,
            "at_2014_last_3y": -11.51,
            "at_2015_last_3y": 14.11,
            "at_2016_last_3y": 31.1,
            "at_2017_last_3y": 38.08,
            "at_2018_last_3y": 38.08,
            "at_2019_last_3y": 10.65,
            "at_2020_last_3y": 33.02,
            "at_2021_last_3y": 43.18,
            "at_2022_last_3y": 9.52,
            "at_2023_last_3y": 16.31,
            "at_2024_last_3y": 16.31,
            "at_2006_last_all": -3.7,
            "at_2007_last_all": -8.8,
            "at_2008_last_all": -10.25,
            "at_2009_last_all": -2.2,
            "at_2010_last_all": 4.24,
            "at_2011_last_all": -2.25,
            "at_2012_last_all": -7.27,
            "at_2013_last_all": -8.99,
            "at_2014_last_all": -0.6,
            "at_2015_last_all": 2.43,
            "at_2016_last_all": 2.97,
            "at_2017_last_all": 2.78,
            "at_2018_last_all": 8.5,
            "at_2019_last_all": 4.25,
            "at_2020_last_all": 9.29,
            "at_2021_last_all": 10.86,
            "at_2022_last_all": 8.69,
            "at_2023_last_all": 6.45,
            "at_2024_last_all": 6.45
        },
        "latest_eps": 2.56,
        "latest_price": 45.85,
        "latest_roe": 5.66,
        "latest_gross_margin": 21.89,
        "latest_equity": 6615513,
        "latest_revenue": 1143055,
        "latest_gross_profit": 250242,
        "latest_net_income": 32033,
        "latest_debt_ratio": 30.61,
        "latest_current_ratio": 229.97,
        "latest_account_receivable_turnover_ratio": 0.89,
        "latest_inventory_turnover_ratio": 0.46,
        "latest_reinvestment_rate": 14.92,
        "latest_research_to_sale_ratio": 1.59
    },
    "eps_dividends": {
        "1999": {
            "cash": 0,
            "stock": 1,
            "eps": 0
        },
        "2000": {
            "cash": 0,
            "stock": 2,
            "eps": 0
        },
        "2001": {
            "cash": 0.5,
            "stock": 4.5,
            "eps": 2.95
        },
        "2002": {
            "cash": 2,
            "stock": 2,
            "eps": 2.14
        },
        "2003": {
            "cash": 0.5,
            "stock": 1,
            "eps": 2.51
        },
        "2004": {
            "cash": 1.2,
            "stock": 0.8,
            "eps": 1.49
        },
        "2005": {
            "cash": 0.6,
            "stock": 0.6,
            "eps": 1.75
        },
        "2006": {
            "cash": 0.7,
            "stock": 1,
            "eps": 2.01
        },
        "2007": {
            "cash": 0.2,
            "stock": 1.21,
            "eps": 1.32
        },
        "2008": {
            "cash": 0.3,
            "stock": 0.71,
            "eps": 1.07
        },
        "2009": {
            "cash": 0.4,
            "stock": 0.4,
            "eps": 1.65
        },
        "2010": {
            "cash": 0.59,
            "stock": 0.59,
            "eps": 2.57
        },
        "2011": {
            "cash": 1.3,
            "stock": 1.2000000000000002,
            "eps": 1.01
        },
        "2012": {
            "cash": 0,
            "stock": 0,
            "eps": 0.43
        },
        "2013": {
            "cash": 0.15,
            "stock": 0.2,
            "eps": 0.31
        },
        "2014": {
            "cash": 0.14,
            "stock": 0.1,
            "eps": 0.67
        },
        "2015": {
            "cash": 0.4,
            "stock": 0,
            "eps": 0.95
        },
        "2016": {
            "cash": 0.2,
            "stock": 0,
            "eps": 1.05
        },
        "2017": {
            "cash": 0.5,
            "stock": 0,
            "eps": 1.05
        },
        "2018": {
            "cash": 0.8,
            "stock": 0,
            "eps": 7.23
        },
        "2019": {
            "cash": 2.5,
            "stock": 0,
            "eps": 2.32
        },
        "2020": {
            "cash": 1.8,
            "stock": 0,
            "eps": 4.7
        },
        "2021": {
            "cash": 3,
            "stock": 0,
            "eps": 6.61
        },
        "2022": {
            "cash": 4,
            "stock": 0,
            "eps": 4.32
        },
        "2023": {
            "cash": 2,
            "stock": 0,
            "eps": 2.56
        }
    },
    "dividends": {
        "1999-06-22": {
            "cash": 0,
            "stock": 1
        },
        "2000-03-27": {
            "cash": 0,
            "stock": 2
        },
        "2001-05-15": {
            "cash": 0.5,
            "stock": 4.5
        },
        "2002-05-21": {
            "cash": 2,
            "stock": 2
        },
        "2003-05-27": {
            "cash": 0.5,
            "stock": 1
        },
        "2004-03-19": {
            "cash": 1.2,
            "stock": 0.8
        },
        "2005-04-22": {
            "cash": 0.6,
            "stock": 0.6
        },
        "2006-03-14": {
            "cash": 0.7,
            "stock": 1
        },
        "2007-06-04": {
            "cash": 0.2,
            "stock": 1.21
        },
        "2008-04-25": {
            "cash": 0.3,
            "stock": 0.71
        },
        "2009-05-12": {
            "cash": 0.4,
            "stock": 0.4
        },
        "2010-04-27": {
            "cash": 0.59,
            "stock": 0.59
        },
        "2011-01-01": {
            "cash": 0.3,
            "stock": 0.4
        },
        "2011-04-14": {
            "cash": 1,
            "stock": 0.8
        },
        "2013-04-30": {
            "cash": 0.15,
            "stock": 0.2
        },
        "2014-09-30": {
            "cash": 0.14,
            "stock": 0.1
        },
        "2015-07-21": {
            "cash": 0.4,
            "stock": 0
        },
        "2016-08-02": {
            "cash": 0.2,
            "stock": 0
        },
        "2017-08-28": {
            "cash": 0.5,
            "stock": 0
        },
        "2018-08-29": {
            "cash": 0.8,
            "stock": 0
        },
        "2019-07-24": {
            "cash": 2.5,
            "stock": 0
        },
        "2020-08-21": {
            "cash": 1.8,
            "stock": 0
        },
        "2021-08-20": {
            "cash": 3,
            "stock": 0
        },
        "2022-07-22": {
            "cash": 4,
            "stock": 0
        },
        "2023-07-28": {
            "cash": 2,
            "stock": 0
        }
    },
    "prices": {
        "200101": "無",
        "200102": "無",
        "200103": "無",
        "200104": "無",
        "200105": "無",
        "200106": "無",
        "200107": "無",
        "200108": "無",
        "200109": "22.11",
        "200110": "21.10",
        "200111": "28.84",
        "200112": "34.36",
        "200201": "34.67",
        "200202": "34.38",
        "200203": "42.48",
        "200204": "47.51",
        "200205": "44.87",
        "200206": "38.54",
        "200207": "30.74",
        "200208": "30.39",
        "200209": "24.82",
        "200210": "24.49",
        "200211": "23.19",
        "200212": "21.17",
        "200301": "20.85",
        "200302": "20.48",
        "200303": "21.95",
        "200304": "25.50",
        "200305": "26.69",
        "200306": "30.30",
        "200307": "33.00",
        "200308": "29.63",
        "200309": "28.47",
        "200310": "30.45",
        "200311": "30.16",
        "200312": "31.73",
        "200401": "31.86",
        "200402": "31.75",
        "200403": "29.81",
        "200404": "34.53",
        "200405": "28.86",
        "200406": "27.17",
        "200407": "24.53",
        "200408": "22.74",
        "200409": "22.06",
        "200410": "20.24",
        "200411": "19.10",
        "200412": "17.89",
        "200501": "17.92",
        "200502": "19.63",
        "200503": "20.28",
        "200504": "18.78",
        "200505": "17.55",
        "200506": "19.42",
        "200507": "20.18",
        "200508": "17.81",
        "200509": "17.73",
        "200510": "17.94",
        "200511": "18.57",
        "200512": "21.38",
        "200601": "25.38",
        "200602": "23.58",
        "200603": "22.30",
        "200604": "25.11",
        "200605": "27.26",
        "200606": "28.26",
        "200607": "33.00",
        "200608": "37.45",
        "200609": "35.48",
        "200610": "35.82",
        "200611": "36.52",
        "200612": "37.35",
        "200701": "46.07",
        "200702": "76.80",
        "200703": "117.90",
        "200704": "146.58",
        "200705": "130.45",
        "200706": "114.50",
        "200707": "51.78",
        "200708": "42.91",
        "200709": "41.69",
        "200710": "36.99",
        "200711": "27.80",
        "200712": "23.74",
        "200801": "21.87",
        "200802": "21.77",
        "200803": "30.88",
        "200804": "32.09",
        "200805": "28.19",
        "200806": "23.58",
        "200807": "21.19",
        "200808": "21.39",
        "200809": "17.72",
        "200810": "15.56",
        "200811": "15.20",
        "200812": "14.75",
        "200901": "13.09",
        "200902": "14.05",
        "200903": "15.94",
        "200904": "17.85",
        "200905": "18.15",
        "200906": "17.63",
        "200907": "20.15",
        "200908": "22.40",
        "200909": "23.56",
        "200910": "24.81",
        "200911": "24.39",
        "200912": "31.29",
        "201001": "43.16",
        "201002": "40.35",
        "201003": "44.62",
        "201004": "42.26",
        "201005": "38.32",
        "201006": "35.83",
        "201007": "36.56",
        "201008": "37.61",
        "201009": "35.26",
        "201010": "33.07",
        "201011": "31.35",
        "201012": "34.94",
        "201101": "33.90",
        "201102": "32.85",
        "201103": "31.49",
        "201104": "32.27",
        "201105": "31.63",
        "201106": "31.16",
        "201107": "27.83",
        "201108": "22.53",
        "201109": "20.53",
        "201110": "21.10",
        "201111": "18.85",
        "201112": "16.57",
        "201201": "18.45",
        "201202": "21.00",
        "201203": "21.26",
        "201204": "18.36",
        "201205": "17.44",
        "201206": "17.90",
        "201207": "18.52",
        "201208": "18.16",
        "201209": "17.71",
        "201210": "17.49",
        "201211": "16.90",
        "201212": "17.37",
        "201301": "17.45",
        "201302": "17.69",
        "201303": "16.99",
        "201304": "16.06",
        "201305": "16.32",
        "201306": "15.88",
        "201307": "15.75",
        "201308": "15.46",
        "201309": "15.16",
        "201310": "15.51",
        "201311": "14.62",
        "201312": "15.19",
        "201401": "16.42",
        "201402": "17.56",
        "201403": "17.72",
        "201404": "17.35",
        "201405": "18.29",
        "201406": "22.71",
        "201407": "19.50",
        "201408": "18.05",
        "201409": "17.80",
        "201410": "16.36",
        "201411": "17.19",
        "201412": "17.50",
        "201501": "17.37",
        "201502": "17.41",
        "201503": "18.73",
        "201504": "17.21",
        "201505": "16.36",
        "201506": "14.40",
        "201507": "13.46",
        "201508": "13.25",
        "201509": "14.52",
        "201510": "14.68",
        "201511": "14.72",
        "201512": "14.31",
        "201601": "14.32",
        "201602": "14.72",
        "201603": "16.31",
        "201604": "16.52",
        "201605": "16.37",
        "201606": "16.95",
        "201607": "16.64",
        "201608": "16.67",
        "201609": "16.41",
        "201610": "18.82",
        "201611": "18.78",
        "201612": "18.91",
        "201701": "20.44",
        "201702": "24.94",
        "201703": "21.89",
        "201704": "21.80",
        "201705": "22.38",
        "201706": "22.92",
        "201707": "23.92",
        "201708": "24.22",
        "201709": "25.36",
        "201710": "24.69",
        "201711": "24.98",
        "201712": "28.13",
        "201801": "35.75",
        "201802": "31.38",
        "201803": "34.02",
        "201804": "49.92",
        "201805": "81.27",
        "201806": "128.58",
        "201807": "103.30",
        "201808": "80.40",
        "201809": "69.97",
        "201810": "52.24",
        "201811": "51.42",
        "201812": "54.80",
        "201901": "50.74",
        "201902": "55.85",
        "201903": "54.04",
        "201904": "56.28",
        "201905": "46.63",
        "201906": "45.67",
        "201907": "43.27",
        "201908": "33.71",
        "201909": "37.64",
        "201910": "43.99",
        "201911": "40.80",
        "201912": "48.12",
        "202001": "62.41",
        "202002": "75.63",
        "202003": "60.29",
        "202004": "72.34",
        "202005": "78.14",
        "202006": "80.21",
        "202007": "76.89",
        "202008": "72.18",
        "202009": "68.39",
        "202010": "68.68",
        "202011": "72.30",
        "202012": "78.73",
        "202101": "84.66",
        "202102": "82.88",
        "202103": "81.50",
        "202104": "78.54",
        "202105": "67.42",
        "202106": "69.26",
        "202107": "72.39",
        "202108": "65.24",
        "202109": "63.80",
        "202110": "61.16",
        "202111": "65.67",
        "202112": "65.00",
        "202201": "62.92",
        "202202": "61.31",
        "202203": "60.06",
        "202204": "55.34",
        "202205": "54.32",
        "202206": "53.83",
        "202207": "41.98",
        "202208": "43.66",
        "202209": "42.59",
        "202210": "40.51",
        "202211": "43.73",
        "202212": "44.33",
        "202301": "43.62",
        "202302": "47.18",
        "202303": "47.83",
        "202304": "48.76",
        "202305": "47.64",
        "202306": "48.46",
        "202307": "46.84",
        "202308": "44.72",
        "202309": "46.91",
        "202310": "45.60",
        "202311": "47.20",
        "202312": "48.53"
    },
    "quarters": {
        "20011": {
            "year_quarter": 20011,
            "year": 2001,
            "quarter": 1,
            "eps": 1.02,
            "eps_growth_year": -37.8,
            "eps_4q": 6.78,
            "eps_4q_growth_year": 74.72,
            "roe": 2.57,
            "roe_4q": 2.57,
            "gross_profit": 72989,
            "gross_margin": 36.63,
            "gross_margin_4q_avg": 36.63,
            "net_income": 63782,
            "net_income_4q": null,
            "revenue": 199281,
            "revenue_4q": null,
            "common_shares": 626000,
            "book_valuer_per_share": 40.21,
            "book_valuer_per_share_4q_avg": 40.21,
            "equity": 2517069,
            "current_ratio": 900.68,
            "debt_ratio": 9.67,
            "inventory_turnover_ratio": 0.56,
            "account_receivable_turnover_ratio": null,
            "reinvestment_rate": null,
            "research_to_sale_ratio": null,
            "price_fair": 0,
            "eps_avg_yearly": 0,
            "eps_latest_yearly": 0,
            "eps_growth_yearly": 0
        },
        "20012": {
            "year_quarter": 20012,
            "year": 2001,
            "quarter": 2,
            "eps": 0.88,
            "eps_growth_year": -58.49,
            "eps_4q": 4.24,
            "eps_4q_growth_year": -17.67,
            "roe": 3.24,
            "roe_4q": 5.8100000000000005,
            "gross_profit": 59324,
            "gross_margin": 31.35,
            "gross_margin_4q_avg": 33.99,
            "net_income": 82166,
            "net_income_4q": null,
            "revenue": 189212,
            "revenue_4q": null,
            "common_shares": 936660,
            "book_valuer_per_share": 27.3,
            "book_valuer_per_share_4q_avg": 33.76,
            "equity": 2557024,
            "current_ratio": 708.79,
            "debt_ratio": 11.42,
            "inventory_turnover_ratio": 0.61,
            "account_receivable_turnover_ratio": null,
            "reinvestment_rate": null,
            "research_to_sale_ratio": null,
            "price_fair": 0,
            "eps_avg_yearly": 0,
            "eps_latest_yearly": 0,
            "eps_growth_yearly": 0
        },
        "20013": {
            "year_quarter": 20013,
            "year": 2001,
            "quarter": 3,
            "eps": 0.49,
            "eps_growth_year": -80.71,
            "eps_4q": 3.17,
            "eps_4q_growth_year": -53.66,
            "roe": 1.78,
            "roe_4q": 7.59,
            "gross_profit": 44767,
            "gross_margin": 23.3,
            "gross_margin_4q_avg": 30.43,
            "net_income": 45849,
            "net_income_4q": null,
            "revenue": 192173,
            "revenue_4q": null,
            "common_shares": 936660,
            "book_valuer_per_share": 27.8,
            "book_valuer_per_share_4q_avg": 31.77,
            "equity": 2604249,
            "current_ratio": 762.16,
            "debt_ratio": 10.49,
            "inventory_turnover_ratio": 0.67,
            "account_receivable_turnover_ratio": null,
            "reinvestment_rate": null,
            "research_to_sale_ratio": null,
            "price_fair": 0,
            "eps_avg_yearly": 0,
            "eps_latest_yearly": 0,
            "eps_growth_yearly": 0
        },
        "20014": {
            "year_quarter": 20014,
            "year": 2001,
            "quarter": 4,
            "eps": 0.56,
            "eps_growth_year": -69.57,
            "eps_4q": 2.61,
            "eps_4q_growth_year": -65.55,
            "roe": 1.99,
            "roe_4q": 9.58,
            "gross_profit": 53714,
            "gross_margin": 25.56,
            "gross_margin_4q_avg": 29.21,
            "net_income": 52304,
            "net_income_4q": null,
            "revenue": 210169,
            "revenue_4q": null,
            "common_shares": 936660,
            "book_valuer_per_share": 28.39,
            "book_valuer_per_share_4q_avg": 30.93,
            "equity": 2659409,
            "current_ratio": 710.18,
            "debt_ratio": 10.47,
            "inventory_turnover_ratio": 0.65,
            "account_receivable_turnover_ratio": null,
            "reinvestment_rate": null,
            "research_to_sale_ratio": null,
            "price_fair": 0,
            "eps_avg_yearly": 0,
            "eps_latest_yearly": 0,
            "eps_growth_yearly": 0
        },
        "20021": {
            "year_quarter": 20021,
            "year": 2002,
            "quarter": 1,
            "eps": 0.61,
            "eps_growth_year": -40.2,
            "eps_4q": 2.55,
            "eps_4q_growth_year": -62.4,
            "roe": 2.11,
            "roe_4q": 9.120000000000001,
            "gross_profit": 52942,
            "gross_margin": 24.2,
            "gross_margin_4q_avg": 26.1,
            "net_income": 56698,
            "net_income_4q": null,
            "revenue": 218764,
            "revenue_4q": null,
            "common_shares": 936660,
            "book_valuer_per_share": 29,
            "book_valuer_per_share_4q_avg": 28.12,
            "equity": 2716101,
            "current_ratio": 747.99,
            "debt_ratio": 9.38,
            "inventory_turnover_ratio": 0.74,
            "account_receivable_turnover_ratio": null,
            "reinvestment_rate": null,
            "research_to_sale_ratio": null,
            "price_fair": 85.4,
            "eps_avg_yearly": 2.44,
            "eps_latest_yearly": 2.44,
            "eps_growth_yearly": 35.71
        },
        "20022": {
            "year_quarter": 20022,
            "year": 2002,
            "quarter": 2,
            "eps": 0.52,
            "eps_growth_year": -40.91,
            "eps_4q": 2.17,
            "eps_4q_growth_year": -48.91,
            "roe": 1.79,
            "roe_4q": 7.67,
            "gross_profit": 71506,
            "gross_margin": 27.83,
            "gross_margin_4q_avg": 25.22,
            "net_income": 48946,
            "net_income_4q": null,
            "revenue": 256966,
            "revenue_4q": null,
            "common_shares": 936660,
            "book_valuer_per_share": 29.26,
            "book_valuer_per_share_4q_avg": 28.61,
            "equity": 2740991,
            "current_ratio": 599.46,
            "debt_ratio": 11.45,
            "inventory_turnover_ratio": 1,
            "account_receivable_turnover_ratio": null,
            "reinvestment_rate": null,
            "research_to_sale_ratio": null,
            "price_fair": 6.78,
            "eps_avg_yearly": 2.26,
            "eps_latest_yearly": 2.08,
            "eps_growth_yearly": -11.65
        },
        "20023": {
            "year_quarter": 20023,
            "year": 2002,
            "quarter": 3,
            "eps": 0.44,
            "eps_growth_year": -10.2,
            "eps_4q": 1.82,
            "eps_4q_growth_year": -42.49,
            "roe": 1.82,
            "roe_4q": 7.710000000000001,
            "gross_profit": 64954,
            "gross_margin": 25.9,
            "gross_margin_4q_avg": 25.87,
            "net_income": 50283,
            "net_income_4q": null,
            "revenue": 250741,
            "revenue_4q": null,
            "common_shares": 1138000,
            "book_valuer_per_share": 24.58,
            "book_valuer_per_share_4q_avg": 27.81,
            "equity": 2797666,
            "current_ratio": 576.8,
            "debt_ratio": 11.36,
            "inventory_turnover_ratio": 0.87,
            "account_receivable_turnover_ratio": null,
            "reinvestment_rate": null,
            "research_to_sale_ratio": null,
            "price_fair": 6.28,
            "eps_avg_yearly": 2.09,
            "eps_latest_yearly": 1.76,
            "eps_growth_yearly": -28.28
        },
        "20024": {
            "year_quarter": 20024,
            "year": 2002,
            "quarter": 4,
            "eps": 0.57,
            "eps_growth_year": 1.79,
            "eps_4q": 1.94,
            "eps_4q_growth_year": -25.61,
            "roe": 2.29,
            "roe_4q": 8.01,
            "gross_profit": 72492,
            "gross_margin": 26.97,
            "gross_margin_4q_avg": 26.23,
            "net_income": 64683,
            "net_income_4q": null,
            "revenue": 268772,
            "revenue_4q": null,
            "common_shares": 1138000,
            "book_valuer_per_share": 25.16,
            "book_valuer_per_share_4q_avg": 27,
            "equity": 2862875,
            "current_ratio": 534.29,
            "debt_ratio": 11.9,
            "inventory_turnover_ratio": 0.7,
            "account_receivable_turnover_ratio": null,
            "reinvestment_rate": 66.09,
            "research_to_sale_ratio": null,
            "price_fair": 39.24,
            "eps_avg_yearly": 2.14,
            "eps_latest_yearly": 2.28,
            "eps_growth_yearly": 8.34
        },
        "20031": {
            "year_quarter": 20031,
            "year": 2003,
            "quarter": 1,
            "eps": 0.47,
            "eps_growth_year": -22.95,
            "eps_4q": 1.91,
            "eps_4q_growth_year": -25.22,
            "roe": 1.86,
            "roe_4q": 7.760000000000001,
            "gross_profit": 67471,
            "gross_margin": 27.78,
            "gross_margin_4q_avg": 27.12,
            "net_income": 53612,
            "net_income_4q": null,
            "revenue": 242911,
            "revenue_4q": null,
            "common_shares": 1138000,
            "book_valuer_per_share": 25.63,
            "book_valuer_per_share_4q_avg": 26.16,
            "equity": 2916884,
            "current_ratio": 696.74,
            "debt_ratio": 8.79,
            "inventory_turnover_ratio": 0.65,
            "account_receivable_turnover_ratio": null,
            "reinvestment_rate": 51.72,
            "research_to_sale_ratio": null,
            "price_fair": 6.26,
            "eps_avg_yearly": 2.09,
            "eps_latest_yearly": 1.88,
            "eps_growth_yearly": -7.37
        },
        "20032": {
            "year_quarter": 20032,
            "year": 2003,
            "quarter": 2,
            "eps": 0.67,
            "eps_growth_year": 28.85,
            "eps_4q": 2.16,
            "eps_4q_growth_year": -0.44,
            "roe": 2.6,
            "roe_4q": 8.57,
            "gross_profit": 99835,
            "gross_margin": 32.24,
            "gross_margin_4q_avg": 28.22,
            "net_income": 76027,
            "net_income_4q": null,
            "revenue": 309640,
            "revenue_4q": null,
            "common_shares": 1138000,
            "book_valuer_per_share": 25.67,
            "book_valuer_per_share_4q_avg": 25.26,
            "equity": 2921047,
            "current_ratio": 468.53,
            "debt_ratio": 13.02,
            "inventory_turnover_ratio": 0.99,
            "account_receivable_turnover_ratio": null,
            "reinvestment_rate": 50.82,
            "research_to_sale_ratio": null,
            "price_fair": 70.48,
            "eps_avg_yearly": 2.19,
            "eps_latest_yearly": 2.68,
            "eps_growth_yearly": 22.23
        },
        "20033": {
            "year_quarter": 20033,
            "year": 2003,
            "quarter": 3,
            "eps": 0.6,
            "eps_growth_year": 36.36,
            "eps_4q": 2.15,
            "eps_4q_growth_year": 18.02,
            "roe": 2.54,
            "roe_4q": 9.290000000000001,
            "gross_profit": 114724,
            "gross_margin": 32.06,
            "gross_margin_4q_avg": 29.76,
            "net_income": 75201,
            "net_income_4q": null,
            "revenue": 357797,
            "revenue_4q": null,
            "common_shares": 1262000,
            "book_valuer_per_share": 23.69,
            "book_valuer_per_share_4q_avg": 25.04,
            "equity": 2989521,
            "current_ratio": 537.33,
            "debt_ratio": 11.47,
            "inventory_turnover_ratio": 1.14,
            "account_receivable_turnover_ratio": null,
            "reinvestment_rate": 45.62,
            "research_to_sale_ratio": null,
            "price_fair": 51.18,
            "eps_avg_yearly": 2.22,
            "eps_latest_yearly": 2.4,
            "eps_growth_yearly": 13.08
        },
        "20034": {
            "year_quarter": 20034,
            "year": 2003,
            "quarter": 4,
            "eps": 0.77,
            "eps_growth_year": 35.09,
            "eps_4q": 2.4,
            "eps_4q_growth_year": 23.3,
            "roe": 3.19,
            "roe_4q": 10.19,
            "gross_profit": 115980,
            "gross_margin": 31.06,
            "gross_margin_4q_avg": 30.79,
            "net_income": 96943,
            "net_income_4q": null,
            "revenue": 373462,
            "revenue_4q": null,
            "common_shares": 1262000,
            "book_valuer_per_share": 24.47,
            "book_valuer_per_share_4q_avg": 24.87,
            "equity": 3088173,
            "current_ratio": 436.86,
            "debt_ratio": 14,
            "inventory_turnover_ratio": 0.89,
            "account_receivable_turnover_ratio": null,
            "reinvestment_rate": 60.22,
            "research_to_sale_ratio": null,
            "price_fair": 81.38,
            "eps_avg_yearly": 2.33,
            "eps_latest_yearly": 3.08,
            "eps_growth_yearly": 25.62
        },
        "20041": {
            "year_quarter": 20041,
            "year": 2004,
            "quarter": 1,
            "eps": 0.56,
            "eps_growth_year": 19.15,
            "eps_4q": 2.54,
            "eps_4q_growth_year": 33.26,
            "roe": 2.25,
            "roe_4q": 10.58,
            "gross_profit": 106067,
            "gross_margin": 32.5,
            "gross_margin_4q_avg": 31.97,
            "net_income": 70148,
            "net_income_4q": null,
            "revenue": 326401,
            "revenue_4q": null,
            "common_shares": 1262000,
            "book_valuer_per_share": 24.95,
            "book_valuer_per_share_4q_avg": 24.7,
            "equity": 3148302,
            "current_ratio": 552.83,
            "debt_ratio": 10.98,
            "inventory_turnover_ratio": 0.8,
            "account_receivable_turnover_ratio": null,
            "reinvestment_rate": 44.19,
            "research_to_sale_ratio": null,
            "price_fair": 47.81,
            "eps_avg_yearly": 2.32,
            "eps_latest_yearly": 2.24,
            "eps_growth_yearly": 10.65
        },
        "20042": {
            "year_quarter": 20042,
            "year": 2004,
            "quarter": 2,
            "eps": 0.51,
            "eps_growth_year": -23.88,
            "eps_4q": 2.26,
            "eps_4q_growth_year": 4.82,
            "roe": 2.28,
            "roe_4q": 10.259999999999998,
            "gross_profit": 134629,
            "gross_margin": 34.45,
            "gross_margin_4q_avg": 32.52,
            "net_income": 70626,
            "net_income_4q": null,
            "revenue": 390761,
            "revenue_4q": null,
            "common_shares": 1262000,
            "book_valuer_per_share": 24.22,
            "book_valuer_per_share_4q_avg": 24.33,
            "equity": 3056490,
            "current_ratio": 359.82,
            "debt_ratio": 16.4,
            "inventory_turnover_ratio": 1.35,
            "account_receivable_turnover_ratio": null,
            "reinvestment_rate": 43.34,
            "research_to_sale_ratio": null,
            "price_fair": 36.63,
            "eps_avg_yearly": 2.29,
            "eps_latest_yearly": 2.04,
            "eps_growth_yearly": 6.01
        },
        "20043": {
            "year_quarter": 20043,
            "year": 2004,
            "quarter": 3,
            "eps": 0.6,
            "eps_growth_year": 0,
            "eps_4q": 2.32,
            "eps_4q_growth_year": 7.71,
            "roe": 2.68,
            "roe_4q": 10.4,
            "gross_profit": 108981,
            "gross_margin": 29.28,
            "gross_margin_4q_avg": 31.82,
            "net_income": 83105,
            "net_income_4q": null,
            "revenue": 372251,
            "revenue_4q": null,
            "common_shares": 1380000,
            "book_valuer_per_share": 22.8,
            "book_valuer_per_share_4q_avg": 24.11,
            "equity": 3146943,
            "current_ratio": 429.12,
            "debt_ratio": 12.87,
            "inventory_turnover_ratio": 1.33,
            "account_receivable_turnover_ratio": null,
            "reinvestment_rate": 27.23,
            "research_to_sale_ratio": null,
            "price_fair": 50.29,
            "eps_avg_yearly": 2.3,
            "eps_latest_yearly": 2.4,
            "eps_growth_yearly": 11.88
        },
        "20044": {
            "year_quarter": 20044,
            "year": 2004,
            "quarter": 4,
            "eps": -0.18,
            "eps_growth_year": -123.38,
            "eps_4q": 1.44,
            "eps_4q_growth_year": -39.93,
            "roe": -0.8,
            "roe_4q": 6.41,
            "gross_profit": 89513,
            "gross_margin": 25.72,
            "gross_margin_4q_avg": 30.49,
            "net_income": -24954,
            "net_income_4q": null,
            "revenue": 348092,
            "revenue_4q": null,
            "common_shares": 1380000,
            "book_valuer_per_share": 22.23,
            "book_valuer_per_share_4q_avg": 23.55,
            "equity": 3067162,
            "current_ratio": 326.82,
            "debt_ratio": 17.31,
            "inventory_turnover_ratio": 0.79,
            "account_receivable_turnover_ratio": null,
            "reinvestment_rate": 81.85,
            "research_to_sale_ratio": null,
            "price_fair": 50.29,
            "eps_avg_yearly": 2.3,
            "eps_latest_yearly": 2.4,
            "eps_growth_yearly": 11.88
        },
        "20051": {
            "year_quarter": 20051,
            "year": 2005,
            "quarter": 1,
            "eps": 0.47,
            "eps_growth_year": -16.07,
            "eps_4q": 1.42,
            "eps_4q_growth_year": -43.94,
            "roe": 2.06,
            "roe_4q": 6.220000000000001,
            "gross_profit": 73550,
            "gross_margin": 23.95,
            "gross_margin_4q_avg": 28.35,
            "net_income": 63397,
            "net_income_4q": null,
            "revenue": 307102,
            "revenue_4q": null,
            "common_shares": 1360000,
            "book_valuer_per_share": 22.77,
            "book_valuer_per_share_4q_avg": 23.01,
            "equity": 3096556,
            "current_ratio": 379.68,
            "debt_ratio": 13.6,
            "inventory_turnover_ratio": 0.73,
            "account_receivable_turnover_ratio": null,
            "reinvestment_rate": 24.47,
            "research_to_sale_ratio": null,
            "price_fair": 50.29,
            "eps_avg_yearly": 2.3,
            "eps_latest_yearly": 2.4,
            "eps_growth_yearly": 11.88
        },
        "20052": {
            "year_quarter": 20052,
            "year": 2005,
            "quarter": 2,
            "eps": 0.21,
            "eps_growth_year": -58.82,
            "eps_4q": 1.11,
            "eps_4q_growth_year": -50.97,
            "roe": 0.93,
            "roe_4q": 4.870000000000001,
            "gross_profit": 65506,
            "gross_margin": 21.04,
            "gross_margin_4q_avg": 25,
            "net_income": 28425,
            "net_income_4q": null,
            "revenue": 311394,
            "revenue_4q": null,
            "common_shares": 1360000,
            "book_valuer_per_share": 22.28,
            "book_valuer_per_share_4q_avg": 22.52,
            "equity": 3030072,
            "current_ratio": 355.01,
            "debt_ratio": 14.3,
            "inventory_turnover_ratio": 1.41,
            "account_receivable_turnover_ratio": null,
            "reinvestment_rate": 18.4,
            "research_to_sale_ratio": null,
            "price_fair": 6.53,
            "eps_avg_yearly": 2.18,
            "eps_latest_yearly": 0.84,
            "eps_growth_yearly": -7.55
        },
        "20053": {
            "year_quarter": 20053,
            "year": 2005,
            "quarter": 3,
            "eps": 0.62,
            "eps_growth_year": 3.33,
            "eps_4q": 1.08,
            "eps_4q_growth_year": -53.17,
            "roe": 2.88,
            "roe_4q": 5.07,
            "gross_profit": 90430,
            "gross_margin": 25.99,
            "gross_margin_4q_avg": 24.18,
            "net_income": 89221,
            "net_income_4q": null,
            "revenue": 347947,
            "revenue_4q": null,
            "common_shares": 1453000,
            "book_valuer_per_share": 21.72,
            "book_valuer_per_share_4q_avg": 22.25,
            "equity": 3155529,
            "current_ratio": 350.03,
            "debt_ratio": 14.37,
            "inventory_turnover_ratio": 1.56,
            "account_receivable_turnover_ratio": null,
            "reinvestment_rate": 4.56,
            "research_to_sale_ratio": null,
            "price_fair": 77,
            "eps_avg_yearly": 2.2,
            "eps_latest_yearly": 2.48,
            "eps_growth_yearly": 53.11
        },
        "20054": {
            "year_quarter": 20054,
            "year": 2005,
            "quarter": 4,
            "eps": 0.45,
            "eps_growth_year": null,
            "eps_4q": 1.71,
            "eps_4q_growth_year": 18.72,
            "roe": 2.04,
            "roe_4q": 7.91,
            "gross_profit": 91338,
            "gross_margin": 25.99,
            "gross_margin_4q_avg": 24.24,
            "net_income": 64682,
            "net_income_4q": null,
            "revenue": 351403,
            "revenue_4q": null,
            "common_shares": 1423000,
            "book_valuer_per_share": 22.42,
            "book_valuer_per_share_4q_avg": 22.3,
            "equity": 3189684,
            "current_ratio": 361.85,
            "debt_ratio": 15.83,
            "inventory_turnover_ratio": 0.81,
            "account_receivable_turnover_ratio": null,
            "reinvestment_rate": 69.46,
            "research_to_sale_ratio": null,
            "price_fair": 76,
            "eps_avg_yearly": 2.17,
            "eps_latest_yearly": 1.8,
            "eps_growth_yearly": 41.48
        },
        "20061": {
            "year_quarter": 20061,
            "year": 2006,
            "quarter": 1,
            "eps": 0.42,
            "eps_growth_year": -10.64,
            "eps_4q": 1.7,
            "eps_4q_growth_year": 19.05,
            "roe": 1.87,
            "roe_4q": 7.72,
            "gross_profit": 76732,
            "gross_margin": 24.65,
            "gross_margin_4q_avg": 24.42,
            "net_income": 60012,
            "net_income_4q": null,
            "revenue": 311278,
            "revenue_4q": null,
            "common_shares": 1423000,
            "book_valuer_per_share": 22.69,
            "book_valuer_per_share_4q_avg": 22.28,
            "equity": 3228524,
            "current_ratio": 531.42,
            "debt_ratio": 10.74,
            "inventory_turnover_ratio": 0.74,
            "account_receivable_turnover_ratio": null,
            "reinvestment_rate": -10.93,
            "research_to_sale_ratio": null,
            "price_fair": 74.1,
            "eps_avg_yearly": 2.12,
            "eps_latest_yearly": 1.68,
            "eps_growth_yearly": 37.02
        },
        "20062": {
            "year_quarter": 20062,
            "year": 2006,
            "quarter": 2,
            "eps": 0.51,
            "eps_growth_year": 142.86,
            "eps_4q": 2.02,
            "eps_4q_growth_year": 82.45,
            "roe": 2.25,
            "roe_4q": 9.04,
            "gross_profit": 74830,
            "gross_margin": 24.08,
            "gross_margin_4q_avg": 25.18,
            "net_income": 72175,
            "net_income_4q": null,
            "revenue": 310733,
            "revenue_4q": null,
            "common_shares": 1423000,
            "book_valuer_per_share": 22.43,
            "book_valuer_per_share_4q_avg": 22.32,
            "equity": 3192129,
            "current_ratio": 374.82,
            "debt_ratio": 13.75,
            "inventory_turnover_ratio": 1.46,
            "account_receivable_turnover_ratio": null,
            "reinvestment_rate": -15.93,
            "research_to_sale_ratio": null,
            "price_fair": 74,
            "eps_avg_yearly": 2.11,
            "eps_latest_yearly": 2.04,
            "eps_growth_yearly": 47.36
        },
        "20063": {
            "year_quarter": 20063,
            "year": 2006,
            "quarter": 3,
            "eps": 0.56,
            "eps_growth_year": -9.68,
            "eps_4q": 1.81,
            "eps_4q_growth_year": 67.11,
            "roe": 2.7,
            "roe_4q": 8.86,
            "gross_profit": 92712,
            "gross_margin": 26.15,
            "gross_margin_4q_avg": 25.22,
            "net_income": 88012,
            "net_income_4q": null,
            "revenue": 354480,
            "revenue_4q": null,
            "common_shares": 1580000,
            "book_valuer_per_share": 21.08,
            "book_valuer_per_share_4q_avg": 22.16,
            "equity": 3330337,
            "current_ratio": 437.42,
            "debt_ratio": 11.03,
            "inventory_turnover_ratio": 1.5,
            "account_receivable_turnover_ratio": null,
            "reinvestment_rate": -26.52,
            "research_to_sale_ratio": null,
            "price_fair": 75.2,
            "eps_avg_yearly": 2.15,
            "eps_latest_yearly": 2.24,
            "eps_growth_yearly": 54.56
        },
        "20064": {
            "year_quarter": 20064,
            "year": 2006,
            "quarter": 4,
            "eps": 0.52,
            "eps_growth_year": 15.56,
            "eps_4q": 1.92,
            "eps_4q_growth_year": 12.41,
            "roe": 2.43,
            "roe_4q": 9.25,
            "gross_profit": 84263,
            "gross_margin": 24.3,
            "gross_margin_4q_avg": 24.8,
            "net_income": 81686,
            "net_income_4q": null,
            "revenue": 346797,
            "revenue_4q": null,
            "common_shares": 1580000,
            "book_valuer_per_share": 21.54,
            "book_valuer_per_share_4q_avg": 21.94,
            "equity": 3403812,
            "current_ratio": 327.64,
            "debt_ratio": 18.67,
            "inventory_turnover_ratio": 0.64,
            "account_receivable_turnover_ratio": null,
            "reinvestment_rate": 59.87,
            "research_to_sale_ratio": null,
            "price_fair": 74.7,
            "eps_avg_yearly": 2.13,
            "eps_latest_yearly": 2.08,
            "eps_growth_yearly": 44.08
        },
        "20071": {
            "year_quarter": 20071,
            "year": 2007,
            "quarter": 1,
            "eps": 0.51,
            "eps_growth_year": 21.43,
            "eps_4q": 2.05,
            "eps_4q_growth_year": 20.76,
            "roe": 2.31,
            "roe_4q": 9.690000000000001,
            "gross_profit": 32184,
            "gross_margin": 13.43,
            "gross_margin_4q_avg": 21.99,
            "net_income": 80199,
            "net_income_4q": null,
            "revenue": 239643,
            "revenue_4q": null,
            "common_shares": 1580000,
            "book_valuer_per_share": 22.31,
            "book_valuer_per_share_4q_avg": 21.84,
            "equity": 3524990,
            "current_ratio": 540.15,
            "debt_ratio": 8.53,
            "inventory_turnover_ratio": 0.5,
            "account_receivable_turnover_ratio": null,
            "reinvestment_rate": -26.34,
            "research_to_sale_ratio": null,
            "price_fair": 75.1,
            "eps_avg_yearly": 2.15,
            "eps_latest_yearly": 2.04,
            "eps_growth_yearly": 48.54
        },
        "20072": {
            "year_quarter": 20072,
            "year": 2007,
            "quarter": 2,
            "eps": 0.05,
            "eps_growth_year": -90.2,
            "eps_4q": 1.78,
            "eps_4q_growth_year": -12.18,
            "roe": 0.2,
            "roe_4q": 7.640000000000001,
            "gross_profit": 46419,
            "gross_margin": 15.39,
            "gross_margin_4q_avg": 19.82,
            "net_income": 7242,
            "net_income_4q": null,
            "revenue": 301634,
            "revenue_4q": null,
            "common_shares": 1580000,
            "book_valuer_per_share": 22.44,
            "book_valuer_per_share_4q_avg": 21.84,
            "equity": 3545135,
            "current_ratio": 366.51,
            "debt_ratio": 12.3,
            "inventory_turnover_ratio": 1.42,
            "account_receivable_turnover_ratio": null,
            "reinvestment_rate": -31.42,
            "research_to_sale_ratio": null,
            "price_fair": 40.57,
            "eps_avg_yearly": 1.97,
            "eps_latest_yearly": 0.2,
            "eps_growth_yearly": 10.61
        },
        "20073": {
            "year_quarter": 20073,
            "year": 2007,
            "quarter": 3,
            "eps": 0.51,
            "eps_growth_year": -8.93,
            "eps_4q": 1.59,
            "eps_4q_growth_year": -12.09,
            "roe": 2.25,
            "roe_4q": 7.1899999999999995,
            "gross_profit": 148187,
            "gross_margin": 31.92,
            "gross_margin_4q_avg": 21.26,
            "net_income": 79609,
            "net_income_4q": null,
            "revenue": 464213,
            "revenue_4q": null,
            "common_shares": 1580000,
            "book_valuer_per_share": 22.26,
            "book_valuer_per_share_4q_avg": 22.14,
            "equity": 3516986,
            "current_ratio": 199.89,
            "debt_ratio": 19.94,
            "inventory_turnover_ratio": 1.75,
            "account_receivable_turnover_ratio": null,
            "reinvestment_rate": -25.19,
            "research_to_sale_ratio": null,
            "price_fair": 68,
            "eps_avg_yearly": 1.94,
            "eps_latest_yearly": 2.04,
            "eps_growth_yearly": 276.45
        },
        "20074": {
            "year_quarter": 20074,
            "year": 2007,
            "quarter": 4,
            "eps": 0.25,
            "eps_growth_year": -51.92,
            "eps_4q": 1.2,
            "eps_4q_growth_year": -37.65,
            "roe": 1.24,
            "roe_4q": 6,
            "gross_profit": 90505,
            "gross_margin": 22.39,
            "gross_margin_4q_avg": 20.78,
            "net_income": 44045,
            "net_income_4q": null,
            "revenue": 404253,
            "revenue_4q": null,
            "common_shares": 1785820,
            "book_valuer_per_share": 19.96,
            "book_valuer_per_share_4q_avg": 21.74,
            "equity": 3609312,
            "current_ratio": 242.28,
            "debt_ratio": 24.24,
            "inventory_turnover_ratio": 0.69,
            "account_receivable_turnover_ratio": null,
            "reinvestment_rate": 76.62,
            "research_to_sale_ratio": null,
            "price_fair": 62.8,
            "eps_avg_yearly": 1.79,
            "eps_latest_yearly": 1,
            "eps_growth_yearly": 253.79
        },
        "20081": {
            "year_quarter": 20081,
            "year": 2008,
            "quarter": 1,
            "eps": 0.06,
            "eps_growth_year": -88.24,
            "eps_4q": 0.59,
            "eps_4q_growth_year": -71.12,
            "roe": 0.39,
            "roe_4q": 4.08,
            "gross_profit": 187916,
            "gross_margin": 28.5,
            "gross_margin_4q_avg": 24.55,
            "net_income": 14405,
            "net_income_4q": null,
            "revenue": 659390,
            "revenue_4q": null,
            "common_shares": 1755820,
            "book_valuer_per_share": 20.1,
            "book_valuer_per_share_4q_avg": 21.19,
            "equity": 3765301,
            "current_ratio": 204.33,
            "debt_ratio": 28.73,
            "inventory_turnover_ratio": 0.63,
            "account_receivable_turnover_ratio": null,
            "reinvestment_rate": 104.87,
            "research_to_sale_ratio": null,
            "price_fair": 57.8,
            "eps_avg_yearly": 1.65,
            "eps_latest_yearly": 0.24,
            "eps_growth_yearly": 239.87
        },
        "20082": {
            "year_quarter": 20082,
            "year": 2008,
            "quarter": 2,
            "eps": 0.53,
            "eps_growth_year": 960,
            "eps_4q": 1.29,
            "eps_4q_growth_year": -27.13,
            "roe": 2.53,
            "roe_4q": 6.41,
            "gross_profit": 229220,
            "gross_margin": 31.64,
            "gross_margin_4q_avg": 28.61,
            "net_income": 93405,
            "net_income_4q": null,
            "revenue": 724473,
            "revenue_4q": null,
            "common_shares": 1755820,
            "book_valuer_per_share": 20.26,
            "book_valuer_per_share_4q_avg": 20.65,
            "equity": 3616669,
            "current_ratio": 231.15,
            "debt_ratio": 26.59,
            "inventory_turnover_ratio": 0.66,
            "account_receivable_turnover_ratio": null,
            "reinvestment_rate": 95.91,
            "research_to_sale_ratio": null,
            "price_fair": 58,
            "eps_avg_yearly": 1.66,
            "eps_latest_yearly": 2.12,
            "eps_growth_yearly": 466.23
        },
        "20083": {
            "year_quarter": 20083,
            "year": 2008,
            "quarter": 3,
            "eps": 0.58,
            "eps_growth_year": 13.73,
            "eps_4q": 1.35,
            "eps_4q_growth_year": -15.33,
            "roe": 3,
            "roe_4q": 7.159999999999999,
            "gross_profit": 279767,
            "gross_margin": 34.37,
            "gross_margin_4q_avg": 29.23,
            "net_income": 110808,
            "net_income_4q": null,
            "revenue": 814076,
            "revenue_4q": null,
            "common_shares": 1898000,
            "book_valuer_per_share": 19.64,
            "book_valuer_per_share_4q_avg": 19.99,
            "equity": 3773319,
            "current_ratio": 208.92,
            "debt_ratio": 29.76,
            "inventory_turnover_ratio": 0.67,
            "account_receivable_turnover_ratio": null,
            "reinvestment_rate": 110.91,
            "research_to_sale_ratio": null,
            "price_fair": 57.8,
            "eps_avg_yearly": 1.65,
            "eps_latest_yearly": 2.32,
            "eps_growth_yearly": 463.88
        },
        "20084": {
            "year_quarter": 20084,
            "year": 2008,
            "quarter": 4,
            "eps": -0.1,
            "eps_growth_year": -140,
            "eps_4q": 1.07,
            "eps_4q_growth_year": -10.84,
            "roe": -0.69,
            "roe_4q": 5.2299999999999995,
            "gross_profit": 135021,
            "gross_margin": 27.96,
            "gross_margin_4q_avg": 30.62,
            "net_income": -26122,
            "net_income_4q": null,
            "revenue": 482946,
            "revenue_4q": null,
            "common_shares": 1878000,
            "book_valuer_per_share": 19.8,
            "book_valuer_per_share_4q_avg": 19.95,
            "equity": 3758586,
            "current_ratio": 263.68,
            "debt_ratio": 22.9,
            "inventory_turnover_ratio": 0.41,
            "account_receivable_turnover_ratio": 1.09,
            "reinvestment_rate": 48.74,
            "research_to_sale_ratio": null,
            "price_fair": 57.8,
            "eps_avg_yearly": 1.65,
            "eps_latest_yearly": 2.32,
            "eps_growth_yearly": 463.88
        },
        "20091": {
            "year_quarter": 20091,
            "year": 2009,
            "quarter": 1,
            "eps": 0.17,
            "eps_growth_year": 183.33,
            "eps_4q": 1.24,
            "eps_4q_growth_year": 109.8,
            "roe": 0.77,
            "roe_4q": 5.609999999999999,
            "gross_profit": 114268,
            "gross_margin": 20.06,
            "gross_margin_4q_avg": 28.51,
            "net_income": 29467,
            "net_income_4q": null,
            "revenue": 569673,
            "revenue_4q": null,
            "common_shares": 1878000,
            "book_valuer_per_share": 20.33,
            "book_valuer_per_share_4q_avg": 20.01,
            "equity": 3882184,
            "current_ratio": 293.5,
            "debt_ratio": 20.27,
            "inventory_turnover_ratio": 0.57,
            "account_receivable_turnover_ratio": 0.71,
            "reinvestment_rate": 118.67,
            "research_to_sale_ratio": null,
            "price_fair": 57.8,
            "eps_avg_yearly": 1.65,
            "eps_latest_yearly": 2.32,
            "eps_growth_yearly": 463.88
        },
        "20092": {
            "year_quarter": 20092,
            "year": 2009,
            "quarter": 2,
            "eps": 0.4,
            "eps_growth_year": -24.53,
            "eps_4q": 1.02,
            "eps_4q_growth_year": -21.14,
            "roe": 2.01,
            "roe_4q": 5.09,
            "gross_profit": 220669,
            "gross_margin": 29.66,
            "gross_margin_4q_avg": 28.01,
            "net_income": 76543,
            "net_income_4q": null,
            "revenue": 744048,
            "revenue_4q": null,
            "common_shares": 1878000,
            "book_valuer_per_share": 19.66,
            "book_valuer_per_share_4q_avg": 19.86,
            "equity": 3735251,
            "current_ratio": 307.7,
            "debt_ratio": 20.83,
            "inventory_turnover_ratio": 0.74,
            "account_receivable_turnover_ratio": 0.89,
            "reinvestment_rate": 107.76,
            "research_to_sale_ratio": null,
            "price_fair": 59.7,
            "eps_avg_yearly": 1.71,
            "eps_latest_yearly": 1.6,
            "eps_growth_yearly": 518.34
        },
        "20093": {
            "year_quarter": 20093,
            "year": 2009,
            "quarter": 3,
            "eps": 0.79,
            "eps_growth_year": 36.21,
            "eps_4q": 1.24,
            "eps_4q_growth_year": -7.9,
            "roe": 3.91,
            "roe_4q": 6,
            "gross_profit": 330588,
            "gross_margin": 37.46,
            "gross_margin_4q_avg": 28.79,
            "net_income": 149628,
            "net_income_4q": null,
            "revenue": 882504,
            "revenue_4q": null,
            "common_shares": 1958309,
            "book_valuer_per_share": 19.79,
            "book_valuer_per_share_4q_avg": 19.9,
            "equity": 3917073,
            "current_ratio": 249.7,
            "debt_ratio": 24.99,
            "inventory_turnover_ratio": 0.83,
            "account_receivable_turnover_ratio": 0.81,
            "reinvestment_rate": 113.07,
            "research_to_sale_ratio": null,
            "price_fair": 61.4,
            "eps_avg_yearly": 1.75,
            "eps_latest_yearly": 3.16,
            "eps_growth_yearly": 490.42
        },
        "20094": {
            "year_quarter": 20094,
            "year": 2009,
            "quarter": 4,
            "eps": 0.29,
            "eps_growth_year": null,
            "eps_4q": 1.6,
            "eps_4q_growth_year": 49.54,
            "roe": 1.49,
            "roe_4q": 8.18,
            "gross_profit": 282561,
            "gross_margin": 35.13,
            "gross_margin_4q_avg": 30.58,
            "net_income": 58565,
            "net_income_4q": null,
            "revenue": 804328,
            "revenue_4q": null,
            "common_shares": 1958310,
            "book_valuer_per_share": 20.15,
            "book_valuer_per_share_4q_avg": 19.98,
            "equity": 3942741,
            "current_ratio": 299.22,
            "debt_ratio": 21.27,
            "inventory_turnover_ratio": 0.76,
            "account_receivable_turnover_ratio": 1.48,
            "reinvestment_rate": 278.81,
            "research_to_sale_ratio": null,
            "price_fair": 59.8,
            "eps_avg_yearly": 1.71,
            "eps_latest_yearly": 1.16,
            "eps_growth_yearly": 480.17
        },
        "20101": {
            "year_quarter": 20101,
            "year": 2010,
            "quarter": 1,
            "eps": 0.63,
            "eps_growth_year": 270.59,
            "eps_4q": 2.03,
            "eps_4q_growth_year": 63.96,
            "roe": 3.07,
            "roe_4q": 10.479999999999999,
            "gross_profit": 289531,
            "gross_margin": 34.44,
            "gross_margin_4q_avg": 34.17,
            "net_income": 123876,
            "net_income_4q": null,
            "revenue": 840668,
            "revenue_4q": null,
            "common_shares": 2002169,
            "book_valuer_per_share": 20.57,
            "book_valuer_per_share_4q_avg": 20.04,
            "equity": 4116561,
            "current_ratio": 264.64,
            "debt_ratio": 23.93,
            "inventory_turnover_ratio": 0.75,
            "account_receivable_turnover_ratio": 0.74,
            "reinvestment_rate": 354.77,
            "research_to_sale_ratio": 1.46,
            "price_fair": 61.9,
            "eps_avg_yearly": 1.77,
            "eps_latest_yearly": 2.52,
            "eps_growth_yearly": 515.57
        },
        "20102": {
            "year_quarter": 20102,
            "year": 2010,
            "quarter": 2,
            "eps": 0.95,
            "eps_growth_year": 136.29,
            "eps_4q": 2.5,
            "eps_4q_growth_year": 145.39,
            "roe": 4.8,
            "roe_4q": 13.27,
            "gross_profit": 417305,
            "gross_margin": 37.59,
            "gross_margin_4q_avg": 36.16,
            "net_income": 202044,
            "net_income_4q": null,
            "revenue": 1110253,
            "revenue_4q": null,
            "common_shares": 2002169,
            "book_valuer_per_share": 21.32,
            "book_valuer_per_share_4q_avg": 20.46,
            "equity": 4299020,
            "current_ratio": 250.77,
            "debt_ratio": 27.7,
            "inventory_turnover_ratio": 0.86,
            "account_receivable_turnover_ratio": 0.86,
            "reinvestment_rate": 343.32,
            "research_to_sale_ratio": 1.32,
            "price_fair": 66.3,
            "eps_avg_yearly": 1.89,
            "eps_latest_yearly": 3.8,
            "eps_growth_yearly": 523.96
        },
        "20103": {
            "year_quarter": 20103,
            "year": 2010,
            "quarter": 3,
            "eps": 0.61,
            "eps_growth_year": -22.35,
            "eps_4q": 2.4,
            "eps_4q_growth_year": 93.42,
            "roe": 3.12,
            "roe_4q": 12.48,
            "gross_profit": 361168,
            "gross_margin": 34.54,
            "gross_margin_4q_avg": 35.43,
            "net_income": 136153,
            "net_income_4q": null,
            "revenue": 1045671,
            "revenue_4q": null,
            "common_shares": 2126978,
            "book_valuer_per_share": 20.59,
            "book_valuer_per_share_4q_avg": 20.66,
            "equity": 4417764,
            "current_ratio": 282.62,
            "debt_ratio": 28.34,
            "inventory_turnover_ratio": 0.74,
            "account_receivable_turnover_ratio": 0.74,
            "reinvestment_rate": 337.07,
            "research_to_sale_ratio": 1.51,
            "price_fair": 66.8,
            "eps_avg_yearly": 1.91,
            "eps_latest_yearly": 2.44,
            "eps_growth_yearly": 510.94
        },
        "20104": {
            "year_quarter": 20104,
            "year": 2010,
            "quarter": 4,
            "eps": 0.38,
            "eps_growth_year": 31.12,
            "eps_4q": 2.52,
            "eps_4q_growth_year": 57.76,
            "roe": 1.82,
            "roe_4q": 12.81,
            "gross_profit": 264911,
            "gross_margin": 27.82,
            "gross_margin_4q_avg": 33.6,
            "net_income": 80378,
            "net_income_4q": null,
            "revenue": 952395,
            "revenue_4q": null,
            "common_shares": 2126978,
            "book_valuer_per_share": 20.5,
            "book_valuer_per_share_4q_avg": 20.75,
            "equity": 4394590,
            "current_ratio": 199.84,
            "debt_ratio": 31.7,
            "inventory_turnover_ratio": 0.71,
            "account_receivable_turnover_ratio": 0.74,
            "reinvestment_rate": 106.41,
            "research_to_sale_ratio": 1.86,
            "price_fair": 65.4,
            "eps_avg_yearly": 1.87,
            "eps_latest_yearly": 1.52,
            "eps_growth_yearly": 502.2
        },
        "20111": {
            "year_quarter": 20111,
            "year": 2011,
            "quarter": 1,
            "eps": 0.45,
            "eps_growth_year": -28.57,
            "eps_4q": 2.35,
            "eps_4q_growth_year": 15.75,
            "roe": 2.21,
            "roe_4q": 11.95,
            "gross_profit": 217036,
            "gross_margin": 23,
            "gross_margin_4q_avg": 30.74,
            "net_income": 99048,
            "net_income_4q": null,
            "revenue": 943621,
            "revenue_4q": null,
            "common_shares": 2151468,
            "book_valuer_per_share": 21.07,
            "book_valuer_per_share_4q_avg": 20.87,
            "equity": 4579167,
            "current_ratio": 205.82,
            "debt_ratio": 33.38,
            "inventory_turnover_ratio": 0.7,
            "account_receivable_turnover_ratio": 0.76,
            "reinvestment_rate": 192.05,
            "research_to_sale_ratio": 2.01,
            "price_fair": 64.8,
            "eps_avg_yearly": 1.85,
            "eps_latest_yearly": 1.8,
            "eps_growth_yearly": 508.02
        },
        "20112": {
            "year_quarter": 20112,
            "year": 2011,
            "quarter": 2,
            "eps": 0.09,
            "eps_growth_year": -90.28,
            "eps_4q": 1.39,
            "eps_4q_growth_year": -44.29,
            "roe": 0.56,
            "roe_4q": 7.71,
            "gross_profit": 193096,
            "gross_margin": 20.03,
            "gross_margin_4q_avg": 26.35,
            "net_income": 25344,
            "net_income_4q": null,
            "revenue": 964208,
            "revenue_4q": null,
            "common_shares": 2151468,
            "book_valuer_per_share": 20.24,
            "book_valuer_per_share_4q_avg": 20.6,
            "equity": 4412516,
            "current_ratio": 194.91,
            "debt_ratio": 32.59,
            "inventory_turnover_ratio": 0.66,
            "account_receivable_turnover_ratio": 0.75,
            "reinvestment_rate": 194.81,
            "research_to_sale_ratio": 2.53,
            "price_fair": 65.2,
            "eps_avg_yearly": 1.86,
            "eps_latest_yearly": 0.36,
            "eps_growth_yearly": 510.93
        },
        "20113": {
            "year_quarter": 20113,
            "year": 2011,
            "quarter": 3,
            "eps": 0.47,
            "eps_growth_year": -23.14,
            "eps_4q": 1.32,
            "eps_4q_growth_year": -45.14,
            "roe": 2.5,
            "roe_4q": 7.09,
            "gross_profit": 174859,
            "gross_margin": 18.9,
            "gross_margin_4q_avg": 22.44,
            "net_income": 113455,
            "net_income_4q": null,
            "revenue": 925154,
            "revenue_4q": null,
            "common_shares": 2332010,
            "book_valuer_per_share": 19.74,
            "book_valuer_per_share_4q_avg": 20.39,
            "equity": 4662873,
            "current_ratio": 224.49,
            "debt_ratio": 30.46,
            "inventory_turnover_ratio": 0.6,
            "account_receivable_turnover_ratio": 0.76,
            "reinvestment_rate": 193.8,
            "research_to_sale_ratio": 1.41,
            "price_fair": 64.8,
            "eps_avg_yearly": 1.85,
            "eps_latest_yearly": 1.88,
            "eps_growth_yearly": 368.71
        },
        "20114": {
            "year_quarter": 20114,
            "year": 2011,
            "quarter": 4,
            "eps": 0,
            "eps_growth_year": -99.07,
            "eps_4q": 0.98,
            "eps_4q_growth_year": -61.24,
            "roe": 0,
            "roe_4q": 5.27,
            "gross_profit": 156838,
            "gross_margin": 17.69,
            "gross_margin_4q_avg": 19.91,
            "net_income": 175,
            "net_income_4q": null,
            "revenue": 886636,
            "revenue_4q": null,
            "common_shares": 2332010,
            "book_valuer_per_share": 19.74,
            "book_valuer_per_share_4q_avg": 20.2,
            "equity": 4661675,
            "current_ratio": 247.48,
            "debt_ratio": 26.24,
            "inventory_turnover_ratio": 0.61,
            "account_receivable_turnover_ratio": 0.75,
            "reinvestment_rate": 102.45,
            "research_to_sale_ratio": 1.1,
            "price_fair": 67.09,
            "eps_avg_yearly": 1.92,
            "eps_latest_yearly": 1.88,
            "eps_growth_yearly": 412.76
        },
        "20121": {
            "year_quarter": 20121,
            "year": 2012,
            "quarter": 1,
            "eps": 0.05,
            "eps_growth_year": -88.89,
            "eps_4q": 0.61,
            "eps_4q_growth_year": -73.89,
            "roe": 0.31,
            "roe_4q": 3.37,
            "gross_profit": 124709,
            "gross_margin": 14.97,
            "gross_margin_4q_avg": 17.9,
            "net_income": 14458,
            "net_income_4q": null,
            "revenue": 833220,
            "revenue_4q": null,
            "common_shares": 2355510,
            "book_valuer_per_share": 19.54,
            "book_valuer_per_share_4q_avg": 19.82,
            "equity": 4663318,
            "current_ratio": 306.27,
            "debt_ratio": 23.92,
            "inventory_turnover_ratio": 0.69,
            "account_receivable_turnover_ratio": 0.77,
            "reinvestment_rate": 93.5,
            "research_to_sale_ratio": 1.39,
            "price_fair": 71.98,
            "eps_avg_yearly": 2.06,
            "eps_latest_yearly": 1.88,
            "eps_growth_yearly": 472.48
        },
        "20122": {
            "year_quarter": 20122,
            "year": 2012,
            "quarter": 2,
            "eps": 0.2,
            "eps_growth_year": 112.5,
            "eps_4q": 0.7,
            "eps_4q_growth_year": -50.04,
            "roe": 1.12,
            "roe_4q": 3.93,
            "gross_profit": 152267,
            "gross_margin": 16.03,
            "gross_margin_4q_avg": 16.9,
            "net_income": 51996,
            "net_income_4q": null,
            "revenue": 949650,
            "revenue_4q": null,
            "common_shares": 2355510,
            "book_valuer_per_share": 19.54,
            "book_valuer_per_share_4q_avg": 19.64,
            "equity": 4650068,
            "current_ratio": 220.09,
            "debt_ratio": 26.7,
            "inventory_turnover_ratio": 0.8,
            "account_receivable_turnover_ratio": 0.85,
            "reinvestment_rate": 92.88,
            "research_to_sale_ratio": 0.81,
            "price_fair": 68.13,
            "eps_avg_yearly": 1.95,
            "eps_latest_yearly": 0.8,
            "eps_growth_yearly": 311.37
        },
        "20123": {
            "year_quarter": 20123,
            "year": 2012,
            "quarter": 3,
            "eps": 0.17,
            "eps_growth_year": -64.65,
            "eps_4q": 0.42,
            "eps_4q_growth_year": -68.28,
            "roe": 0.87,
            "roe_4q": 2.3000000000000003,
            "gross_profit": 166411,
            "gross_margin": 16.59,
            "gross_margin_4q_avg": 16.32,
            "net_income": 40341,
            "net_income_4q": null,
            "revenue": 1002851,
            "revenue_4q": null,
            "common_shares": 2458893,
            "book_valuer_per_share": 18.82,
            "book_valuer_per_share_4q_avg": 19.41,
            "equity": 4643851,
            "current_ratio": 227.15,
            "debt_ratio": 27.18,
            "inventory_turnover_ratio": 0.78,
            "account_receivable_turnover_ratio": 0.81,
            "reinvestment_rate": 82.15,
            "research_to_sale_ratio": 0.59,
            "price_fair": 63.35,
            "eps_avg_yearly": 1.81,
            "eps_latest_yearly": 0.68,
            "eps_growth_yearly": 303.23
        },
        "20124": {
            "year_quarter": 20124,
            "year": 2012,
            "quarter": 4,
            "eps": 0.01,
            "eps_growth_year": 311.46,
            "eps_4q": 0.43,
            "eps_4q_growth_year": -55.81,
            "roe": 0.11,
            "roe_4q": 2.41,
            "gross_profit": 108143,
            "gross_margin": 13.15,
            "gross_margin_4q_avg": 15.19,
            "net_income": 5283,
            "net_income_4q": null,
            "revenue": 822333,
            "revenue_4q": null,
            "common_shares": 2458893,
            "book_valuer_per_share": 18.84,
            "book_valuer_per_share_4q_avg": 19.19,
            "equity": 4626695,
            "current_ratio": 224.53,
            "debt_ratio": 26.92,
            "inventory_turnover_ratio": 0.64,
            "account_receivable_turnover_ratio": 0.69,
            "reinvestment_rate": 76.95,
            "research_to_sale_ratio": 0.61,
            "price_fair": 58.58,
            "eps_avg_yearly": 1.67,
            "eps_latest_yearly": 0.04,
            "eps_growth_yearly": 250.94
        },
        "20131": {
            "year_quarter": 20131,
            "year": 2013,
            "quarter": 1,
            "eps": 0.08,
            "eps_growth_year": 60,
            "eps_4q": 0.46,
            "eps_4q_growth_year": -24.68,
            "roe": 0.46,
            "roe_4q": 2.56,
            "gross_profit": 99693,
            "gross_margin": 11.73,
            "gross_margin_4q_avg": 14.38,
            "net_income": 21808,
            "net_income_4q": null,
            "revenue": 850131,
            "revenue_4q": null,
            "common_shares": 2458893,
            "book_valuer_per_share": 19.36,
            "book_valuer_per_share_4q_avg": 19.14,
            "equity": 4755275,
            "current_ratio": 234.07,
            "debt_ratio": 33.13,
            "inventory_turnover_ratio": 0.68,
            "account_receivable_turnover_ratio": 0.77,
            "reinvestment_rate": 114.48,
            "research_to_sale_ratio": 0.76,
            "price_fair": 55.2,
            "eps_avg_yearly": 1.58,
            "eps_latest_yearly": 0.32,
            "eps_growth_yearly": 433.02
        },
        "20132": {
            "year_quarter": 20132,
            "year": 2013,
            "quarter": 2,
            "eps": 0.13,
            "eps_growth_year": -33.43,
            "eps_4q": 0.38,
            "eps_4q_growth_year": -45,
            "roe": 0.71,
            "roe_4q": 2.15,
            "gross_profit": 151975,
            "gross_margin": 15.86,
            "gross_margin_4q_avg": 14.33,
            "net_income": 33954,
            "net_income_4q": null,
            "revenue": 958307,
            "revenue_4q": null,
            "common_shares": 2458893,
            "book_valuer_per_share": 19.49,
            "book_valuer_per_share_4q_avg": 19.13,
            "equity": 4789595,
            "current_ratio": 254.68,
            "debt_ratio": 30.24,
            "inventory_turnover_ratio": 0.71,
            "account_receivable_turnover_ratio": 0.83,
            "reinvestment_rate": 116.06,
            "research_to_sale_ratio": 0.67,
            "price_fair": 52.5,
            "eps_avg_yearly": 1.5,
            "eps_latest_yearly": 0.52,
            "eps_growth_yearly": 412.22
        },
        "20133": {
            "year_quarter": 20133,
            "year": 2013,
            "quarter": 3,
            "eps": 0.12,
            "eps_growth_year": -28.01,
            "eps_4q": 0.34,
            "eps_4q_growth_year": -19.38,
            "roe": 0.67,
            "roe_4q": 1.95,
            "gross_profit": 150010,
            "gross_margin": 14.52,
            "gross_margin_4q_avg": 13.82,
            "net_income": 32007,
            "net_income_4q": null,
            "revenue": 1033291,
            "revenue_4q": null,
            "common_shares": 2507336,
            "book_valuer_per_share": 19.12,
            "book_valuer_per_share_4q_avg": 19.2,
            "equity": 4790585,
            "current_ratio": 277.94,
            "debt_ratio": 29.96,
            "inventory_turnover_ratio": 0.76,
            "account_receivable_turnover_ratio": 0.85,
            "reinvestment_rate": 117.42,
            "research_to_sale_ratio": 0.62,
            "price_fair": 45.8,
            "eps_avg_yearly": 1.31,
            "eps_latest_yearly": 0.48,
            "eps_growth_yearly": 382.17
        },
        "20134": {
            "year_quarter": 20134,
            "year": 2013,
            "quarter": 4,
            "eps": -0.02,
            "eps_growth_year": -205.39,
            "eps_4q": 0.31,
            "eps_4q_growth_year": -28.73,
            "roe": -0.06,
            "roe_4q": 1.78,
            "gross_profit": 113254,
            "gross_margin": 11.47,
            "gross_margin_4q_avg": 13.4,
            "net_income": -2692,
            "net_income_4q": null,
            "revenue": 987620,
            "revenue_4q": null,
            "common_shares": 2507336,
            "book_valuer_per_share": 19.27,
            "book_valuer_per_share_4q_avg": 19.31,
            "equity": 4829336,
            "current_ratio": 286.66,
            "debt_ratio": 29.09,
            "inventory_turnover_ratio": 0.77,
            "account_receivable_turnover_ratio": 0.79,
            "reinvestment_rate": -136.36,
            "research_to_sale_ratio": 0.68,
            "price_fair": 46.2,
            "eps_avg_yearly": 1.32,
            "eps_latest_yearly": 0.48,
            "eps_growth_yearly": 431.04
        },
        "20141": {
            "year_quarter": 20141,
            "year": 2014,
            "quarter": 1,
            "eps": 0.17,
            "eps_growth_year": 112.5,
            "eps_4q": 0.4,
            "eps_4q_growth_year": -14.18,
            "roe": 0.9,
            "roe_4q": 2.22,
            "gross_profit": 114498,
            "gross_margin": 12.63,
            "gross_margin_4q_avg": 13.62,
            "net_income": 43544,
            "net_income_4q": null,
            "revenue": 906678,
            "revenue_4q": null,
            "common_shares": 2507336,
            "book_valuer_per_share": 19.44,
            "book_valuer_per_share_4q_avg": 19.33,
            "equity": 4874004,
            "current_ratio": 206.1,
            "debt_ratio": 28.76,
            "inventory_turnover_ratio": 0.7,
            "account_receivable_turnover_ratio": 0.74,
            "reinvestment_rate": -174.83,
            "research_to_sale_ratio": 0.71,
            "price_fair": 42.7,
            "eps_avg_yearly": 1.22,
            "eps_latest_yearly": 0.48,
            "eps_growth_yearly": 427.88
        },
        "20142": {
            "year_quarter": 20142,
            "year": 2014,
            "quarter": 2,
            "eps": 0.1,
            "eps_growth_year": -23.08,
            "eps_4q": 0.35,
            "eps_4q_growth_year": -8.06,
            "roe": 0.54,
            "roe_4q": 2.05,
            "gross_profit": 158832,
            "gross_margin": 14.95,
            "gross_margin_4q_avg": 13.39,
            "net_income": 26851,
            "net_income_4q": null,
            "revenue": 1062337,
            "revenue_4q": null,
            "common_shares": 2507336,
            "book_valuer_per_share": 20.01,
            "book_valuer_per_share_4q_avg": 19.46,
            "equity": 5016243,
            "current_ratio": 217.1,
            "debt_ratio": 26.98,
            "inventory_turnover_ratio": 0.79,
            "account_receivable_turnover_ratio": 0.87,
            "reinvestment_rate": -274.16,
            "research_to_sale_ratio": 0.65,
            "price_fair": 32.78,
            "eps_avg_yearly": 0.94,
            "eps_latest_yearly": 0.4,
            "eps_growth_yearly": 397.22
        },
        "20143": {
            "year_quarter": 20143,
            "year": 2014,
            "quarter": 3,
            "eps": 0.21,
            "eps_growth_year": 75,
            "eps_4q": 0.45,
            "eps_4q_growth_year": 34.74,
            "roe": 1.16,
            "roe_4q": 2.54,
            "gross_profit": 180481,
            "gross_margin": 16.83,
            "gross_margin_4q_avg": 13.97,
            "net_income": 59052,
            "net_income_4q": null,
            "revenue": 1072589,
            "revenue_4q": null,
            "common_shares": 2645917,
            "book_valuer_per_share": 19.43,
            "book_valuer_per_share_4q_avg": 19.54,
            "equity": 5143555,
            "current_ratio": 219.66,
            "debt_ratio": 27.46,
            "inventory_turnover_ratio": 0.74,
            "account_receivable_turnover_ratio": 0.84,
            "reinvestment_rate": -304.33,
            "research_to_sale_ratio": 0.84,
            "price_fair": 28.12,
            "eps_avg_yearly": 0.8,
            "eps_latest_yearly": 0.84,
            "eps_growth_yearly": 445.82
        },
        "20144": {
            "year_quarter": 20144,
            "year": 2014,
            "quarter": 4,
            "eps": 0.19,
            "eps_growth_year": null,
            "eps_4q": 0.67,
            "eps_4q_growth_year": 117.22,
            "roe": 0.99,
            "roe_4q": 3.59,
            "gross_profit": 150934,
            "gross_margin": 15.15,
            "gross_margin_4q_avg": 14.89,
            "net_income": 50951,
            "net_income_4q": null,
            "revenue": 996589,
            "revenue_4q": null,
            "common_shares": 2649344,
            "book_valuer_per_share": 19.91,
            "book_valuer_per_share_4q_avg": 19.7,
            "equity": 5175957,
            "current_ratio": 236.08,
            "debt_ratio": 25.8,
            "inventory_turnover_ratio": 0.69,
            "account_receivable_turnover_ratio": 0.77,
            "reinvestment_rate": -4.08,
            "research_to_sale_ratio": 0.85,
            "price_fair": 25.9,
            "eps_avg_yearly": 0.74,
            "eps_latest_yearly": 0.76,
            "eps_growth_yearly": 455.21
        },
        "20151": {
            "year_quarter": 20151,
            "year": 2015,
            "quarter": 1,
            "eps": 0.17,
            "eps_growth_year": 0,
            "eps_4q": 0.66,
            "eps_4q_growth_year": 66.65,
            "roe": 0.88,
            "roe_4q": 3.5700000000000003,
            "gross_profit": 153159,
            "gross_margin": 16.71,
            "gross_margin_4q_avg": 15.91,
            "net_income": 45917,
            "net_income_4q": null,
            "revenue": 916482,
            "revenue_4q": null,
            "common_shares": 2599344,
            "book_valuer_per_share": 20.23,
            "book_valuer_per_share_4q_avg": 19.9,
            "equity": 5255156,
            "current_ratio": 304.17,
            "debt_ratio": 23.63,
            "inventory_turnover_ratio": 0.65,
            "account_receivable_turnover_ratio": 0.74,
            "reinvestment_rate": -18.27,
            "research_to_sale_ratio": 0.81,
            "price_fair": 22.63,
            "eps_avg_yearly": 0.65,
            "eps_latest_yearly": 0.68,
            "eps_growth_yearly": 445.56
        },
        "20152": {
            "year_quarter": 20152,
            "year": 2015,
            "quarter": 2,
            "eps": 0.18,
            "eps_growth_year": 80,
            "eps_4q": 0.75,
            "eps_4q_growth_year": 112.58,
            "roe": 0.94,
            "roe_4q": 3.9699999999999998,
            "gross_profit": 164480,
            "gross_margin": 16.25,
            "gross_margin_4q_avg": 16.24,
            "net_income": 49244,
            "net_income_4q": null,
            "revenue": 1012313,
            "revenue_4q": null,
            "common_shares": 2636673,
            "book_valuer_per_share": 19.62,
            "book_valuer_per_share_4q_avg": 19.8,
            "equity": 5172451,
            "current_ratio": 319.36,
            "debt_ratio": 25.95,
            "inventory_turnover_ratio": 0.77,
            "account_receivable_turnover_ratio": 0.84,
            "reinvestment_rate": -37.59,
            "research_to_sale_ratio": 0.56,
            "price_fair": 23.68,
            "eps_avg_yearly": 0.68,
            "eps_latest_yearly": 0.72,
            "eps_growth_yearly": 474.19
        },
        "20153": {
            "year_quarter": 20153,
            "year": 2015,
            "quarter": 3,
            "eps": 0.4,
            "eps_growth_year": 90.48,
            "eps_4q": 0.94,
            "eps_4q_growth_year": 107.42,
            "roe": 2.03,
            "roe_4q": 4.84,
            "gross_profit": 188050,
            "gross_margin": 18.42,
            "gross_margin_4q_avg": 16.63,
            "net_income": 106483,
            "net_income_4q": null,
            "revenue": 1020806,
            "revenue_4q": null,
            "common_shares": 2619933,
            "book_valuer_per_share": 20.49,
            "book_valuer_per_share_4q_avg": 20.06,
            "equity": 5309491,
            "current_ratio": 364.23,
            "debt_ratio": 26.35,
            "inventory_turnover_ratio": 0.75,
            "account_receivable_turnover_ratio": 0.83,
            "reinvestment_rate": -48.93,
            "research_to_sale_ratio": 0.7,
            "price_fair": 22.87,
            "eps_avg_yearly": 0.65,
            "eps_latest_yearly": 1.6,
            "eps_growth_yearly": 374.19
        },
        "20154": {
            "year_quarter": 20154,
            "year": 2015,
            "quarter": 4,
            "eps": 0.2,
            "eps_growth_year": 5.07,
            "eps_4q": 0.95,
            "eps_4q_growth_year": 42.53,
            "roe": 0.98,
            "roe_4q": 4.83,
            "gross_profit": 157460,
            "gross_margin": 15.8,
            "gross_margin_4q_avg": 16.8,
            "net_income": 51853,
            "net_income_4q": null,
            "revenue": 996665,
            "revenue_4q": null,
            "common_shares": 2558533,
            "book_valuer_per_share": 20.5,
            "book_valuer_per_share_4q_avg": 20.21,
            "equity": 5309611,
            "current_ratio": 379.38,
            "debt_ratio": 26.11,
            "inventory_turnover_ratio": 0.75,
            "account_receivable_turnover_ratio": 0.83,
            "reinvestment_rate": -46.57,
            "research_to_sale_ratio": 0.6,
            "price_fair": 23.26,
            "eps_avg_yearly": 0.66,
            "eps_latest_yearly": 0.8,
            "eps_growth_yearly": 330.02
        },
        "20161": {
            "year_quarter": 20161,
            "year": 2016,
            "quarter": 1,
            "eps": 0.23,
            "eps_growth_year": 35.29,
            "eps_4q": 1.02,
            "eps_4q_growth_year": 54.12,
            "roe": 1.14,
            "roe_4q": 5.09,
            "gross_profit": 187310,
            "gross_margin": 21.53,
            "gross_margin_4q_avg": 18,
            "net_income": 60427,
            "net_income_4q": null,
            "revenue": 869832,
            "revenue_4q": null,
            "common_shares": 2538023,
            "book_valuer_per_share": 20.65,
            "book_valuer_per_share_4q_avg": 20.32,
            "equity": 5316358,
            "current_ratio": 379.6,
            "debt_ratio": 25.61,
            "inventory_turnover_ratio": 0.62,
            "account_receivable_turnover_ratio": 0.81,
            "reinvestment_rate": -23.42,
            "research_to_sale_ratio": 0.59,
            "price_fair": 23.9,
            "eps_avg_yearly": 0.68,
            "eps_latest_yearly": 0.92,
            "eps_growth_yearly": 310.73
        },
        "20162": {
            "year_quarter": 20162,
            "year": 2016,
            "quarter": 2,
            "eps": 0.21,
            "eps_growth_year": 16.67,
            "eps_4q": 1.05,
            "eps_4q_growth_year": 40.18,
            "roe": 1.04,
            "roe_4q": 5.1899999999999995,
            "gross_profit": 183371,
            "gross_margin": 19.29,
            "gross_margin_4q_avg": 18.76,
            "net_income": 54563,
            "net_income_4q": null,
            "revenue": 950600,
            "revenue_4q": null,
            "common_shares": 2543837,
            "book_valuer_per_share": 20.38,
            "book_valuer_per_share_4q_avg": 20.51,
            "equity": 5216310,
            "current_ratio": 310.97,
            "debt_ratio": 26.97,
            "inventory_turnover_ratio": 0.68,
            "account_receivable_turnover_ratio": 0.92,
            "reinvestment_rate": -8.83,
            "research_to_sale_ratio": 0.48,
            "price_fair": 24,
            "eps_avg_yearly": 0.69,
            "eps_latest_yearly": 0.84,
            "eps_growth_yearly": 222.53
        },
        "20163": {
            "year_quarter": 20163,
            "year": 2016,
            "quarter": 3,
            "eps": 0.24,
            "eps_growth_year": -40,
            "eps_4q": 1.22,
            "eps_4q_growth_year": 29.94,
            "roe": 1.12,
            "roe_4q": 4.279999999999999,
            "gross_profit": 198997,
            "gross_margin": 19.53,
            "gross_margin_4q_avg": 19.04,
            "net_income": 54037,
            "net_income_4q": null,
            "revenue": 1018866,
            "revenue_4q": null,
            "common_shares": 1756277,
            "book_valuer_per_share": 24.76,
            "book_valuer_per_share_4q_avg": 21.57,
            "equity": 4418671,
            "current_ratio": 189.37,
            "debt_ratio": 38.31,
            "inventory_turnover_ratio": 0.71,
            "account_receivable_turnover_ratio": 0.91,
            "reinvestment_rate": 2.51,
            "research_to_sale_ratio": 0.53,
            "price_fair": 24.7,
            "eps_avg_yearly": 0.71,
            "eps_latest_yearly": 0.96,
            "eps_growth_yearly": 230.9
        },
        "20164": {
            "year_quarter": 20164,
            "year": 2016,
            "quarter": 4,
            "eps": 0.37,
            "eps_growth_year": 84.95,
            "eps_4q": 1.3,
            "eps_4q_growth_year": 36.84,
            "roe": 1.49,
            "roe_4q": 4.79,
            "gross_profit": 165947,
            "gross_margin": 17.08,
            "gross_margin_4q_avg": 19.36,
            "net_income": 66234,
            "net_income_4q": null,
            "revenue": 971416,
            "revenue_4q": null,
            "common_shares": 1756277,
            "book_valuer_per_share": 24.92,
            "book_valuer_per_share_4q_avg": 22.68,
            "equity": 4444617,
            "current_ratio": 248.14,
            "debt_ratio": 32.71,
            "inventory_turnover_ratio": 0.69,
            "account_receivable_turnover_ratio": 0.82,
            "reinvestment_rate": 8.02,
            "research_to_sale_ratio": 0.65,
            "price_fair": 28.3,
            "eps_avg_yearly": 0.81,
            "eps_latest_yearly": 1.48,
            "eps_growth_yearly": 273.27
        },
        "20171": {
            "year_quarter": 20171,
            "year": 2017,
            "quarter": 1,
            "eps": 0.19,
            "eps_growth_year": -17.39,
            "eps_4q": 1.14,
            "eps_4q_growth_year": 11.33,
            "roe": 0.81,
            "roe_4q": 4.46,
            "gross_profit": 161415,
            "gross_margin": 18.5,
            "gross_margin_4q_avg": 18.6,
            "net_income": 35751,
            "net_income_4q": null,
            "revenue": 872339,
            "revenue_4q": null,
            "common_shares": 1756277,
            "book_valuer_per_share": 25.94,
            "book_valuer_per_share_4q_avg": 24,
            "equity": 4411463,
            "current_ratio": 239.65,
            "debt_ratio": 30.98,
            "inventory_turnover_ratio": 0.61,
            "account_receivable_turnover_ratio": 0.78,
            "reinvestment_rate": -59.32,
            "research_to_sale_ratio": 0.92,
            "price_fair": 29.4,
            "eps_avg_yearly": 0.84,
            "eps_latest_yearly": 0.76,
            "eps_growth_yearly": 59.37
        },
        "20172": {
            "year_quarter": 20172,
            "year": 2017,
            "quarter": 2,
            "eps": 0.19,
            "eps_growth_year": -9.52,
            "eps_4q": 1.03,
            "eps_4q_growth_year": -1.75,
            "roe": 0.77,
            "roe_4q": 4.19,
            "gross_profit": 145936,
            "gross_margin": 15.02,
            "gross_margin_4q_avg": 17.53,
            "net_income": 33930,
            "net_income_4q": null,
            "revenue": 971703,
            "revenue_4q": null,
            "common_shares": 1878592,
            "book_valuer_per_share": 24.15,
            "book_valuer_per_share_4q_avg": 24.94,
            "equity": 4408156,
            "current_ratio": 240.45,
            "debt_ratio": 32.72,
            "inventory_turnover_ratio": 0.71,
            "account_receivable_turnover_ratio": 0.87,
            "reinvestment_rate": -41.39,
            "research_to_sale_ratio": 0.87,
            "price_fair": 30,
            "eps_avg_yearly": 0.86,
            "eps_latest_yearly": 0.76,
            "eps_growth_yearly": 41.51
        },
        "20173": {
            "year_quarter": 20173,
            "year": 2017,
            "quarter": 3,
            "eps": 0.3,
            "eps_growth_year": 25,
            "eps_4q": 1.03,
            "eps_4q_growth_year": -15.74,
            "roe": 1.29,
            "roe_4q": 4.36,
            "gross_profit": 181399,
            "gross_margin": 16.61,
            "gross_margin_4q_avg": 16.8,
            "net_income": 57556,
            "net_income_4q": null,
            "revenue": 1091850,
            "revenue_4q": null,
            "common_shares": 1880562,
            "book_valuer_per_share": 24.82,
            "book_valuer_per_share_4q_avg": 24.96,
            "equity": 4536739,
            "current_ratio": 204.4,
            "debt_ratio": 33.64,
            "inventory_turnover_ratio": 0.77,
            "account_receivable_turnover_ratio": 0.89,
            "reinvestment_rate": -7.95,
            "research_to_sale_ratio": 0.43,
            "price_fair": 31.8,
            "eps_avg_yearly": 0.91,
            "eps_latest_yearly": 1.2,
            "eps_growth_yearly": 60.25
        },
        "20174": {
            "year_quarter": 20174,
            "year": 2017,
            "quarter": 4,
            "eps": 0.37,
            "eps_growth_year": -1.23,
            "eps_4q": 1.04,
            "eps_4q_growth_year": -20.4,
            "roe": 1.47,
            "roe_4q": 4.34,
            "gross_profit": 228428,
            "gross_margin": 20,
            "gross_margin_4q_avg": 17.53,
            "net_income": 67528,
            "net_income_4q": null,
            "revenue": 1142293,
            "revenue_4q": null,
            "common_shares": 1900210,
            "book_valuer_per_share": 25.05,
            "book_valuer_per_share_4q_avg": 24.99,
            "equity": 4630943,
            "current_ratio": 194.03,
            "debt_ratio": 34.75,
            "inventory_turnover_ratio": 0.75,
            "account_receivable_turnover_ratio": 0.86,
            "reinvestment_rate": -4.94,
            "research_to_sale_ratio": 0.36,
            "price_fair": 33.13,
            "eps_avg_yearly": 0.95,
            "eps_latest_yearly": 1.48,
            "eps_growth_yearly": 62.46
        },
        "20181": {
            "year_quarter": 20181,
            "year": 2018,
            "quarter": 1,
            "eps": 0.14,
            "eps_growth_year": -26.32,
            "eps_4q": 0.96,
            "eps_4q_growth_year": -15.53,
            "roe": 0.58,
            "roe_4q": 4.109999999999999,
            "gross_profit": 213065,
            "gross_margin": 19.8,
            "gross_margin_4q_avg": 17.86,
            "net_income": 27359,
            "net_income_4q": null,
            "revenue": 1075957,
            "revenue_4q": null,
            "common_shares": 1916793,
            "book_valuer_per_share": 25.38,
            "book_valuer_per_share_4q_avg": 24.85,
            "equity": 4837559,
            "current_ratio": 209.74,
            "debt_ratio": 32.12,
            "inventory_turnover_ratio": 0.68,
            "account_receivable_turnover_ratio": 0.78,
            "reinvestment_rate": 0.68,
            "research_to_sale_ratio": 0.41,
            "price_fair": 32.29,
            "eps_avg_yearly": 0.92,
            "eps_latest_yearly": 0.56,
            "eps_growth_yearly": 43.01
        },
        "20182": {
            "year_quarter": 20182,
            "year": 2018,
            "quarter": 2,
            "eps": 1.89,
            "eps_growth_year": 894.74,
            "eps_4q": 2.67,
            "eps_4q_growth_year": 159.12,
            "roe": 7.24,
            "roe_4q": 10.580000000000002,
            "gross_profit": 476840,
            "gross_margin": 31.19,
            "gross_margin_4q_avg": 21.9,
            "net_income": 357195,
            "net_income_4q": null,
            "revenue": 1528914,
            "revenue_4q": null,
            "common_shares": 1916793,
            "book_valuer_per_share": 26.38,
            "book_valuer_per_share_4q_avg": 25.41,
            "equity": 5028256,
            "current_ratio": 190.04,
            "debt_ratio": 33.56,
            "inventory_turnover_ratio": 0.83,
            "account_receivable_turnover_ratio": 0.95,
            "reinvestment_rate": 13.83,
            "research_to_sale_ratio": 0.24,
            "price_fair": 47.95,
            "eps_avg_yearly": 1.37,
            "eps_latest_yearly": 7.56,
            "eps_growth_yearly": 365.81
        },
        "20183": {
            "year_quarter": 20183,
            "year": 2018,
            "quarter": 3,
            "eps": 3.69,
            "eps_growth_year": 1130,
            "eps_4q": 6.07,
            "eps_4q_growth_year": 488.35,
            "roe": 13.13,
            "roe_4q": 22.419999999999998,
            "gross_profit": 967590,
            "gross_margin": 47.51,
            "gross_margin_4q_avg": 29.63,
            "net_income": 698088,
            "net_income_4q": null,
            "revenue": 2036716,
            "revenue_4q": null,
            "common_shares": 1916793,
            "book_valuer_per_share": 29.43,
            "book_valuer_per_share_4q_avg": 26.56,
            "equity": 5602495,
            "current_ratio": 188.53,
            "debt_ratio": 33.87,
            "inventory_turnover_ratio": 0.83,
            "account_receivable_turnover_ratio": 0.96,
            "reinvestment_rate": 16.95,
            "research_to_sale_ratio": 0.17,
            "price_fair": 78.4,
            "eps_avg_yearly": 2.24,
            "eps_latest_yearly": 14.76,
            "eps_growth_yearly": 362.12
        },
        "20184": {
            "year_quarter": 20184,
            "year": 2018,
            "quarter": 4,
            "eps": 1.51,
            "eps_growth_year": 312.73,
            "eps_4q": 7.22,
            "eps_4q_growth_year": 596.19,
            "roe": 4.96,
            "roe_4q": 25.909999999999997,
            "gross_profit": 664659,
            "gross_margin": 48.2,
            "gross_margin_4q_avg": 36.68,
            "net_income": 286201,
            "net_income_4q": null,
            "revenue": 1378924,
            "revenue_4q": null,
            "common_shares": 1916793,
            "book_valuer_per_share": 31.16,
            "book_valuer_per_share_4q_avg": 28.09,
            "equity": 5930298,
            "current_ratio": 260.49,
            "debt_ratio": 32.25,
            "inventory_turnover_ratio": 0.48,
            "account_receivable_turnover_ratio": 0.63,
            "reinvestment_rate": 18.35,
            "research_to_sale_ratio": 0.4,
            "price_fair": 89.95,
            "eps_avg_yearly": 2.57,
            "eps_latest_yearly": 6.04,
            "eps_growth_yearly": 349.73
        },
        "20191": {
            "year_quarter": 20191,
            "year": 2019,
            "quarter": 1,
            "eps": 0.55,
            "eps_growth_year": 292.86,
            "eps_4q": 7.56,
            "eps_4q_growth_year": 687.28,
            "roe": 1.76,
            "roe_4q": 27.090000000000003,
            "gross_profit": 337861,
            "gross_margin": 32.3,
            "gross_margin_4q_avg": 39.8,
            "net_income": 105862,
            "net_income_4q": null,
            "revenue": 1046020,
            "revenue_4q": null,
            "common_shares": 1936793,
            "book_valuer_per_share": 31.85,
            "book_valuer_per_share_4q_avg": 29.71,
            "equity": 6127333,
            "current_ratio": 284.8,
            "debt_ratio": 26.25,
            "inventory_turnover_ratio": 0.43,
            "account_receivable_turnover_ratio": 0.61,
            "reinvestment_rate": 17.31,
            "research_to_sale_ratio": 0.67,
            "price_fair": 93.28,
            "eps_avg_yearly": 2.67,
            "eps_latest_yearly": 2.2,
            "eps_growth_yearly": 336.47
        },
        "20192": {
            "year_quarter": 20192,
            "year": 2019,
            "quarter": 2,
            "eps": 0.4,
            "eps_growth_year": -78.84,
            "eps_4q": 6.08,
            "eps_4q_growth_year": 127.64,
            "roe": 1.33,
            "roe_4q": 21.18,
            "gross_profit": 259646,
            "gross_margin": 22.44,
            "gross_margin_4q_avg": 37.61,
            "net_income": 78657,
            "net_income_4q": null,
            "revenue": 1156873,
            "revenue_4q": null,
            "common_shares": 1936793,
            "book_valuer_per_share": 29.61,
            "book_valuer_per_share_4q_avg": 30.51,
            "equity": 5706522,
            "current_ratio": 223.08,
            "debt_ratio": 29.3,
            "inventory_turnover_ratio": 0.56,
            "account_receivable_turnover_ratio": 0.81,
            "reinvestment_rate": 23.04,
            "research_to_sale_ratio": 0.71,
            "price_fair": 95.2,
            "eps_avg_yearly": 2.72,
            "eps_latest_yearly": 1.6,
            "eps_growth_yearly": 328.18
        },
        "20193": {
            "year_quarter": 20193,
            "year": 2019,
            "quarter": 3,
            "eps": 0.86,
            "eps_growth_year": -76.69,
            "eps_4q": 4.21,
            "eps_4q_growth_year": -30.72,
            "roe": 2.51,
            "roe_4q": 10.559999999999999,
            "gross_profit": 256049,
            "gross_margin": 22.34,
            "gross_margin_4q_avg": 31.32,
            "net_income": 137672,
            "net_income_4q": null,
            "revenue": 1146223,
            "revenue_4q": null,
            "common_shares": 1452595,
            "book_valuer_per_share": 36.4,
            "book_valuer_per_share_4q_avg": 32.26,
            "equity": 5263017,
            "current_ratio": 181.15,
            "debt_ratio": 32.73,
            "inventory_turnover_ratio": 0.6,
            "account_receivable_turnover_ratio": 0.81,
            "reinvestment_rate": 19.44,
            "research_to_sale_ratio": 0.6,
            "price_fair": 99.23,
            "eps_avg_yearly": 2.84,
            "eps_latest_yearly": 3.44,
            "eps_growth_yearly": 326.37
        },
        "20194": {
            "year_quarter": 20194,
            "year": 2019,
            "quarter": 4,
            "eps": 0.51,
            "eps_growth_year": -66.37,
            "eps_4q": 2.72,
            "eps_4q_growth_year": -62.28,
            "roe": 1.34,
            "roe_4q": 6.9399999999999995,
            "gross_profit": 238699,
            "gross_margin": 20.57,
            "gross_margin_4q_avg": 24.41,
            "net_income": 70706,
            "net_income_4q": null,
            "revenue": 1160350,
            "revenue_4q": null,
            "common_shares": 1452490,
            "book_valuer_per_share": 36.74,
            "book_valuer_per_share_4q_avg": 33.65,
            "equity": 5310159,
            "current_ratio": 215.64,
            "debt_ratio": 31.24,
            "inventory_turnover_ratio": 0.61,
            "account_receivable_turnover_ratio": 0.82,
            "reinvestment_rate": 18.66,
            "research_to_sale_ratio": 0.73,
            "price_fair": 101.94,
            "eps_avg_yearly": 2.91,
            "eps_latest_yearly": 2.04,
            "eps_growth_yearly": 328.7
        },
        "20201": {
            "year_quarter": 20201,
            "year": 2020,
            "quarter": 1,
            "eps": 1.67,
            "eps_growth_year": 203.64,
            "eps_4q": 3.66,
            "eps_4q_growth_year": -51.51,
            "roe": 4.31,
            "roe_4q": 9.49,
            "gross_profit": 257085,
            "gross_margin": 23.39,
            "gross_margin_4q_avg": 22.19,
            "net_income": 233009,
            "net_income_4q": null,
            "revenue": 1099122,
            "revenue_4q": null,
            "common_shares": 1452490,
            "book_valuer_per_share": 38.26,
            "book_valuer_per_share_4q_avg": 35.25,
            "equity": 5501184,
            "current_ratio": 226.59,
            "debt_ratio": 30.17,
            "inventory_turnover_ratio": 0.52,
            "account_receivable_turnover_ratio": 0.81,
            "reinvestment_rate": 13.98,
            "research_to_sale_ratio": 0.81,
            "price_fair": 114.54,
            "eps_avg_yearly": 3.27,
            "eps_latest_yearly": 6.68,
            "eps_growth_yearly": 381.81
        },
        "20202": {
            "year_quarter": 20202,
            "year": 2020,
            "quarter": 2,
            "eps": 1.73,
            "eps_growth_year": 332.5,
            "eps_4q": 4.84,
            "eps_4q_growth_year": -20.39,
            "roe": 4.49,
            "roe_4q": 12.65,
            "gross_profit": 347032,
            "gross_margin": 24.78,
            "gross_margin_4q_avg": 22.77,
            "net_income": 245928,
            "net_income_4q": null,
            "revenue": 1400616,
            "revenue_4q": null,
            "common_shares": 1447675,
            "book_valuer_per_share": 37.89,
            "book_valuer_per_share_4q_avg": 37.32,
            "equity": 5451125,
            "current_ratio": 187.2,
            "debt_ratio": 36.58,
            "inventory_turnover_ratio": 0.66,
            "account_receivable_turnover_ratio": 0.92,
            "reinvestment_rate": 12.56,
            "research_to_sale_ratio": 0.67,
            "price_fair": 127.84,
            "eps_avg_yearly": 3.65,
            "eps_latest_yearly": 6.92,
            "eps_growth_yearly": 384.88
        },
        "20203": {
            "year_quarter": 20203,
            "year": 2020,
            "quarter": 3,
            "eps": 0.93,
            "eps_growth_year": 8.14,
            "eps_4q": 4.81,
            "eps_4q_growth_year": 14.32,
            "roe": 2.45,
            "roe_4q": 12.59,
            "gross_profit": 360767,
            "gross_margin": 24.04,
            "gross_margin_4q_avg": 23.2,
            "net_income": 135777,
            "net_income_4q": null,
            "revenue": 1500856,
            "revenue_4q": null,
            "common_shares": 1447675,
            "book_valuer_per_share": 39.26,
            "book_valuer_per_share_4q_avg": 38.04,
            "equity": 5648239,
            "current_ratio": 197.95,
            "debt_ratio": 35.51,
            "inventory_turnover_ratio": 0.73,
            "account_receivable_turnover_ratio": 0.85,
            "reinvestment_rate": 14.91,
            "research_to_sale_ratio": 0.61,
            "price_fair": 133.88,
            "eps_avg_yearly": 3.83,
            "eps_latest_yearly": 3.72,
            "eps_growth_yearly": 369.75
        },
        "20204": {
            "year_quarter": 20204,
            "year": 2020,
            "quarter": 4,
            "eps": 0.37,
            "eps_growth_year": -27.53,
            "eps_4q": 4.62,
            "eps_4q_growth_year": 69.65,
            "roe": 0.96,
            "roe_4q": 12.21,
            "gross_profit": 332671,
            "gross_margin": 23.86,
            "gross_margin_4q_avg": 24.02,
            "net_income": 55421,
            "net_income_4q": null,
            "revenue": 1394245,
            "revenue_4q": null,
            "common_shares": 1447423,
            "book_valuer_per_share": 40.4,
            "book_valuer_per_share_4q_avg": 38.95,
            "equity": 5873989,
            "current_ratio": 210.53,
            "debt_ratio": 35.84,
            "inventory_turnover_ratio": 0.69,
            "account_receivable_turnover_ratio": 0.81,
            "reinvestment_rate": 16.14,
            "research_to_sale_ratio": 0.74,
            "price_fair": 133.88,
            "eps_avg_yearly": 3.83,
            "eps_latest_yearly": 1.48,
            "eps_growth_yearly": 341.15
        },
        "20211": {
            "year_quarter": 20211,
            "year": 2021,
            "quarter": 1,
            "eps": 1.75,
            "eps_growth_year": 4.79,
            "eps_4q": 4.72,
            "eps_4q_growth_year": 28.84,
            "roe": 4.18,
            "roe_4q": 12.08,
            "gross_profit": 465726,
            "gross_margin": 29.04,
            "gross_margin_4q_avg": 25.43,
            "net_income": 250866,
            "net_income_4q": null,
            "revenue": 1603953,
            "revenue_4q": null,
            "common_shares": 1447376,
            "book_valuer_per_share": 42.12,
            "book_valuer_per_share_4q_avg": 39.92,
            "equity": 6119469,
            "current_ratio": 214.63,
            "debt_ratio": 35.75,
            "inventory_turnover_ratio": 0.73,
            "account_receivable_turnover_ratio": 0.94,
            "reinvestment_rate": 13.17,
            "research_to_sale_ratio": 0.73,
            "price_fair": 147.53,
            "eps_avg_yearly": 4.22,
            "eps_latest_yearly": 7,
            "eps_growth_yearly": 446.56
        },
        "20212": {
            "year_quarter": 20212,
            "year": 2021,
            "quarter": 2,
            "eps": 1.97,
            "eps_growth_year": 13.87,
            "eps_4q": 4.98,
            "eps_4q_growth_year": 2.9,
            "roe": 4.55,
            "roe_4q": 12.14,
            "gross_profit": 491161,
            "gross_margin": 30.08,
            "gross_margin_4q_avg": 26.76,
            "net_income": 284408,
            "net_income_4q": null,
            "revenue": 1632851,
            "revenue_4q": null,
            "common_shares": 1447376,
            "book_valuer_per_share": 43.92,
            "book_valuer_per_share_4q_avg": 41.43,
            "equity": 6377678,
            "current_ratio": 221.82,
            "debt_ratio": 34.34,
            "inventory_turnover_ratio": 0.7,
            "account_receivable_turnover_ratio": 0.88,
            "reinvestment_rate": 14.07,
            "research_to_sale_ratio": 0.78,
            "price_fair": 163.1,
            "eps_avg_yearly": 4.66,
            "eps_latest_yearly": 7.88,
            "eps_growth_yearly": 449.7
        },
        "20213": {
            "year_quarter": 20213,
            "year": 2021,
            "quarter": 3,
            "eps": 1.61,
            "eps_growth_year": 73.12,
            "eps_4q": 5.64,
            "eps_4q_growth_year": 17.28,
            "roe": 3.69,
            "roe_4q": 13.379999999999999,
            "gross_profit": 454834,
            "gross_margin": 28.95,
            "gross_margin_4q_avg": 27.98,
            "net_income": 232686,
            "net_income_4q": null,
            "revenue": 1571286,
            "revenue_4q": null,
            "common_shares": 1447376,
            "book_valuer_per_share": 42.66,
            "book_valuer_per_share_4q_avg": 42.28,
            "equity": 6233801,
            "current_ratio": 218.98,
            "debt_ratio": 36.15,
            "inventory_turnover_ratio": 0.61,
            "account_receivable_turnover_ratio": 0.85,
            "reinvestment_rate": 10.07,
            "research_to_sale_ratio": 0.82,
            "price_fair": 174.56,
            "eps_avg_yearly": 4.99,
            "eps_latest_yearly": 6.44,
            "eps_growth_yearly": 430.66
        },
        "20214": {
            "year_quarter": 20214,
            "year": 2021,
            "quarter": 4,
            "eps": 1.28,
            "eps_growth_year": 247.68,
            "eps_4q": 6.55,
            "eps_4q_growth_year": 41.73,
            "roe": 2.92,
            "roe_4q": 15.34,
            "gross_profit": 382898,
            "gross_margin": 25.41,
            "gross_margin_4q_avg": 28.37,
            "net_income": 185179,
            "net_income_4q": null,
            "revenue": 1506863,
            "revenue_4q": null,
            "common_shares": 1447376,
            "book_valuer_per_share": 44.1,
            "book_valuer_per_share_4q_avg": 43.2,
            "equity": 6439213,
            "current_ratio": 226.1,
            "debt_ratio": 35.44,
            "inventory_turnover_ratio": 0.53,
            "account_receivable_turnover_ratio": 0.84,
            "reinvestment_rate": 15.04,
            "research_to_sale_ratio": 0.72,
            "price_fair": 182.53,
            "eps_avg_yearly": 5.22,
            "eps_latest_yearly": 5.12,
            "eps_growth_yearly": 419.7
        },
        "20221": {
            "year_quarter": 20221,
            "year": 2022,
            "quarter": 1,
            "eps": 1.58,
            "eps_growth_year": -9.71,
            "eps_4q": 6.36,
            "eps_4q_growth_year": 34.79,
            "roe": 3.44,
            "roe_4q": 14.599999999999998,
            "gross_profit": 377973,
            "gross_margin": 26.28,
            "gross_margin_4q_avg": 27.68,
            "net_income": 228349,
            "net_income_4q": null,
            "revenue": 1438027,
            "revenue_4q": null,
            "common_shares": 1447313,
            "book_valuer_per_share": 46.53,
            "book_valuer_per_share_4q_avg": 44.3,
            "equity": 6831453,
            "current_ratio": 248.75,
            "debt_ratio": 32.07,
            "inventory_turnover_ratio": 0.46,
            "account_receivable_turnover_ratio": 0.82,
            "reinvestment_rate": 14.43,
            "research_to_sale_ratio": 0.88,
            "price_fair": 195.13,
            "eps_avg_yearly": 5.58,
            "eps_latest_yearly": 6.32,
            "eps_growth_yearly": 441.1
        },
        "20222": {
            "year_quarter": 20222,
            "year": 2022,
            "quarter": 2,
            "eps": 1.45,
            "eps_growth_year": -26.4,
            "eps_4q": 5.87,
            "eps_4q_growth_year": 17.79,
            "roe": 3.18,
            "roe_4q": 13.229999999999999,
            "gross_profit": 342958,
            "gross_margin": 26.28,
            "gross_margin_4q_avg": 26.73,
            "net_income": 210675,
            "net_income_4q": null,
            "revenue": 1305156,
            "revenue_4q": null,
            "common_shares": 1447313,
            "book_valuer_per_share": 43.66,
            "book_valuer_per_share_4q_avg": 44.24,
            "equity": 6415233,
            "current_ratio": 214.22,
            "debt_ratio": 35.28,
            "inventory_turnover_ratio": 0.41,
            "account_receivable_turnover_ratio": 0.77,
            "reinvestment_rate": 8.97,
            "research_to_sale_ratio": 1.09,
            "price_fair": 191.28,
            "eps_avg_yearly": 5.47,
            "eps_latest_yearly": 5.8,
            "eps_growth_yearly": 126.55
        },
        "20223": {
            "year_quarter": 20223,
            "year": 2022,
            "quarter": 3,
            "eps": 1.09,
            "eps_growth_year": -32.3,
            "eps_4q": 5.38,
            "eps_4q_growth_year": -4.61,
            "roe": 2.47,
            "roe_4q": 12.01,
            "gross_profit": 217239,
            "gross_margin": 19.53,
            "gross_margin_4q_avg": 24.38,
            "net_income": 160676,
            "net_income_4q": null,
            "revenue": 1112068,
            "revenue_4q": null,
            "common_shares": 1447313,
            "book_valuer_per_share": 44.92,
            "book_valuer_per_share_4q_avg": 44.8,
            "equity": 6599376,
            "current_ratio": 281.91,
            "debt_ratio": 28.41,
            "inventory_turnover_ratio": 0.38,
            "account_receivable_turnover_ratio": 0.74,
            "reinvestment_rate": 3.11,
            "research_to_sale_ratio": 1.31,
            "price_fair": 168.53,
            "eps_avg_yearly": 4.82,
            "eps_latest_yearly": 4.36,
            "eps_growth_yearly": 96.53
        },
        "20224": {
            "year_quarter": 20224,
            "year": 2022,
            "quarter": 4,
            "eps": 0.2,
            "eps_growth_year": -84.43,
            "eps_4q": 4.31,
            "eps_4q_growth_year": -34.25,
            "roe": 0.45,
            "roe_4q": 9.540000000000001,
            "gross_profit": 208485,
            "gross_margin": 17.86,
            "gross_margin_4q_avg": 22.49,
            "net_income": 29966,
            "net_income_4q": null,
            "revenue": 1167343,
            "revenue_4q": null,
            "common_shares": 1447313,
            "book_valuer_per_share": 44.86,
            "book_valuer_per_share_4q_avg": 44.99,
            "equity": 6592690,
            "current_ratio": 290.96,
            "debt_ratio": 27.86,
            "inventory_turnover_ratio": 0.43,
            "account_receivable_turnover_ratio": 0.9,
            "reinvestment_rate": 2.72,
            "research_to_sale_ratio": 1.28,
            "price_fair": 157.06,
            "eps_avg_yearly": 4.49,
            "eps_latest_yearly": 0.8,
            "eps_growth_yearly": 90.89
        },
        "20231": {
            "year_quarter": 20231,
            "year": 2023,
            "quarter": 1,
            "eps": 0.58,
            "eps_growth_year": -63.29,
            "eps_4q": 3.32,
            "eps_4q_growth_year": -47.82,
            "roe": 1.26,
            "roe_4q": 7.359999999999999,
            "gross_profit": 233371,
            "gross_margin": 20.99,
            "gross_margin_4q_avg": 21.17,
            "net_income": 83799,
            "net_income_4q": null,
            "revenue": 1111744,
            "revenue_4q": null,
            "common_shares": 1447313,
            "book_valuer_per_share": 45.5,
            "book_valuer_per_share_4q_avg": 44.74,
            "equity": 6684238,
            "current_ratio": 261.22,
            "debt_ratio": 29.08,
            "inventory_turnover_ratio": 0.42,
            "account_receivable_turnover_ratio": 0.91,
            "reinvestment_rate": 9.84,
            "research_to_sale_ratio": 1.49,
            "price_fair": 157.33,
            "eps_avg_yearly": 4.5,
            "eps_latest_yearly": 2.32,
            "eps_growth_yearly": 154.28
        },
        "20232": {
            "year_quarter": 20232,
            "year": 2023,
            "quarter": 2,
            "eps": 0.92,
            "eps_growth_year": -36.55,
            "eps_4q": 2.79,
            "eps_4q_growth_year": -52.52,
            "roe": 2.04,
            "roe_4q": 6.220000000000001,
            "gross_profit": 236586,
            "gross_margin": 20.63,
            "gross_margin_4q_avg": 19.75,
            "net_income": 133908,
            "net_income_4q": null,
            "revenue": 1146995,
            "revenue_4q": null,
            "common_shares": 1447313,
            "book_valuer_per_share": 43.73,
            "book_valuer_per_share_4q_avg": 44.75,
            "equity": 6425890,
            "current_ratio": 214.52,
            "debt_ratio": 31.57,
            "inventory_turnover_ratio": 0.45,
            "account_receivable_turnover_ratio": 0.92,
            "reinvestment_rate": 2.44,
            "research_to_sale_ratio": 1.53,
            "price_fair": 161.88,
            "eps_avg_yearly": 4.63,
            "eps_latest_yearly": 3.68,
            "eps_growth_yearly": 175.75
        },
        "20233": {
            "year_quarter": 20233,
            "year": 2023,
            "quarter": 3,
            "eps": 0.84,
            "eps_growth_year": -22.94,
            "eps_4q": 2.53,
            "eps_4q_growth_year": -52.88,
            "roe": 1.9,
            "roe_4q": 5.65,
            "gross_profit": 232558,
            "gross_margin": 19.49,
            "gross_margin_4q_avg": 19.74,
            "net_income": 124383,
            "net_income_4q": null,
            "revenue": 1192987,
            "revenue_4q": null,
            "common_shares": 1447313,
            "book_valuer_per_share": 45.18,
            "book_valuer_per_share_4q_avg": 44.82,
            "equity": 6642304,
            "current_ratio": 244.26,
            "debt_ratio": 28.76,
            "inventory_turnover_ratio": 0.48,
            "account_receivable_turnover_ratio": 0.91,
            "reinvestment_rate": 1.71,
            "research_to_sale_ratio": 1.53,
            "price_fair": 161.7,
            "eps_avg_yearly": 4.62,
            "eps_latest_yearly": 3.36,
            "eps_growth_yearly": 144.83
        },
        "20234": {
            "year_quarter": 20234,
            "year": 2023,
            "quarter": 4,
            "eps": 0.22,
            "eps_growth_year": 10.89,
            "eps_4q": 2.56,
            "eps_4q_growth_year": -40.66,
            "roe": 0.48,
            "roe_4q": 5.68,
            "gross_profit": 250242,
            "gross_margin": 21.89,
            "gross_margin_4q_avg": 20.75,
            "net_income": 32033,
            "net_income_4q": null,
            "revenue": 1143055,
            "revenue_4q": null,
            "common_shares": 1447313,
            "book_valuer_per_share": 45.01,
            "book_valuer_per_share_4q_avg": 44.86,
            "equity": 6615513,
            "current_ratio": 229.97,
            "debt_ratio": 30.61,
            "inventory_turnover_ratio": 0.46,
            "account_receivable_turnover_ratio": 0.89,
            "reinvestment_rate": 14.92,
            "research_to_sale_ratio": 1.59,
            "price_fair": 159.16,
            "eps_avg_yearly": 4.55,
            "eps_latest_yearly": 0.88,
            "eps_growth_yearly": 136.55
        }
    },
    "months": {
        "2001-09": {
            "month": "2001-09",
            "price": "22.11",
            "revenue": 76277
        },
        "2001-10": {
            "month": "2001-10",
            "price": "21.10",
            "revenue": 81678
        },
        "2001-11": {
            "month": "2001-11",
            "price": "28.84",
            "revenue": 74170
        },
        "2001-12": {
            "month": "2001-12",
            "price": "34.36",
            "revenue": 54321
        },
        "2002-01": {
            "month": "2002-01",
            "price": "34.67",
            "revenue": 72262
        },
        "2002-02": {
            "month": "2002-02",
            "price": "34.38",
            "revenue": 64509
        },
        "2002-03": {
            "month": "2002-03",
            "price": "42.48",
            "revenue": 81993
        },
        "2002-04": {
            "month": "2002-04",
            "price": "47.51",
            "revenue": 92666
        },
        "2002-05": {
            "month": "2002-05",
            "price": "44.87",
            "revenue": 91543
        },
        "2002-06": {
            "month": "2002-06",
            "price": "38.54",
            "revenue": 72758
        },
        "2002-07": {
            "month": "2002-07",
            "price": "30.74",
            "revenue": 92506
        },
        "2002-08": {
            "month": "2002-08",
            "price": "30.39",
            "revenue": 77081
        },
        "2002-09": {
            "month": "2002-09",
            "price": "24.82",
            "revenue": 81153
        },
        "2002-10": {
            "month": "2002-10",
            "price": "24.49",
            "revenue": 93312
        },
        "2002-11": {
            "month": "2002-11",
            "price": "23.19",
            "revenue": 90083
        },
        "2002-12": {
            "month": "2002-12",
            "price": "21.17",
            "revenue": 85377
        },
        "2003-01": {
            "month": "2003-01",
            "price": "20.85",
            "revenue": 89024
        },
        "2003-02": {
            "month": "2003-02",
            "price": "20.48",
            "revenue": 60183
        },
        "2003-03": {
            "month": "2003-03",
            "price": "21.95",
            "revenue": 93704
        },
        "2003-04": {
            "month": "2003-04",
            "price": "25.50",
            "revenue": 97846
        },
        "2003-05": {
            "month": "2003-05",
            "price": "26.69",
            "revenue": 106338
        },
        "2003-06": {
            "month": "2003-06",
            "price": "30.30",
            "revenue": 105456
        },
        "2003-07": {
            "month": "2003-07",
            "price": "33.00",
            "revenue": 115162
        },
        "2003-08": {
            "month": "2003-08",
            "price": "29.63",
            "revenue": 120069
        },
        "2003-09": {
            "month": "2003-09",
            "price": "28.47",
            "revenue": 122566
        },
        "2003-10": {
            "month": "2003-10",
            "price": "30.45",
            "revenue": 130210
        },
        "2003-11": {
            "month": "2003-11",
            "price": "30.16",
            "revenue": 131019
        },
        "2003-12": {
            "month": "2003-12",
            "price": "31.73",
            "revenue": 112233
        },
        "2004-01": {
            "month": "2004-01",
            "price": "31.86",
            "revenue": 76093
        },
        "2004-02": {
            "month": "2004-02",
            "price": "31.75",
            "revenue": 109416
        },
        "2004-03": {
            "month": "2004-03",
            "price": "29.81",
            "revenue": 140890
        },
        "2004-04": {
            "month": "2004-04",
            "price": "34.53",
            "revenue": 139595
        },
        "2004-05": {
            "month": "2004-05",
            "price": "28.86",
            "revenue": 127885
        },
        "2004-06": {
            "month": "2004-06",
            "price": "27.17",
            "revenue": 123282
        },
        "2004-07": {
            "month": "2004-07",
            "price": "24.53",
            "revenue": 129431
        },
        "2004-08": {
            "month": "2004-08",
            "price": "22.74",
            "revenue": 117581
        },
        "2004-09": {
            "month": "2004-09",
            "price": "22.06",
            "revenue": 125239
        },
        "2004-10": {
            "month": "2004-10",
            "price": "20.24",
            "revenue": 123928
        },
        "2004-11": {
            "month": "2004-11",
            "price": "19.10",
            "revenue": 117964
        },
        "2004-12": {
            "month": "2004-12",
            "price": "17.89",
            "revenue": 106201
        },
        "2005-01": {
            "month": "2005-01",
            "price": "17.92",
            "revenue": 107751
        },
        "2005-02": {
            "month": "2005-02",
            "price": "19.63",
            "revenue": 80945
        },
        "2005-03": {
            "month": "2005-03",
            "price": "20.28",
            "revenue": 118406
        },
        "2005-04": {
            "month": "2005-04",
            "price": "18.78",
            "revenue": 100932
        },
        "2005-05": {
            "month": "2005-05",
            "price": "17.55",
            "revenue": 107502
        },
        "2005-06": {
            "month": "2005-06",
            "price": "19.42",
            "revenue": 102960
        },
        "2005-07": {
            "month": "2005-07",
            "price": "20.18",
            "revenue": 148325
        },
        "2005-08": {
            "month": "2005-08",
            "price": "17.81",
            "revenue": 170378
        },
        "2005-09": {
            "month": "2005-09",
            "price": "17.73",
            "revenue": 185580
        },
        "2005-10": {
            "month": "2005-10",
            "price": "17.94",
            "revenue": 188476
        },
        "2005-11": {
            "month": "2005-11",
            "price": "18.57",
            "revenue": 190928
        },
        "2005-12": {
            "month": "2005-12",
            "price": "21.38",
            "revenue": 158594
        },
        "2006-01": {
            "month": "2006-01",
            "price": "25.38",
            "revenue": 160131
        },
        "2006-02": {
            "month": "2006-02",
            "price": "23.58",
            "revenue": 151187
        },
        "2006-03": {
            "month": "2006-03",
            "price": "22.30",
            "revenue": 166569
        },
        "2006-04": {
            "month": "2006-04",
            "price": "25.11",
            "revenue": 187166
        },
        "2006-05": {
            "month": "2006-05",
            "price": "27.26",
            "revenue": 169447
        },
        "2006-06": {
            "month": "2006-06",
            "price": "28.26",
            "revenue": 164258
        },
        "2006-07": {
            "month": "2006-07",
            "price": "33.00",
            "revenue": 181973
        },
        "2006-08": {
            "month": "2006-08",
            "price": "37.45",
            "revenue": 203910
        },
        "2006-09": {
            "month": "2006-09",
            "price": "35.48",
            "revenue": 217766
        },
        "2006-10": {
            "month": "2006-10",
            "price": "35.82",
            "revenue": 216079
        },
        "2006-11": {
            "month": "2006-11",
            "price": "36.52",
            "revenue": 196687
        },
        "2006-12": {
            "month": "2006-12",
            "price": "37.35",
            "revenue": 167166
        },
        "2007-01": {
            "month": "2007-01",
            "price": "46.07",
            "revenue": 160023
        },
        "2007-02": {
            "month": "2007-02",
            "price": "76.80",
            "revenue": 137282
        },
        "2007-03": {
            "month": "2007-03",
            "price": "117.90",
            "revenue": 219424
        },
        "2007-04": {
            "month": "2007-04",
            "price": "146.58",
            "revenue": 202453
        },
        "2007-05": {
            "month": "2007-05",
            "price": "130.45",
            "revenue": 212167
        },
        "2007-06": {
            "month": "2007-06",
            "price": "114.50",
            "revenue": 207778
        },
        "2007-07": {
            "month": "2007-07",
            "price": "51.78",
            "revenue": 248025
        },
        "2007-08": {
            "month": "2007-08",
            "price": "42.91",
            "revenue": 286419
        },
        "2007-09": {
            "month": "2007-09",
            "price": "41.69",
            "revenue": 279539
        },
        "2007-10": {
            "month": "2007-10",
            "price": "36.99",
            "revenue": 273038
        },
        "2007-11": {
            "month": "2007-11",
            "price": "27.80",
            "revenue": 244554
        },
        "2007-12": {
            "month": "2007-12",
            "price": "23.74",
            "revenue": 230884
        },
        "2008-01": {
            "month": "2008-01",
            "price": "21.87",
            "revenue": 249626
        },
        "2008-02": {
            "month": "2008-02",
            "price": "21.77",
            "revenue": 181022
        },
        "2008-03": {
            "month": "2008-03",
            "price": "30.88",
            "revenue": 232338
        },
        "2008-04": {
            "month": "2008-04",
            "price": "32.09",
            "revenue": 226639
        },
        "2008-05": {
            "month": "2008-05",
            "price": "28.19",
            "revenue": 236789
        },
        "2008-06": {
            "month": "2008-06",
            "price": "23.58",
            "revenue": 226491
        },
        "2008-07": {
            "month": "2008-07",
            "price": "21.19",
            "revenue": 268214
        },
        "2008-08": {
            "month": "2008-08",
            "price": "21.39",
            "revenue": 269953
        },
        "2008-09": {
            "month": "2008-09",
            "price": "17.72",
            "revenue": 275241
        },
        "2008-10": {
            "month": "2008-10",
            "price": "15.56",
            "revenue": 243245
        },
        "2008-11": {
            "month": "2008-11",
            "price": "15.20",
            "revenue": 176340
        },
        "2008-12": {
            "month": "2008-12",
            "price": "14.75",
            "revenue": 135129
        },
        "2009-01": {
            "month": "2009-01",
            "price": "13.09",
            "revenue": 135461
        },
        "2009-02": {
            "month": "2009-02",
            "price": "14.05",
            "revenue": 200153
        },
        "2009-03": {
            "month": "2009-03",
            "price": "15.94",
            "revenue": 237949
        },
        "2009-04": {
            "month": "2009-04",
            "price": "17.85",
            "revenue": 251377
        },
        "2009-05": {
            "month": "2009-05",
            "price": "18.15",
            "revenue": 238678
        },
        "2009-06": {
            "month": "2009-06",
            "price": "17.63",
            "revenue": 230341
        },
        "2009-07": {
            "month": "2009-07",
            "price": "20.15",
            "revenue": 277323
        },
        "2009-08": {
            "month": "2009-08",
            "price": "22.40",
            "revenue": 290078
        },
        "2009-09": {
            "month": "2009-09",
            "price": "23.56",
            "revenue": 315874
        },
        "2009-10": {
            "month": "2009-10",
            "price": "24.81",
            "revenue": 277863
        },
        "2009-11": {
            "month": "2009-11",
            "price": "24.39",
            "revenue": 264376
        },
        "2009-12": {
            "month": "2009-12",
            "price": "31.29",
            "revenue": 284014
        },
        "2010-01": {
            "month": "2010-01",
            "price": "43.16",
            "revenue": 312210
        },
        "2010-02": {
            "month": "2010-02",
            "price": "40.35",
            "revenue": 225512
        },
        "2010-03": {
            "month": "2010-03",
            "price": "44.62",
            "revenue": 301955
        },
        "2010-04": {
            "month": "2010-04",
            "price": "42.26",
            "revenue": 339576
        },
        "2010-05": {
            "month": "2010-05",
            "price": "38.32",
            "revenue": 375428
        },
        "2010-06": {
            "month": "2010-06",
            "price": "35.83",
            "revenue": 392148
        },
        "2010-07": {
            "month": "2010-07",
            "price": "36.56",
            "revenue": 352490
        },
        "2010-08": {
            "month": "2010-08",
            "price": "37.61",
            "revenue": 357315
        },
        "2010-09": {
            "month": "2010-09",
            "price": "35.26",
            "revenue": 339958
        },
        "2010-10": {
            "month": "2010-10",
            "price": "33.07",
            "revenue": 338041
        },
        "2010-11": {
            "month": "2010-11",
            "price": "31.35",
            "revenue": 319752
        },
        "2010-12": {
            "month": "2010-12",
            "price": "34.94",
            "revenue": 298495
        },
        "2011-01": {
            "month": "2011-01",
            "price": "33.90",
            "revenue": 305394
        },
        "2011-02": {
            "month": "2011-02",
            "price": "32.85",
            "revenue": 256204
        },
        "2011-03": {
            "month": "2011-03",
            "price": "31.49",
            "revenue": 384642
        },
        "2011-04": {
            "month": "2011-04",
            "price": "32.27",
            "revenue": 342435
        },
        "2011-05": {
            "month": "2011-05",
            "price": "31.63",
            "revenue": 326921
        },
        "2011-06": {
            "month": "2011-06",
            "price": "31.16",
            "revenue": 294239
        },
        "2011-07": {
            "month": "2011-07",
            "price": "27.83",
            "revenue": 309239
        },
        "2011-08": {
            "month": "2011-08",
            "price": "22.53",
            "revenue": 316250
        },
        "2011-09": {
            "month": "2011-09",
            "price": "20.53",
            "revenue": 312279
        },
        "2011-10": {
            "month": "2011-10",
            "price": "21.10",
            "revenue": 299786
        },
        "2011-11": {
            "month": "2011-11",
            "price": "18.85",
            "revenue": 289503
        },
        "2011-12": {
            "month": "2011-12",
            "price": "16.57",
            "revenue": 278604
        },
        "2012-01": {
            "month": "2012-01",
            "price": "18.45",
            "revenue": 248222
        },
        "2012-02": {
            "month": "2012-02",
            "price": "21.00",
            "revenue": 261172
        },
        "2012-03": {
            "month": "2012-03",
            "price": "21.26",
            "revenue": 327020
        },
        "2012-04": {
            "month": "2012-04",
            "price": "18.36",
            "revenue": 324613
        },
        "2012-05": {
            "month": "2012-05",
            "price": "17.44",
            "revenue": 329656
        },
        "2012-06": {
            "month": "2012-06",
            "price": "17.90",
            "revenue": 278315
        },
        "2012-07": {
            "month": "2012-07",
            "price": "18.52",
            "revenue": 336480
        },
        "2012-08": {
            "month": "2012-08",
            "price": "18.16",
            "revenue": 331944
        },
        "2012-09": {
            "month": "2012-09",
            "price": "17.71",
            "revenue": 329070
        },
        "2012-10": {
            "month": "2012-10",
            "price": "17.49",
            "revenue": 286866
        },
        "2012-11": {
            "month": "2012-11",
            "price": "16.90",
            "revenue": 276121
        },
        "2012-12": {
            "month": "2012-12",
            "price": "17.37",
            "revenue": 286931
        },
        "2013-01": {
            "month": "2013-01",
            "price": "17.45",
            "revenue": 338989
        },
        "2013-02": {
            "month": "2013-02",
            "price": "17.69",
            "revenue": 211728
        },
        "2013-03": {
            "month": "2013-03",
            "price": "16.99",
            "revenue": 302951
        },
        "2013-04": {
            "month": "2013-04",
            "price": "16.06",
            "revenue": 331109
        },
        "2013-05": {
            "month": "2013-05",
            "price": "16.32",
            "revenue": 332802
        },
        "2013-06": {
            "month": "2013-06",
            "price": "15.88",
            "revenue": 296620
        },
        "2013-07": {
            "month": "2013-07",
            "price": "15.75",
            "revenue": 342566
        },
        "2013-08": {
            "month": "2013-08",
            "price": "15.46",
            "revenue": 348287
        },
        "2013-09": {
            "month": "2013-09",
            "price": "15.16",
            "revenue": 340958
        },
        "2013-10": {
            "month": "2013-10",
            "price": "15.51",
            "revenue": 327999
        },
        "2013-11": {
            "month": "2013-11",
            "price": "14.62",
            "revenue": 338454
        },
        "2013-12": {
            "month": "2013-12",
            "price": "15.19",
            "revenue": 330477
        },
        "2014-01": {
            "month": "2014-01",
            "price": "16.42",
            "revenue": 278411
        },
        "2014-02": {
            "month": "2014-02",
            "price": "17.56",
            "revenue": 284850
        },
        "2014-03": {
            "month": "2014-03",
            "price": "17.72",
            "revenue": 337211
        },
        "2014-04": {
            "month": "2014-04",
            "price": "17.35",
            "revenue": 353258
        },
        "2014-05": {
            "month": "2014-05",
            "price": "18.29",
            "revenue": 361154
        },
        "2014-06": {
            "month": "2014-06",
            "price": "22.71",
            "revenue": 337748
        },
        "2014-07": {
            "month": "2014-07",
            "price": "19.50",
            "revenue": 363206
        },
        "2014-08": {
            "month": "2014-08",
            "price": "18.05",
            "revenue": 352996
        },
        "2014-09": {
            "month": "2014-09",
            "price": "17.80",
            "revenue": 347657
        },
        "2014-10": {
            "month": "2014-10",
            "price": "16.36",
            "revenue": 332086
        },
        "2014-11": {
            "month": "2014-11",
            "price": "17.19",
            "revenue": 311823
        },
        "2014-12": {
            "month": "2014-12",
            "price": "17.50",
            "revenue": 351679
        },
        "2015-01": {
            "month": "2015-01",
            "price": "17.37",
            "revenue": 339420
        },
        "2015-02": {
            "month": "2015-02",
            "price": "17.41",
            "revenue": 224973
        },
        "2015-03": {
            "month": "2015-03",
            "price": "18.73",
            "revenue": 335233
        },
        "2015-04": {
            "month": "2015-04",
            "price": "17.21",
            "revenue": 300518
        },
        "2015-05": {
            "month": "2015-05",
            "price": "16.36",
            "revenue": 333342
        },
        "2015-06": {
            "month": "2015-06",
            "price": "14.40",
            "revenue": 357418
        },
        "2015-07": {
            "month": "2015-07",
            "price": "13.46",
            "revenue": 339544
        },
        "2015-08": {
            "month": "2015-08",
            "price": "13.25",
            "revenue": 343385
        },
        "2015-09": {
            "month": "2015-09",
            "price": "14.52",
            "revenue": 332911
        },
        "2015-10": {
            "month": "2015-10",
            "price": "14.68",
            "revenue": 352170
        },
        "2015-11": {
            "month": "2015-11",
            "price": "14.72",
            "revenue": 331714
        },
        "2015-12": {
            "month": "2015-12",
            "price": "14.31",
            "revenue": 332788
        },
        "2016-01": {
            "month": "2016-01",
            "price": "14.32",
            "revenue": 327476
        },
        "2016-02": {
            "month": "2016-02",
            "price": "14.72",
            "revenue": 228741
        },
        "2016-03": {
            "month": "2016-03",
            "price": "16.31",
            "revenue": 308431
        },
        "2016-04": {
            "month": "2016-04",
            "price": "16.52",
            "revenue": 310937
        },
        "2016-05": {
            "month": "2016-05",
            "price": "16.37",
            "revenue": 317799
        },
        "2016-06": {
            "month": "2016-06",
            "price": "16.95",
            "revenue": 317152
        },
        "2016-07": {
            "month": "2016-07",
            "price": "16.64",
            "revenue": 328485
        },
        "2016-08": {
            "month": "2016-08",
            "price": "16.67",
            "revenue": 355318
        },
        "2016-09": {
            "month": "2016-09",
            "price": "16.41",
            "revenue": 332996
        },
        "2016-10": {
            "month": "2016-10",
            "price": "18.82",
            "revenue": 305739
        },
        "2016-11": {
            "month": "2016-11",
            "price": "18.78",
            "revenue": 331704
        },
        "2016-12": {
            "month": "2016-12",
            "price": "18.91",
            "revenue": 331973
        },
        "2017-01": {
            "month": "2017-01",
            "price": "20.44",
            "revenue": 288945
        },
        "2017-02": {
            "month": "2017-02",
            "price": "24.94",
            "revenue": 256516
        },
        "2017-03": {
            "month": "2017-03",
            "price": "21.89",
            "revenue": 321993
        },
        "2017-04": {
            "month": "2017-04",
            "price": "21.80",
            "revenue": 308381
        },
        "2017-05": {
            "month": "2017-05",
            "price": "22.38",
            "revenue": 323993
        },
        "2017-06": {
            "month": "2017-06",
            "price": "22.92",
            "revenue": 334795
        },
        "2017-07": {
            "month": "2017-07",
            "price": "23.92",
            "revenue": 367850
        },
        "2017-08": {
            "month": "2017-08",
            "price": "24.22",
            "revenue": 361540
        },
        "2017-09": {
            "month": "2017-09",
            "price": "25.36",
            "revenue": 360075
        },
        "2017-10": {
            "month": "2017-10",
            "price": "24.69",
            "revenue": 363080
        },
        "2017-11": {
            "month": "2017-11",
            "price": "24.98",
            "revenue": 399897
        },
        "2017-12": {
            "month": "2017-12",
            "price": "28.13",
            "revenue": 380205
        },
        "2018-01": {
            "month": "2018-01",
            "price": "35.75",
            "revenue": 407540
        },
        "2018-02": {
            "month": "2018-02",
            "price": "31.38",
            "revenue": 251543
        },
        "2018-03": {
            "month": "2018-03",
            "price": "34.02",
            "revenue": 418369
        },
        "2018-04": {
            "month": "2018-04",
            "price": "49.92",
            "revenue": 442083
        },
        "2018-05": {
            "month": "2018-05",
            "price": "81.27",
            "revenue": 521614
        },
        "2018-06": {
            "month": "2018-06",
            "price": "128.58",
            "revenue": 562286
        },
        "2018-07": {
            "month": "2018-07",
            "price": "103.30",
            "revenue": 680282
        },
        "2018-08": {
            "month": "2018-08",
            "price": "80.40",
            "revenue": 735237
        },
        "2018-09": {
            "month": "2018-09",
            "price": "69.97",
            "revenue": 603031
        },
        "2018-10": {
            "month": "2018-10",
            "price": "52.24",
            "revenue": 583369
        },
        "2018-11": {
            "month": "2018-11",
            "price": "51.42",
            "revenue": 449162
        },
        "2018-12": {
            "month": "2018-12",
            "price": "54.80",
            "revenue": 353375
        },
        "2019-01": {
            "month": "2019-01",
            "price": "50.74",
            "revenue": 334551
        },
        "2019-02": {
            "month": "2019-02",
            "price": "55.85",
            "revenue": 331238
        },
        "2019-03": {
            "month": "2019-03",
            "price": "54.04",
            "revenue": 383111
        },
        "2019-04": {
            "month": "2019-04",
            "price": "56.28",
            "revenue": 371632
        },
        "2019-05": {
            "month": "2019-05",
            "price": "46.63",
            "revenue": 394523
        },
        "2019-06": {
            "month": "2019-06",
            "price": "45.67",
            "revenue": 377738
        },
        "2019-07": {
            "month": "2019-07",
            "price": "43.27",
            "revenue": 392525
        },
        "2019-08": {
            "month": "2019-08",
            "price": "33.71",
            "revenue": 390253
        },
        "2019-09": {
            "month": "2019-09",
            "price": "37.64",
            "revenue": 361130
        },
        "2019-10": {
            "month": "2019-10",
            "price": "43.99",
            "revenue": 374837
        },
        "2019-11": {
            "month": "2019-11",
            "price": "40.80",
            "revenue": 385019
        },
        "2019-12": {
            "month": "2019-12",
            "price": "48.12",
            "revenue": 396198
        },
        "2020-01": {
            "month": "2020-01",
            "price": "62.41",
            "revenue": 306091
        },
        "2020-02": {
            "month": "2020-02",
            "price": "75.63",
            "revenue": 288934
        },
        "2020-03": {
            "month": "2020-03",
            "price": "60.29",
            "revenue": 493656
        },
        "2020-04": {
            "month": "2020-04",
            "price": "72.34",
            "revenue": 481418
        },
        "2020-05": {
            "month": "2020-05",
            "price": "78.14",
            "revenue": 496808
        },
        "2020-06": {
            "month": "2020-06",
            "price": "80.21",
            "revenue": 421164
        },
        "2020-07": {
            "month": "2020-07",
            "price": "76.89",
            "revenue": 443893
        },
        "2020-08": {
            "month": "2020-08",
            "price": "72.18",
            "revenue": 513031
        },
        "2020-09": {
            "month": "2020-09",
            "price": "68.39",
            "revenue": 537793
        },
        "2020-10": {
            "month": "2020-10",
            "price": "68.68",
            "revenue": 445919
        },
        "2020-11": {
            "month": "2020-11",
            "price": "72.30",
            "revenue": 446822
        },
        "2020-12": {
            "month": "2020-12",
            "price": "78.73",
            "revenue": 507037
        },
        "2021-01": {
            "month": "2021-01",
            "price": "84.66",
            "revenue": 594037
        },
        "2021-02": {
            "month": "2021-02",
            "price": "82.88",
            "revenue": 395287
        },
        "2021-03": {
            "month": "2021-03",
            "price": "81.50",
            "revenue": 610168
        },
        "2021-04": {
            "month": "2021-04",
            "price": "78.54",
            "revenue": 537860
        },
        "2021-05": {
            "month": "2021-05",
            "price": "67.42",
            "revenue": 553028
        },
        "2021-06": {
            "month": "2021-06",
            "price": "69.26",
            "revenue": 537738
        },
        "2021-07": {
            "month": "2021-07",
            "price": "72.39",
            "revenue": 519866
        },
        "2021-08": {
            "month": "2021-08",
            "price": "65.24",
            "revenue": 560785
        },
        "2021-09": {
            "month": "2021-09",
            "price": "63.80",
            "revenue": 490322
        },
        "2021-10": {
            "month": "2021-10",
            "price": "61.16",
            "revenue": 467894
        },
        "2021-11": {
            "month": "2021-11",
            "price": "65.67",
            "revenue": 514243
        },
        "2021-12": {
            "month": "2021-12",
            "price": "65.00",
            "revenue": 526286
        },
        "2022-01": {
            "month": "2022-01",
            "price": "62.92",
            "revenue": 483331
        },
        "2022-02": {
            "month": "2022-02",
            "price": "61.31",
            "revenue": 432004
        },
        "2022-03": {
            "month": "2022-03",
            "price": "60.06",
            "revenue": 528649
        },
        "2022-04": {
            "month": "2022-04",
            "price": "55.34",
            "revenue": 462561
        },
        "2022-05": {
            "month": "2022-05",
            "price": "54.32",
            "revenue": 431035
        },
        "2022-06": {
            "month": "2022-06",
            "price": "53.83",
            "revenue": 402163
        },
        "2022-07": {
            "month": "2022-07",
            "price": "41.98",
            "revenue": 348427
        },
        "2022-08": {
            "month": "2022-08",
            "price": "43.66",
            "revenue": 369938
        },
        "2022-09": {
            "month": "2022-09",
            "price": "42.59",
            "revenue": 393260
        },
        "2022-10": {
            "month": "2022-10",
            "price": "40.51",
            "revenue": 397384
        },
        "2022-11": {
            "month": "2022-11",
            "price": "43.73",
            "revenue": 397739
        },
        "2022-12": {
            "month": "2022-12",
            "price": "44.33",
            "revenue": 369758
        },
        "2023-01": {
            "month": "2023-01",
            "price": "43.62",
            "revenue": 308668
        },
        "2023-02": {
            "month": "2023-02",
            "price": "47.18",
            "revenue": 369323
        },
        "2023-03": {
            "month": "2023-03",
            "price": "47.83",
            "revenue": 426773
        },
        "2023-04": {
            "month": "2023-04",
            "price": "48.76",
            "revenue": 373288
        },
        "2023-05": {
            "month": "2023-05",
            "price": "47.64",
            "revenue": 399177
        },
        "2023-06": {
            "month": "2023-06",
            "price": "48.46",
            "revenue": 366196
        },
        "2023-07": {
            "month": "2023-07",
            "price": "46.84",
            "revenue": 390974
        },
        "2023-08": {
            "month": "2023-08",
            "price": "44.72",
            "revenue": 404884
        },
        "2023-09": {
            "month": "2023-09",
            "price": "46.91",
            "revenue": 395595
        },
        "2023-10": {
            "month": "2023-10",
            "price": "45.60",
            "revenue": 401319
        },
        "2023-11": {
            "month": "2023-11",
            "price": "47.20",
            "revenue": 400290
        },
        "2023-12": {
            "month": "2023-12",
            "price": "48.53",
            "revenue": 350619
        }
    }
}
