{
    "summary": {
        "stock_name": "敦陽科",
        "stock_id": "2480",
        "category": "資訊服務",
        "main_business": "電腦系統、電腦週邊、網路產品及電腦軟體之規劃、銷售及整合。<br>系統整合及諮詢與維修等。",
        "website_url": "http://www.sti.com.tw",
        "ceo": "梁修宗",
        "pe_ratio": 18,
        "report_year_from": 2001,
        "report_year_to": 2023,
        "age": 23,
        "eps_negative_percentage": 0,
        "eps_growth_avg": {
            "last_all": 2.9,
            "last_2y": 16.63,
            "last_4y": 14.37,
            "last_8y": 16.17,
            "last_12y": 10.99,
            "last_16y": 11.67,
            "last_20y": 5.31,
            "at_2006_last_3y": -21.73,
            "at_2007_last_3y": -8.54,
            "at_2008_last_3y": -9.31,
            "at_2009_last_3y": 11.67,
            "at_2010_last_3y": 13.88,
            "at_2011_last_3y": 13.66,
            "at_2012_last_3y": 17.01,
            "at_2013_last_3y": 0.06,
            "at_2014_last_3y": -0.68,
            "at_2015_last_3y": -0.68,
            "at_2016_last_3y": 3.61,
            "at_2017_last_3y": 6.75,
            "at_2018_last_3y": 18.43,
            "at_2019_last_3y": 20.87,
            "at_2020_last_3y": 20.95,
            "at_2021_last_3y": 24.22,
            "at_2022_last_3y": 16.33,
            "at_2023_last_3y": 15.39,
            "at_2024_last_3y": 15.39,
            "at_2006_last_all": -26.92,
            "at_2007_last_all": -22.2,
            "at_2008_last_all": -21.77,
            "at_2009_last_all": -10.25,
            "at_2010_last_all": -8.78,
            "at_2011_last_all": -7.86,
            "at_2012_last_all": -7.67,
            "at_2013_last_all": -6.82,
            "at_2014_last_all": -6.29,
            "at_2015_last_all": -5.81,
            "at_2016_last_all": -4.66,
            "at_2017_last_all": -3.42,
            "at_2018_last_all": -0.47,
            "at_2019_last_all": 0.12,
            "at_2020_last_all": 0.73,
            "at_2021_last_all": 2.1,
            "at_2022_last_all": 2.73,
            "at_2023_last_all": 2.9,
            "at_2024_last_all": 2.9
        },
        "latest_eps": 7.36,
        "latest_price": 129.5,
        "latest_roe": 24.49,
        "latest_gross_margin": 24.11,
        "latest_equity": 3269951,
        "latest_revenue": 1971435,
        "latest_gross_profit": 475220,
        "latest_net_income": 196823,
        "latest_debt_ratio": 50.96,
        "latest_current_ratio": 175.41,
        "latest_account_receivable_turnover_ratio": 2.86,
        "latest_inventory_turnover_ratio": 0.65,
        "latest_reinvestment_rate": 1.61,
        "latest_research_to_sale_ratio": 1.22
    },
    "eps_dividends": {
        "1999": {
            "cash": 0,
            "stock": 6,
            "eps": 0
        },
        "2000": {
            "cash": 0,
            "stock": 5.8,
            "eps": 0
        },
        "2001": {
            "cash": 1,
            "stock": 5.2,
            "eps": 8.29
        },
        "2002": {
            "cash": 1,
            "stock": 3.5,
            "eps": 4.34
        },
        "2003": {
            "cash": 1,
            "stock": 1,
            "eps": 2.11
        },
        "2004": {
            "cash": 1.52,
            "stock": 0,
            "eps": 1.77
        },
        "2005": {
            "cash": 1.2,
            "stock": 0,
            "eps": 1.53
        },
        "2006": {
            "cash": 1.07,
            "stock": 0,
            "eps": 1.44
        },
        "2007": {
            "cash": 1.2,
            "stock": 0,
            "eps": 1.46
        },
        "2008": {
            "cash": 1.2,
            "stock": 0,
            "eps": 1.18
        },
        "2009": {
            "cash": 1.69,
            "stock": 0,
            "eps": 2.01
        },
        "2010": {
            "cash": 1.8,
            "stock": 0,
            "eps": 2.07
        },
        "2011": {
            "cash": 3.77,
            "stock": 0,
            "eps": 2.08
        },
        "2012": {
            "cash": 0,
            "stock": 0,
            "eps": 1.96
        },
        "2013": {
            "cash": 2,
            "stock": 0,
            "eps": 2.01
        },
        "2014": {
            "cash": 2,
            "stock": 0,
            "eps": 2.01
        },
        "2015": {
            "cash": 2,
            "stock": 0,
            "eps": 2.02
        },
        "2016": {
            "cash": 2,
            "stock": 0,
            "eps": 2.25
        },
        "2017": {
            "cash": 2.1,
            "stock": 0,
            "eps": 2.59
        },
        "2018": {
            "cash": 2.62,
            "stock": 0,
            "eps": 3.8
        },
        "2019": {
            "cash": 3.42,
            "stock": 0,
            "eps": 4.19
        },
        "2020": {
            "cash": 4.45,
            "stock": 0,
            "eps": 4.68
        },
        "2021": {
            "cash": 4.3,
            "stock": 0,
            "eps": 6
        },
        "2022": {
            "cash": 5.62,
            "stock": 0,
            "eps": 6.91
        },
        "2023": {
            "cash": 6.26,
            "stock": 0,
            "eps": 7.36
        },
        "2024": {
            "cash": 6.64,
            "stock": 0,
            "eps": 0
        }
    },
    "dividends": {
        "1999-06-25": {
            "cash": 0,
            "stock": 6
        },
        "2000-05-02": {
            "cash": 0,
            "stock": 5.8
        },
        "2001-05-10": {
            "cash": 1,
            "stock": 5.2
        },
        "2002-05-13": {
            "cash": 1,
            "stock": 3.5
        },
        "2003-04-14": {
            "cash": 1,
            "stock": 1
        },
        "2004-04-06": {
            "cash": 1.52,
            "stock": 0
        },
        "2005-04-04": {
            "cash": 1.2,
            "stock": 0
        },
        "2006-04-21": {
            "cash": 1.07,
            "stock": 0
        },
        "2007-03-15": {
            "cash": 1.2,
            "stock": 0
        },
        "2008-03-24": {
            "cash": 1.2,
            "stock": 0
        },
        "2009-03-20": {
            "cash": 1.69,
            "stock": 0
        },
        "2010-03-25": {
            "cash": 1.8,
            "stock": 0
        },
        "2011-01-01": {
            "cash": 1.9,
            "stock": 0
        },
        "2011-03-18": {
            "cash": 1.87,
            "stock": 0
        },
        "2013-04-15": {
            "cash": 2,
            "stock": 0
        },
        "2014-06-11": {
            "cash": 2,
            "stock": 0
        },
        "2015-08-28": {
            "cash": 2,
            "stock": 0
        },
        "2016-07-29": {
            "cash": 2,
            "stock": 0
        },
        "2017-07-28": {
            "cash": 2.1,
            "stock": 0
        },
        "2018-07-19": {
            "cash": 2.62,
            "stock": 0
        },
        "2019-07-22": {
            "cash": 3.42,
            "stock": 0
        },
        "2020-07-24": {
            "cash": 4.45,
            "stock": 0
        },
        "2021-07-27": {
            "cash": 4.3,
            "stock": 0
        },
        "2022-07-20": {
            "cash": 5.62,
            "stock": 0
        },
        "2023-07-14": {
            "cash": 6.26,
            "stock": 0
        },
        "2024-02-29": {
            "cash": 6.64,
            "stock": 0
        }
    },
    "prices": {
        "200101": "無",
        "200102": "無",
        "200103": "無",
        "200104": "無",
        "200105": "無",
        "200106": "無",
        "200107": "無",
        "200108": "無",
        "200109": "93.69",
        "200110": "100.64",
        "200111": "116.11",
        "200112": "130.26",
        "200201": "138.45",
        "200202": "133.12",
        "200203": "131.05",
        "200204": "131.79",
        "200205": "116.70",
        "200206": "93.98",
        "200207": "82.20",
        "200208": "72.11",
        "200209": "62.55",
        "200210": "55.73",
        "200211": "52.13",
        "200212": "46.38",
        "200301": "45.63",
        "200302": "43.82",
        "200303": "37.59",
        "200304": "34.31",
        "200305": "29.61",
        "200306": "35.76",
        "200307": "37.77",
        "200308": "30.58",
        "200309": "28.93",
        "200310": "29.41",
        "200311": "30.32",
        "200312": "31.57",
        "200401": "33.39",
        "200402": "33.58",
        "200403": "31.13",
        "200404": "27.51",
        "200405": "20.67",
        "200406": "19.50",
        "200407": "18.02",
        "200408": "16.32",
        "200409": "16.19",
        "200410": "15.09",
        "200411": "14.70",
        "200412": "15.03",
        "200501": "15.16",
        "200502": "15.22",
        "200503": "15.60",
        "200504": "15.12",
        "200505": "14.87",
        "200506": "16.03",
        "200507": "16.58",
        "200508": "14.46",
        "200509": "14.24",
        "200510": "13.63",
        "200511": "13.29",
        "200512": "13.88",
        "200601": "14.21",
        "200602": "13.61",
        "200603": "13.24",
        "200604": "14.34",
        "200605": "15.22",
        "200606": "13.44",
        "200607": "13.35",
        "200608": "12.64",
        "200609": "12.40",
        "200610": "13.18",
        "200611": "14.63",
        "200612": "17.67",
        "200701": "17.53",
        "200702": "16.72",
        "200703": "18.34",
        "200704": "18.46",
        "200705": "17.70",
        "200706": "20.64",
        "200707": "21.03",
        "200708": "18.69",
        "200709": "18.01",
        "200710": "18.41",
        "200711": "16.45",
        "200712": "15.27",
        "200801": "14.87",
        "200802": "15.01",
        "200803": "15.91",
        "200804": "17.04",
        "200805": "18.17",
        "200806": "16.59",
        "200807": "13.62",
        "200808": "13.88",
        "200809": "12.69",
        "200810": "11.98",
        "200811": "10.67",
        "200812": "10.10",
        "200901": "10.41",
        "200902": "10.95",
        "200903": "13.40",
        "200904": "16.15",
        "200905": "17.25",
        "200906": "17.10",
        "200907": "15.82",
        "200908": "17.32",
        "200909": "18.22",
        "200910": "19.06",
        "200911": "22.53",
        "200912": "30.04",
        "201001": "29.01",
        "201002": "27.14",
        "201003": "32.87",
        "201004": "34.16",
        "201005": "29.50",
        "201006": "29.61",
        "201007": "29.02",
        "201008": "27.18",
        "201009": "26.58",
        "201010": "28.27",
        "201011": "28.59",
        "201012": "30.33",
        "201101": "29.82",
        "201102": "27.12",
        "201103": "26.50",
        "201104": "26.91",
        "201105": "26.49",
        "201106": "28.78",
        "201107": "28.12",
        "201108": "32.57",
        "201109": "30.70",
        "201110": "27.78",
        "201111": "27.90",
        "201112": "24.15",
        "201201": "24.17",
        "201202": "27.78",
        "201203": "28.33",
        "201204": "27.42",
        "201205": "27.67",
        "201206": "26.44",
        "201207": "24.68",
        "201208": "25.55",
        "201209": "26.27",
        "201210": "25.19",
        "201211": "24.10",
        "201212": "24.70",
        "201301": "25.04",
        "201302": "24.98",
        "201303": "25.36",
        "201304": "25.14",
        "201305": "25.80",
        "201306": "25.69",
        "201307": "24.64",
        "201308": "25.02",
        "201309": "25.54",
        "201310": "27.54",
        "201311": "29.71",
        "201312": "30.34",
        "201401": "32.82",
        "201402": "32.54",
        "201403": "32.07",
        "201404": "30.31",
        "201405": "29.14",
        "201406": "30.12",
        "201407": "27.85",
        "201408": "27.36",
        "201409": "28.15",
        "201410": "28.54",
        "201411": "28.60",
        "201412": "28.02",
        "201501": "28.82",
        "201502": "29.00",
        "201503": "29.15",
        "201504": "29.79",
        "201505": "29.24",
        "201506": "28.56",
        "201507": "27.51",
        "201508": "24.00",
        "201509": "24.12",
        "201510": "25.22",
        "201511": "25.42",
        "201512": "24.62",
        "201601": "24.00",
        "201602": "24.90",
        "201603": "26.73",
        "201604": "26.52",
        "201605": "25.88",
        "201606": "26.34",
        "201607": "24.97",
        "201608": "25.28",
        "201609": "25.32",
        "201610": "25.71",
        "201611": "26.42",
        "201612": "27.70",
        "201701": "28.03",
        "201702": "29.26",
        "201703": "32.11",
        "201704": "30.71",
        "201705": "31.41",
        "201706": "31.20",
        "201707": "29.46",
        "201708": "29.81",
        "201709": "35.37",
        "201710": "34.72",
        "201711": "34.68",
        "201712": "35.05",
        "201801": "36.59",
        "201802": "35.71",
        "201803": "36.69",
        "201804": "40.09",
        "201805": "40.65",
        "201806": "40.73",
        "201807": "39.69",
        "201808": "40.42",
        "201809": "38.53",
        "201810": "37.08",
        "201811": "37.61",
        "201812": "38.06",
        "201901": "40.51",
        "201902": "43.13",
        "201903": "54.29",
        "201904": "56.88",
        "201905": "53.10",
        "201906": "53.23",
        "201907": "51.83",
        "201908": "52.36",
        "201909": "51.83",
        "201910": "54.71",
        "201911": "53.09",
        "201912": "53.43",
        "202001": "54.62",
        "202002": "54.59",
        "202003": "56.33",
        "202004": "58.33",
        "202005": "64.66",
        "202006": "71.18",
        "202007": "66.38",
        "202008": "63.47",
        "202009": "62.11",
        "202010": "63.46",
        "202011": "66.54",
        "202012": "66.19",
        "202101": "67.31",
        "202102": "68.05",
        "202103": "70.30",
        "202104": "71.31",
        "202105": "69.30",
        "202106": "70.23",
        "202107": "68.24",
        "202108": "68.16",
        "202109": "68.86",
        "202110": "70.05",
        "202111": "71.60",
        "202112": "72.48",
        "202201": "78.41",
        "202202": "83.81",
        "202203": "93.37",
        "202204": "91.18",
        "202205": "90.66",
        "202206": "89.18",
        "202207": "81.78",
        "202208": "86.32",
        "202209": "81.73",
        "202210": "78.44",
        "202211": "79.39",
        "202212": "82.80",
        "202301": "84.52",
        "202302": "87.05",
        "202303": "96.02",
        "202304": "98.96",
        "202305": "113.11",
        "202306": "117.40",
        "202307": "119.36",
        "202308": "114.98",
        "202309": "115.45",
        "202310": "114.75",
        "202311": "120.16",
        "202312": "121.38"
    },
    "quarters": {
        "20011": {
            "year_quarter": 20011,
            "year": 2001,
            "quarter": 1,
            "eps": 3.45,
            "eps_growth_year": 6.81,
            "eps_4q": 9.08,
            "eps_4q_growth_year": 26.38,
            "roe": 16.58,
            "roe_4q": 16.58,
            "gross_profit": 437420,
            "gross_margin": 29.56,
            "gross_margin_4q_avg": 29.56,
            "net_income": 288327,
            "net_income_4q": null,
            "revenue": 1479764,
            "revenue_4q": null,
            "common_shares": 836319,
            "book_valuer_per_share": 22.56,
            "book_valuer_per_share_4q_avg": 22.56,
            "equity": 1886463,
            "current_ratio": 202.49,
            "debt_ratio": 51.42,
            "inventory_turnover_ratio": 1.04,
            "account_receivable_turnover_ratio": null,
            "reinvestment_rate": null,
            "research_to_sale_ratio": null,
            "price_fair": 0,
            "eps_avg_yearly": 0,
            "eps_latest_yearly": 0,
            "eps_growth_yearly": 0
        },
        "20012": {
            "year_quarter": 20012,
            "year": 2001,
            "quarter": 2,
            "eps": 1.61,
            "eps_growth_year": -32.07,
            "eps_4q": 5.85,
            "eps_4q_growth_year": 0.23,
            "roe": 10.88,
            "roe_4q": 27.46,
            "gross_profit": 387583,
            "gross_margin": 28.12,
            "gross_margin_4q_avg": 28.84,
            "net_income": 212538,
            "net_income_4q": null,
            "revenue": 1378340,
            "revenue_4q": null,
            "common_shares": 836319,
            "book_valuer_per_share": 24.14,
            "book_valuer_per_share_4q_avg": 23.35,
            "equity": 2018948,
            "current_ratio": 180.66,
            "debt_ratio": 54.86,
            "inventory_turnover_ratio": 0.86,
            "account_receivable_turnover_ratio": null,
            "reinvestment_rate": null,
            "research_to_sale_ratio": null,
            "price_fair": 0,
            "eps_avg_yearly": 0,
            "eps_latest_yearly": 0,
            "eps_growth_yearly": 0
        },
        "20013": {
            "year_quarter": 20013,
            "year": 2001,
            "quarter": 3,
            "eps": 1.51,
            "eps_growth_year": -7.93,
            "eps_4q": 6.33,
            "eps_4q_growth_year": -6.19,
            "roe": 9.4,
            "roe_4q": 36.86,
            "gross_profit": 378182,
            "gross_margin": 26.94,
            "gross_margin_4q_avg": 28.21,
            "net_income": 199088,
            "net_income_4q": null,
            "revenue": 1403718,
            "revenue_4q": null,
            "common_shares": 1317478,
            "book_valuer_per_share": 16.84,
            "book_valuer_per_share_4q_avg": 21.18,
            "equity": 2218736,
            "current_ratio": 181.95,
            "debt_ratio": 53.92,
            "inventory_turnover_ratio": 0.78,
            "account_receivable_turnover_ratio": null,
            "reinvestment_rate": null,
            "research_to_sale_ratio": null,
            "price_fair": 0,
            "eps_avg_yearly": 0,
            "eps_latest_yearly": 0,
            "eps_growth_yearly": 0
        },
        "20014": {
            "year_quarter": 20014,
            "year": 2001,
            "quarter": 4,
            "eps": 1.72,
            "eps_growth_year": 6.17,
            "eps_4q": 6.5,
            "eps_4q_growth_year": -14.48,
            "roe": 9.95,
            "roe_4q": 46.81,
            "gross_profit": 552462,
            "gross_margin": 21.53,
            "gross_margin_4q_avg": 26.54,
            "net_income": 251836,
            "net_income_4q": null,
            "revenue": 2565842,
            "revenue_4q": null,
            "common_shares": 1460943,
            "book_valuer_per_share": 19.45,
            "book_valuer_per_share_4q_avg": 20.75,
            "equity": 2841163,
            "current_ratio": 182.19,
            "debt_ratio": 53.3,
            "inventory_turnover_ratio": 1.36,
            "account_receivable_turnover_ratio": null,
            "reinvestment_rate": null,
            "research_to_sale_ratio": null,
            "price_fair": 0,
            "eps_avg_yearly": 0,
            "eps_latest_yearly": 0,
            "eps_growth_yearly": 0
        },
        "20021": {
            "year_quarter": 20021,
            "year": 2002,
            "quarter": 1,
            "eps": 1.52,
            "eps_growth_year": -55.94,
            "eps_4q": 6.02,
            "eps_4q_growth_year": -33.64,
            "roe": 7.57,
            "roe_4q": 37.800000000000004,
            "gross_profit": 422103,
            "gross_margin": 24.37,
            "gross_margin_4q_avg": 25.24,
            "net_income": 223904,
            "net_income_4q": null,
            "revenue": 1731870,
            "revenue_4q": null,
            "common_shares": 1460943,
            "book_valuer_per_share": 21.05,
            "book_valuer_per_share_4q_avg": 20.37,
            "equity": 3076003,
            "current_ratio": 207.54,
            "debt_ratio": 47.58,
            "inventory_turnover_ratio": 0.88,
            "account_receivable_turnover_ratio": null,
            "reinvestment_rate": null,
            "research_to_sale_ratio": null,
            "price_fair": 18.24,
            "eps_avg_yearly": 6.08,
            "eps_latest_yearly": 6.08,
            "eps_growth_yearly": -46.51
        },
        "20022": {
            "year_quarter": 20022,
            "year": 2002,
            "quarter": 2,
            "eps": 1.79,
            "eps_growth_year": 11.18,
            "eps_4q": 6.42,
            "eps_4q_growth_year": 9.62,
            "roe": 8.36,
            "roe_4q": 35.28,
            "gross_profit": 438038,
            "gross_margin": 22.23,
            "gross_margin_4q_avg": 23.77,
            "net_income": 261019,
            "net_income_4q": null,
            "revenue": 1970467,
            "revenue_4q": null,
            "common_shares": 1460943,
            "book_valuer_per_share": 21.69,
            "book_valuer_per_share_4q_avg": 19.76,
            "equity": 3168147,
            "current_ratio": 204.21,
            "debt_ratio": 48.04,
            "inventory_turnover_ratio": 1.08,
            "account_receivable_turnover_ratio": null,
            "reinvestment_rate": null,
            "research_to_sale_ratio": null,
            "price_fair": 147.43,
            "eps_avg_yearly": 6.62,
            "eps_latest_yearly": 7.16,
            "eps_growth_yearly": 12.27
        },
        "20023": {
            "year_quarter": 20023,
            "year": 2002,
            "quarter": 3,
            "eps": 0.88,
            "eps_growth_year": -41.72,
            "eps_4q": 4.56,
            "eps_4q_growth_year": -27.95,
            "roe": 5.4,
            "roe_4q": 31.279999999999998,
            "gross_profit": 388442,
            "gross_margin": 21.66,
            "gross_margin_4q_avg": 22.45,
            "net_income": 176000,
            "net_income_4q": null,
            "revenue": 1792987,
            "revenue_4q": null,
            "common_shares": 2002836,
            "book_valuer_per_share": 16.72,
            "book_valuer_per_share_4q_avg": 19.73,
            "equity": 3348667,
            "current_ratio": 284.51,
            "debt_ratio": 51.86,
            "inventory_turnover_ratio": 1.06,
            "account_receivable_turnover_ratio": null,
            "reinvestment_rate": null,
            "research_to_sale_ratio": null,
            "price_fair": 16.76,
            "eps_avg_yearly": 5.59,
            "eps_latest_yearly": 3.52,
            "eps_growth_yearly": -59.6
        },
        "20024": {
            "year_quarter": 20024,
            "year": 2002,
            "quarter": 4,
            "eps": 0.15,
            "eps_growth_year": -91.28,
            "eps_4q": 3.4,
            "eps_4q_growth_year": -47.77,
            "roe": 0.91,
            "roe_4q": 22.240000000000002,
            "gross_profit": 285766,
            "gross_margin": 17.94,
            "gross_margin_4q_avg": 21.55,
            "net_income": 30550,
            "net_income_4q": null,
            "revenue": 1592577,
            "revenue_4q": null,
            "common_shares": 2002836,
            "book_valuer_per_share": 16.86,
            "book_valuer_per_share_4q_avg": 19.08,
            "equity": 3377288,
            "current_ratio": 265.79,
            "debt_ratio": 48.44,
            "inventory_turnover_ratio": 1,
            "account_receivable_turnover_ratio": null,
            "reinvestment_rate": 20.73,
            "research_to_sale_ratio": null,
            "price_fair": 13.02,
            "eps_avg_yearly": 4.34,
            "eps_latest_yearly": 0.6,
            "eps_growth_yearly": -127.66
        },
        "20031": {
            "year_quarter": 20031,
            "year": 2003,
            "quarter": 1,
            "eps": 0.53,
            "eps_growth_year": -65.13,
            "eps_4q": 2.85,
            "eps_4q_growth_year": -52.62,
            "roe": 3.11,
            "roe_4q": 17.78,
            "gross_profit": 272651,
            "gross_margin": 15.16,
            "gross_margin_4q_avg": 19.25,
            "net_income": 106630,
            "net_income_4q": null,
            "revenue": 1798111,
            "revenue_4q": null,
            "common_shares": 2002836,
            "book_valuer_per_share": 17.35,
            "book_valuer_per_share_4q_avg": 18.16,
            "equity": 3474733,
            "current_ratio": 322.05,
            "debt_ratio": 43.93,
            "inventory_turnover_ratio": 1.2,
            "account_receivable_turnover_ratio": null,
            "reinvestment_rate": 20.07,
            "research_to_sale_ratio": null,
            "price_fair": 136.36,
            "eps_avg_yearly": 3.9,
            "eps_latest_yearly": 2.12,
            "eps_growth_yearly": 100.54
        },
        "20032": {
            "year_quarter": 20032,
            "year": 2003,
            "quarter": 2,
            "eps": 0.5,
            "eps_growth_year": -72.07,
            "eps_4q": 1.89,
            "eps_4q_growth_year": -70.59,
            "roe": 3.29,
            "roe_4q": 12.71,
            "gross_profit": 312205,
            "gross_margin": 18.07,
            "gross_margin_4q_avg": 18.21,
            "net_income": 112842,
            "net_income_4q": null,
            "revenue": 1727549,
            "revenue_4q": null,
            "common_shares": 2002836,
            "book_valuer_per_share": 16.9,
            "book_valuer_per_share_4q_avg": 16.96,
            "equity": 3384859,
            "current_ratio": 360.5,
            "debt_ratio": 42.27,
            "inventory_turnover_ratio": 1.32,
            "account_receivable_turnover_ratio": null,
            "reinvestment_rate": 20.26,
            "research_to_sale_ratio": null,
            "price_fair": 125.3,
            "eps_avg_yearly": 3.58,
            "eps_latest_yearly": 2,
            "eps_growth_yearly": 80.01
        },
        "20033": {
            "year_quarter": 20033,
            "year": 2003,
            "quarter": 3,
            "eps": 0.69,
            "eps_growth_year": -21.59,
            "eps_4q": 1.81,
            "eps_4q_growth_year": -60.29,
            "roe": 4.45,
            "roe_4q": 11.76,
            "gross_profit": 353417,
            "gross_margin": 20.2,
            "gross_margin_4q_avg": 17.84,
            "net_income": 153743,
            "net_income_4q": null,
            "revenue": 1749547,
            "revenue_4q": null,
            "common_shares": 2240120,
            "book_valuer_per_share": 15.77,
            "book_valuer_per_share_4q_avg": 16.72,
            "equity": 3532494,
            "current_ratio": 209.01,
            "debt_ratio": 40.13,
            "inventory_turnover_ratio": 1.62,
            "account_receivable_turnover_ratio": null,
            "reinvestment_rate": 19.15,
            "research_to_sale_ratio": null,
            "price_fair": 121.2,
            "eps_avg_yearly": 3.46,
            "eps_latest_yearly": 2.76,
            "eps_growth_yearly": 90.29
        },
        "20034": {
            "year_quarter": 20034,
            "year": 2003,
            "quarter": 4,
            "eps": 0.39,
            "eps_growth_year": 160,
            "eps_4q": 2.07,
            "eps_4q_growth_year": -39.14,
            "roe": 2.43,
            "roe_4q": 13.280000000000001,
            "gross_profit": 264396,
            "gross_margin": 19.09,
            "gross_margin_4q_avg": 18.13,
            "net_income": 86831,
            "net_income_4q": null,
            "revenue": 1384993,
            "revenue_4q": null,
            "common_shares": 2240120,
            "book_valuer_per_share": 16.15,
            "book_valuer_per_share_4q_avg": 16.54,
            "equity": 3618576,
            "current_ratio": 208.06,
            "debt_ratio": 40.1,
            "inventory_turnover_ratio": 1.4,
            "account_receivable_turnover_ratio": null,
            "reinvestment_rate": 18.64,
            "research_to_sale_ratio": null,
            "price_fair": 112.88,
            "eps_avg_yearly": 3.23,
            "eps_latest_yearly": 1.56,
            "eps_growth_yearly": 57.27
        },
        "20041": {
            "year_quarter": 20041,
            "year": 2004,
            "quarter": 1,
            "eps": 0.49,
            "eps_growth_year": -7.55,
            "eps_4q": 2.07,
            "eps_4q_growth_year": -27.42,
            "roe": 2.98,
            "roe_4q": 13.149999999999999,
            "gross_profit": 249222,
            "gross_margin": 19.79,
            "gross_margin_4q_avg": 19.29,
            "net_income": 109511,
            "net_income_4q": null,
            "revenue": 1259570,
            "revenue_4q": null,
            "common_shares": 2240120,
            "book_valuer_per_share": 16.65,
            "book_valuer_per_share_4q_avg": 16.37,
            "equity": 3729677,
            "current_ratio": 274.73,
            "debt_ratio": 29.68,
            "inventory_turnover_ratio": 1.27,
            "account_receivable_turnover_ratio": null,
            "reinvestment_rate": 18.47,
            "research_to_sale_ratio": null,
            "price_fair": 107.96,
            "eps_avg_yearly": 3.08,
            "eps_latest_yearly": 1.96,
            "eps_growth_yearly": 62.3
        },
        "20042": {
            "year_quarter": 20042,
            "year": 2004,
            "quarter": 2,
            "eps": 0.43,
            "eps_growth_year": -14,
            "eps_4q": 2,
            "eps_4q_growth_year": 5.72,
            "roe": 2.71,
            "roe_4q": 12.57,
            "gross_profit": 288548,
            "gross_margin": 20.81,
            "gross_margin_4q_avg": 19.97,
            "net_income": 96154,
            "net_income_4q": null,
            "revenue": 1386737,
            "revenue_4q": null,
            "common_shares": 2240120,
            "book_valuer_per_share": 15.09,
            "book_valuer_per_share_4q_avg": 15.92,
            "equity": 3379533,
            "current_ratio": 228.14,
            "debt_ratio": 34.77,
            "inventory_turnover_ratio": 1.46,
            "account_receivable_turnover_ratio": null,
            "reinvestment_rate": 19.31,
            "research_to_sale_ratio": null,
            "price_fair": 103.18,
            "eps_avg_yearly": 2.95,
            "eps_latest_yearly": 1.72,
            "eps_growth_yearly": 51.17
        },
        "20043": {
            "year_quarter": 20043,
            "year": 2004,
            "quarter": 3,
            "eps": 0.48,
            "eps_growth_year": -30.43,
            "eps_4q": 1.8,
            "eps_4q_growth_year": -0.52,
            "roe": 3.1,
            "roe_4q": 11.22,
            "gross_profit": 303580,
            "gross_margin": 20.98,
            "gross_margin_4q_avg": 20.17,
            "net_income": 106142,
            "net_income_4q": null,
            "revenue": 1446822,
            "revenue_4q": null,
            "common_shares": 2240120,
            "book_valuer_per_share": 15.46,
            "book_valuer_per_share_4q_avg": 15.84,
            "equity": 3463209,
            "current_ratio": 274.48,
            "debt_ratio": 28.26,
            "inventory_turnover_ratio": 1.59,
            "account_receivable_turnover_ratio": null,
            "reinvestment_rate": 19.66,
            "research_to_sale_ratio": null,
            "price_fair": 99.91,
            "eps_avg_yearly": 2.85,
            "eps_latest_yearly": 1.92,
            "eps_growth_yearly": 50.75
        },
        "20044": {
            "year_quarter": 20044,
            "year": 2004,
            "quarter": 4,
            "eps": 0.37,
            "eps_growth_year": -5.13,
            "eps_4q": 1.77,
            "eps_4q_growth_year": -14.53,
            "roe": 2.37,
            "roe_4q": 11.16,
            "gross_profit": 274579,
            "gross_margin": 22.88,
            "gross_margin_4q_avg": 21.12,
            "net_income": 82635,
            "net_income_4q": null,
            "revenue": 1200168,
            "revenue_4q": null,
            "common_shares": 2215840,
            "book_valuer_per_share": 15.84,
            "book_valuer_per_share_4q_avg": 15.76,
            "equity": 3509842,
            "current_ratio": 280.77,
            "debt_ratio": 28.08,
            "inventory_turnover_ratio": 1.23,
            "account_receivable_turnover_ratio": null,
            "reinvestment_rate": 12.81,
            "research_to_sale_ratio": null,
            "price_fair": 95.9,
            "eps_avg_yearly": 2.74,
            "eps_latest_yearly": 1.48,
            "eps_growth_yearly": 38.88
        },
        "20051": {
            "year_quarter": 20051,
            "year": 2005,
            "quarter": 1,
            "eps": 0.35,
            "eps_growth_year": -28.57,
            "eps_4q": 1.64,
            "eps_4q_growth_year": -20.62,
            "roe": 2.17,
            "roe_4q": 10.350000000000001,
            "gross_profit": 265225,
            "gross_margin": 21.46,
            "gross_margin_4q_avg": 21.53,
            "net_income": 77049,
            "net_income_4q": null,
            "revenue": 1235898,
            "revenue_4q": null,
            "common_shares": 2215840,
            "book_valuer_per_share": 16.22,
            "book_valuer_per_share_4q_avg": 15.65,
            "equity": 3595008,
            "current_ratio": 312.59,
            "debt_ratio": 27.04,
            "inventory_turnover_ratio": 1.22,
            "account_receivable_turnover_ratio": null,
            "reinvestment_rate": 4.98,
            "research_to_sale_ratio": null,
            "price_fair": 92.29,
            "eps_avg_yearly": 2.64,
            "eps_latest_yearly": 1.4,
            "eps_growth_yearly": 34.23
        },
        "20052": {
            "year_quarter": 20052,
            "year": 2005,
            "quarter": 2,
            "eps": 0.45,
            "eps_growth_year": 4.65,
            "eps_4q": 1.65,
            "eps_4q_growth_year": -17.22,
            "roe": 2.86,
            "roe_4q": 10.5,
            "gross_profit": 285116,
            "gross_margin": 24.69,
            "gross_margin_4q_avg": 22.5,
            "net_income": 99532,
            "net_income_4q": null,
            "revenue": 1154646,
            "revenue_4q": null,
            "common_shares": 2215840,
            "book_valuer_per_share": 15.2,
            "book_valuer_per_share_4q_avg": 15.68,
            "equity": 3368282,
            "current_ratio": 259.63,
            "debt_ratio": 31.99,
            "inventory_turnover_ratio": 1.14,
            "account_receivable_turnover_ratio": null,
            "reinvestment_rate": 2.1,
            "research_to_sale_ratio": null,
            "price_fair": 90.2,
            "eps_avg_yearly": 2.58,
            "eps_latest_yearly": 1.8,
            "eps_growth_yearly": 39.95
        },
        "20053": {
            "year_quarter": 20053,
            "year": 2005,
            "quarter": 3,
            "eps": 0.41,
            "eps_growth_year": -14.58,
            "eps_4q": 1.57,
            "eps_4q_growth_year": -12.69,
            "roe": 2.67,
            "roe_4q": 10.07,
            "gross_profit": 283082,
            "gross_margin": 25.81,
            "gross_margin_4q_avg": 23.71,
            "net_income": 91310,
            "net_income_4q": null,
            "revenue": 1096607,
            "revenue_4q": null,
            "common_shares": 2215840,
            "book_valuer_per_share": 15.64,
            "book_valuer_per_share_4q_avg": 15.73,
            "equity": 3464624,
            "current_ratio": 319.41,
            "debt_ratio": 26.08,
            "inventory_turnover_ratio": 1.09,
            "account_receivable_turnover_ratio": null,
            "reinvestment_rate": 2.3,
            "research_to_sale_ratio": null,
            "price_fair": 88.01,
            "eps_avg_yearly": 2.51,
            "eps_latest_yearly": 1.64,
            "eps_growth_yearly": 34.91
        },
        "20054": {
            "year_quarter": 20054,
            "year": 2005,
            "quarter": 4,
            "eps": 0.32,
            "eps_growth_year": -13.51,
            "eps_4q": 1.54,
            "eps_4q_growth_year": -12.97,
            "roe": 2.01,
            "roe_4q": 9.709999999999999,
            "gross_profit": 258002,
            "gross_margin": 23.92,
            "gross_margin_4q_avg": 23.97,
            "net_income": 70434,
            "net_income_4q": null,
            "revenue": 1078662,
            "revenue_4q": null,
            "common_shares": 2215840,
            "book_valuer_per_share": 15.96,
            "book_valuer_per_share_4q_avg": 15.76,
            "equity": 3539757,
            "current_ratio": 336.92,
            "debt_ratio": 25.91,
            "inventory_turnover_ratio": 1.1,
            "account_receivable_turnover_ratio": null,
            "reinvestment_rate": -0.35,
            "research_to_sale_ratio": null,
            "price_fair": 85.31,
            "eps_avg_yearly": 2.44,
            "eps_latest_yearly": 1.28,
            "eps_growth_yearly": 27.24
        },
        "20061": {
            "year_quarter": 20061,
            "year": 2006,
            "quarter": 1,
            "eps": 0.33,
            "eps_growth_year": -5.71,
            "eps_4q": 1.5,
            "eps_4q_growth_year": -8.59,
            "roe": 2.05,
            "roe_4q": 9.59,
            "gross_profit": 258235,
            "gross_margin": 22.9,
            "gross_margin_4q_avg": 24.33,
            "net_income": 73505,
            "net_income_4q": null,
            "revenue": 1127901,
            "revenue_4q": null,
            "common_shares": 2215840,
            "book_valuer_per_share": 16.35,
            "book_valuer_per_share_4q_avg": 15.79,
            "equity": 3623532,
            "current_ratio": 364.72,
            "debt_ratio": 22.78,
            "inventory_turnover_ratio": 1.23,
            "account_receivable_turnover_ratio": null,
            "reinvestment_rate": -1.34,
            "research_to_sale_ratio": null,
            "price_fair": 74.9,
            "eps_avg_yearly": 2.14,
            "eps_latest_yearly": 1.32,
            "eps_growth_yearly": 30.93
        },
        "20062": {
            "year_quarter": 20062,
            "year": 2006,
            "quarter": 2,
            "eps": 0.39,
            "eps_growth_year": -13.33,
            "eps_4q": 1.45,
            "eps_4q_growth_year": -12.48,
            "roe": 2.47,
            "roe_4q": 9.2,
            "gross_profit": 267968,
            "gross_margin": 22.51,
            "gross_margin_4q_avg": 23.79,
            "net_income": 86909,
            "net_income_4q": null,
            "revenue": 1190628,
            "revenue_4q": null,
            "common_shares": 2215840,
            "book_valuer_per_share": 15.42,
            "book_valuer_per_share_4q_avg": 15.84,
            "equity": 3415845,
            "current_ratio": 282.86,
            "debt_ratio": 29.18,
            "inventory_turnover_ratio": 1.46,
            "account_receivable_turnover_ratio": null,
            "reinvestment_rate": -2.58,
            "research_to_sale_ratio": null,
            "price_fair": 62.65,
            "eps_avg_yearly": 1.79,
            "eps_latest_yearly": 1.56,
            "eps_growth_yearly": 31.04
        },
        "20063": {
            "year_quarter": 20063,
            "year": 2006,
            "quarter": 3,
            "eps": 0.41,
            "eps_growth_year": 0,
            "eps_4q": 1.45,
            "eps_4q_growth_year": -8.19,
            "roe": 2.64,
            "roe_4q": 9.17,
            "gross_profit": 289286,
            "gross_margin": 26.6,
            "gross_margin_4q_avg": 23.98,
            "net_income": 91443,
            "net_income_4q": null,
            "revenue": 1087431,
            "revenue_4q": null,
            "common_shares": 2215840,
            "book_valuer_per_share": 15.86,
            "book_valuer_per_share_4q_avg": 15.9,
            "equity": 3513263,
            "current_ratio": 333.22,
            "debt_ratio": 24.65,
            "inventory_turnover_ratio": 1.39,
            "account_receivable_turnover_ratio": null,
            "reinvestment_rate": -4.24,
            "research_to_sale_ratio": null,
            "price_fair": 58.54,
            "eps_avg_yearly": 1.67,
            "eps_latest_yearly": 1.64,
            "eps_growth_yearly": 45.03
        },
        "20064": {
            "year_quarter": 20064,
            "year": 2006,
            "quarter": 4,
            "eps": 0.31,
            "eps_growth_year": -3.12,
            "eps_4q": 1.46,
            "eps_4q_growth_year": -4.79,
            "roe": 1.9,
            "roe_4q": 9.059999999999999,
            "gross_profit": 281683,
            "gross_margin": 29.31,
            "gross_margin_4q_avg": 25.33,
            "net_income": 67688,
            "net_income_4q": null,
            "revenue": 961193,
            "revenue_4q": null,
            "common_shares": 2215840,
            "book_valuer_per_share": 16.2,
            "book_valuer_per_share_4q_avg": 15.96,
            "equity": 3593337,
            "current_ratio": 350.01,
            "debt_ratio": 25.59,
            "inventory_turnover_ratio": 1.23,
            "account_receivable_turnover_ratio": null,
            "reinvestment_rate": -7.22,
            "research_to_sale_ratio": null,
            "price_fair": 59.94,
            "eps_avg_yearly": 1.71,
            "eps_latest_yearly": 1.24,
            "eps_growth_yearly": 59.67
        },
        "20071": {
            "year_quarter": 20071,
            "year": 2007,
            "quarter": 1,
            "eps": 0.34,
            "eps_growth_year": 3.03,
            "eps_4q": 1.45,
            "eps_4q_growth_year": -3.47,
            "roe": 2.07,
            "roe_4q": 9.08,
            "gross_profit": 254269,
            "gross_margin": 26.82,
            "gross_margin_4q_avg": 26.31,
            "net_income": 75302,
            "net_income_4q": null,
            "revenue": 947909,
            "revenue_4q": null,
            "common_shares": 2215840,
            "book_valuer_per_share": 16.57,
            "book_valuer_per_share_4q_avg": 16.01,
            "equity": 3672015,
            "current_ratio": 361.82,
            "debt_ratio": 21.89,
            "inventory_turnover_ratio": 1.31,
            "account_receivable_turnover_ratio": null,
            "reinvestment_rate": -7.84,
            "research_to_sale_ratio": null,
            "price_fair": 5,
            "eps_avg_yearly": 1.67,
            "eps_latest_yearly": 1.36,
            "eps_growth_yearly": -1.25
        },
        "20072": {
            "year_quarter": 20072,
            "year": 2007,
            "quarter": 2,
            "eps": 0.37,
            "eps_growth_year": -5.13,
            "eps_4q": 1.42,
            "eps_4q_growth_year": -1.47,
            "roe": 2.31,
            "roe_4q": 8.92,
            "gross_profit": 280415,
            "gross_margin": 27.62,
            "gross_margin_4q_avg": 27.59,
            "net_income": 82263,
            "net_income_4q": null,
            "revenue": 1015172,
            "revenue_4q": null,
            "common_shares": 2215840,
            "book_valuer_per_share": 15.62,
            "book_valuer_per_share_4q_avg": 16.06,
            "equity": 3461676,
            "current_ratio": 264.35,
            "debt_ratio": 29.41,
            "inventory_turnover_ratio": 1.46,
            "account_receivable_turnover_ratio": null,
            "reinvestment_rate": -9.7,
            "research_to_sale_ratio": null,
            "price_fair": 20.2,
            "eps_avg_yearly": 1.63,
            "eps_latest_yearly": 1.48,
            "eps_growth_yearly": 2.38
        },
        "20073": {
            "year_quarter": 20073,
            "year": 2007,
            "quarter": 3,
            "eps": 0.44,
            "eps_growth_year": 7.32,
            "eps_4q": 1.46,
            "eps_4q_growth_year": 0.69,
            "roe": 2.79,
            "roe_4q": 9.07,
            "gross_profit": 293021,
            "gross_margin": 29.94,
            "gross_margin_4q_avg": 28.42,
            "net_income": 97641,
            "net_income_4q": null,
            "revenue": 978643,
            "revenue_4q": null,
            "common_shares": 2215840,
            "book_valuer_per_share": 15.99,
            "book_valuer_per_share_4q_avg": 16.1,
            "equity": 3543384,
            "current_ratio": 348.43,
            "debt_ratio": 22.39,
            "inventory_turnover_ratio": 1.39,
            "account_receivable_turnover_ratio": null,
            "reinvestment_rate": -10.11,
            "research_to_sale_ratio": null,
            "price_fair": 4.71,
            "eps_avg_yearly": 1.57,
            "eps_latest_yearly": 1.76,
            "eps_growth_yearly": -2.4
        },
        "20074": {
            "year_quarter": 20074,
            "year": 2007,
            "quarter": 4,
            "eps": 0.31,
            "eps_growth_year": 0,
            "eps_4q": 1.48,
            "eps_4q_growth_year": 1.03,
            "roe": 1.89,
            "roe_4q": 9.06,
            "gross_profit": 269772,
            "gross_margin": 24.55,
            "gross_margin_4q_avg": 27.23,
            "net_income": 67702,
            "net_income_4q": null,
            "revenue": 1099009,
            "revenue_4q": null,
            "common_shares": 2215840,
            "book_valuer_per_share": 16.29,
            "book_valuer_per_share_4q_avg": 16.12,
            "equity": 3612565,
            "current_ratio": 332.53,
            "debt_ratio": 25.8,
            "inventory_turnover_ratio": 1.83,
            "account_receivable_turnover_ratio": null,
            "reinvestment_rate": -9.9,
            "research_to_sale_ratio": null,
            "price_fair": 17.19,
            "eps_avg_yearly": 1.55,
            "eps_latest_yearly": 1.24,
            "eps_growth_yearly": 1.09
        },
        "20081": {
            "year_quarter": 20081,
            "year": 2008,
            "quarter": 1,
            "eps": 0.3,
            "eps_growth_year": -11.76,
            "eps_4q": 1.45,
            "eps_4q_growth_year": -0.16,
            "roe": 1.78,
            "roe_4q": 8.77,
            "gross_profit": 281125,
            "gross_margin": 29.07,
            "gross_margin_4q_avg": 27.8,
            "net_income": 65028,
            "net_income_4q": null,
            "revenue": 967122,
            "revenue_4q": null,
            "common_shares": 2215840,
            "book_valuer_per_share": 16.57,
            "book_valuer_per_share_4q_avg": 16.12,
            "equity": 3673513,
            "current_ratio": 388.72,
            "debt_ratio": 22.07,
            "inventory_turnover_ratio": 1.54,
            "account_receivable_turnover_ratio": null,
            "reinvestment_rate": -10.28,
            "research_to_sale_ratio": null,
            "price_fair": 4.51,
            "eps_avg_yearly": 1.5,
            "eps_latest_yearly": 1.2,
            "eps_growth_yearly": -6.13
        },
        "20082": {
            "year_quarter": 20082,
            "year": 2008,
            "quarter": 2,
            "eps": 0.34,
            "eps_growth_year": -8.11,
            "eps_4q": 1.58,
            "eps_4q_growth_year": 11.25,
            "roe": 1.87,
            "roe_4q": 8.33,
            "gross_profit": 289665,
            "gross_margin": 33.07,
            "gross_margin_4q_avg": 29.16,
            "net_income": 66052,
            "net_income_4q": null,
            "revenue": 876041,
            "revenue_4q": null,
            "common_shares": 2215840,
            "book_valuer_per_share": 15.39,
            "book_valuer_per_share_4q_avg": 16.06,
            "equity": 3402033,
            "current_ratio": 310.44,
            "debt_ratio": 27.42,
            "inventory_turnover_ratio": 1.28,
            "account_receivable_turnover_ratio": null,
            "reinvestment_rate": -10.98,
            "research_to_sale_ratio": null,
            "price_fair": 14.8,
            "eps_avg_yearly": 1.48,
            "eps_latest_yearly": 1.36,
            "eps_growth_yearly": 0.27
        },
        "20083": {
            "year_quarter": 20083,
            "year": 2008,
            "quarter": 3,
            "eps": 0.36,
            "eps_growth_year": -18.18,
            "eps_4q": 1.26,
            "eps_4q_growth_year": -13.73,
            "roe": 2.71,
            "roe_4q": 8.25,
            "gross_profit": 300591,
            "gross_margin": 28.59,
            "gross_margin_4q_avg": 28.82,
            "net_income": 81319,
            "net_income_4q": null,
            "revenue": 1051378,
            "revenue_4q": null,
            "common_shares": 1329504,
            "book_valuer_per_share": 19.55,
            "book_valuer_per_share_4q_avg": 16.95,
            "equity": 2599195,
            "current_ratio": 194.56,
            "debt_ratio": 41.9,
            "inventory_turnover_ratio": 1.82,
            "account_receivable_turnover_ratio": null,
            "reinvestment_rate": -12.07,
            "research_to_sale_ratio": null,
            "price_fair": 4.35,
            "eps_avg_yearly": 1.45,
            "eps_latest_yearly": 1.44,
            "eps_growth_yearly": -1.17
        },
        "20084": {
            "year_quarter": 20084,
            "year": 2008,
            "quarter": 4,
            "eps": 0.18,
            "eps_growth_year": -41.94,
            "eps_4q": 1.31,
            "eps_4q_growth_year": -11.22,
            "roe": 1.31,
            "roe_4q": 7.67,
            "gross_profit": 255474,
            "gross_margin": 25.64,
            "gross_margin_4q_avg": 29.09,
            "net_income": 34249,
            "net_income_4q": null,
            "revenue": 996310,
            "revenue_4q": null,
            "common_shares": 1329504,
            "book_valuer_per_share": 19.82,
            "book_valuer_per_share_4q_avg": 17.83,
            "equity": 2634891,
            "current_ratio": 266.89,
            "debt_ratio": 29.4,
            "inventory_turnover_ratio": 1.99,
            "account_receivable_turnover_ratio": 1.18,
            "reinvestment_rate": -11.33,
            "research_to_sale_ratio": null,
            "price_fair": 4.21,
            "eps_avg_yearly": 1.4,
            "eps_latest_yearly": 0.72,
            "eps_growth_yearly": -7.94
        },
        "20091": {
            "year_quarter": 20091,
            "year": 2009,
            "quarter": 1,
            "eps": 0.47,
            "eps_growth_year": 56.67,
            "eps_4q": 1.86,
            "eps_4q_growth_year": 28.06,
            "roe": 2.33,
            "roe_4q": 8.219999999999999,
            "gross_profit": 264575,
            "gross_margin": 29.72,
            "gross_margin_4q_avg": 29.26,
            "net_income": 62219,
            "net_income_4q": null,
            "revenue": 890144,
            "revenue_4q": null,
            "common_shares": 1329504,
            "book_valuer_per_share": 20.4,
            "book_valuer_per_share_4q_avg": 18.79,
            "equity": 2711787,
            "current_ratio": 306.61,
            "debt_ratio": 26.68,
            "inventory_turnover_ratio": 1.83,
            "account_receivable_turnover_ratio": 0.56,
            "reinvestment_rate": -10.61,
            "research_to_sale_ratio": null,
            "price_fair": 50.14,
            "eps_avg_yearly": 1.43,
            "eps_latest_yearly": 1.88,
            "eps_growth_yearly": 33.69
        },
        "20092": {
            "year_quarter": 20092,
            "year": 2009,
            "quarter": 2,
            "eps": 0.49,
            "eps_growth_year": 44.12,
            "eps_4q": 1.77,
            "eps_4q_growth_year": 11.85,
            "roe": 2.46,
            "roe_4q": 8.809999999999999,
            "gross_profit": 269168,
            "gross_margin": 35.57,
            "gross_margin_4q_avg": 29.88,
            "net_income": 64758,
            "net_income_4q": null,
            "revenue": 756667,
            "revenue_4q": null,
            "common_shares": 1329504,
            "book_valuer_per_share": 19.13,
            "book_valuer_per_share_4q_avg": 19.73,
            "equity": 2542515,
            "current_ratio": 253.44,
            "debt_ratio": 32.45,
            "inventory_turnover_ratio": 1.6,
            "account_receivable_turnover_ratio": 0.51,
            "reinvestment_rate": -13.43,
            "research_to_sale_ratio": null,
            "price_fair": 50.49,
            "eps_avg_yearly": 1.44,
            "eps_latest_yearly": 1.96,
            "eps_growth_yearly": 27.61
        },
        "20093": {
            "year_quarter": 20093,
            "year": 2009,
            "quarter": 3,
            "eps": 0.54,
            "eps_growth_year": 50,
            "eps_4q": 1.75,
            "eps_4q_growth_year": 39.74,
            "roe": 2.78,
            "roe_4q": 8.88,
            "gross_profit": 266144,
            "gross_margin": 28.19,
            "gross_margin_4q_avg": 29.78,
            "net_income": 71570,
            "net_income_4q": null,
            "revenue": 944034,
            "revenue_4q": null,
            "common_shares": 1329504,
            "book_valuer_per_share": 19.66,
            "book_valuer_per_share_4q_avg": 19.75,
            "equity": 2614044,
            "current_ratio": 275.11,
            "debt_ratio": 29.8,
            "inventory_turnover_ratio": 2.21,
            "account_receivable_turnover_ratio": 0.63,
            "reinvestment_rate": -14.61,
            "research_to_sale_ratio": null,
            "price_fair": 51.63,
            "eps_avg_yearly": 1.48,
            "eps_latest_yearly": 2.16,
            "eps_growth_yearly": 32.38
        },
        "20094": {
            "year_quarter": 20094,
            "year": 2009,
            "quarter": 4,
            "eps": 0.51,
            "eps_growth_year": 183.33,
            "eps_4q": 2.01,
            "eps_4q_growth_year": 52.96,
            "roe": 2.58,
            "roe_4q": 10.149999999999999,
            "gross_profit": 267763,
            "gross_margin": 29.38,
            "gross_margin_4q_avg": 30.72,
            "net_income": 68370,
            "net_income_4q": null,
            "revenue": 911246,
            "revenue_4q": null,
            "common_shares": 1329504,
            "book_valuer_per_share": 20.17,
            "book_valuer_per_share_4q_avg": 19.84,
            "equity": 2681813,
            "current_ratio": 250.15,
            "debt_ratio": 32.28,
            "inventory_turnover_ratio": 2.03,
            "account_receivable_turnover_ratio": 1.1,
            "reinvestment_rate": 23.8,
            "research_to_sale_ratio": null,
            "price_fair": 53.29,
            "eps_avg_yearly": 1.52,
            "eps_latest_yearly": 2.04,
            "eps_growth_yearly": 36.48
        },
        "20101": {
            "year_quarter": 20101,
            "year": 2010,
            "quarter": 1,
            "eps": 0.44,
            "eps_growth_year": -6.38,
            "eps_4q": 1.98,
            "eps_4q_growth_year": 6.88,
            "roe": 2.17,
            "roe_4q": 9.989999999999998,
            "gross_profit": 263399,
            "gross_margin": 29.3,
            "gross_margin_4q_avg": 30.61,
            "net_income": 58879,
            "net_income_4q": null,
            "revenue": 898960,
            "revenue_4q": null,
            "common_shares": 1329504,
            "book_valuer_per_share": 20.63,
            "book_valuer_per_share_4q_avg": 19.9,
            "equity": 2742351,
            "current_ratio": 305.76,
            "debt_ratio": 26.1,
            "inventory_turnover_ratio": 1.93,
            "account_receivable_turnover_ratio": 0.58,
            "reinvestment_rate": 26.31,
            "research_to_sale_ratio": 6.92,
            "price_fair": 54.25,
            "eps_avg_yearly": 1.55,
            "eps_latest_yearly": 1.76,
            "eps_growth_yearly": 32.27
        },
        "20102": {
            "year_quarter": 20102,
            "year": 2010,
            "quarter": 2,
            "eps": 0.57,
            "eps_growth_year": 17.02,
            "eps_4q": 2.07,
            "eps_4q_growth_year": 16.74,
            "roe": 2.86,
            "roe_4q": 10.389999999999999,
            "gross_profit": 278467,
            "gross_margin": 30.26,
            "gross_margin_4q_avg": 29.28,
            "net_income": 76235,
            "net_income_4q": null,
            "revenue": 920388,
            "revenue_4q": null,
            "common_shares": 1329504,
            "book_valuer_per_share": 19.42,
            "book_valuer_per_share_4q_avg": 19.97,
            "equity": 2581519,
            "current_ratio": 242.45,
            "debt_ratio": 32.28,
            "inventory_turnover_ratio": 1.94,
            "account_receivable_turnover_ratio": 0.63,
            "reinvestment_rate": 32.85,
            "research_to_sale_ratio": 6.66,
            "price_fair": 55.83,
            "eps_avg_yearly": 1.6,
            "eps_latest_yearly": 2.28,
            "eps_growth_yearly": 35.11
        },
        "20103": {
            "year_quarter": 20103,
            "year": 2010,
            "quarter": 3,
            "eps": 0.61,
            "eps_growth_year": 13.79,
            "eps_4q": 2.15,
            "eps_4q_growth_year": 22.3,
            "roe": 3.12,
            "roe_4q": 10.73,
            "gross_profit": 283605,
            "gross_margin": 27.32,
            "gross_margin_4q_avg": 29.07,
            "net_income": 81693,
            "net_income_4q": null,
            "revenue": 1038220,
            "revenue_4q": null,
            "common_shares": 1329504,
            "book_valuer_per_share": 20.02,
            "book_valuer_per_share_4q_avg": 20.06,
            "equity": 2661322,
            "current_ratio": 262.49,
            "debt_ratio": 28.67,
            "inventory_turnover_ratio": 2.27,
            "account_receivable_turnover_ratio": 0.67,
            "reinvestment_rate": 33.12,
            "research_to_sale_ratio": 5.69,
            "price_fair": 57.58,
            "eps_avg_yearly": 1.65,
            "eps_latest_yearly": 2.44,
            "eps_growth_yearly": 35.58
        },
        "20104": {
            "year_quarter": 20104,
            "year": 2010,
            "quarter": 4,
            "eps": 0.45,
            "eps_growth_year": -12.21,
            "eps_4q": 2.08,
            "eps_4q_growth_year": 3.51,
            "roe": 2.22,
            "roe_4q": 10.37,
            "gross_profit": 271165,
            "gross_margin": 27.63,
            "gross_margin_4q_avg": 28.63,
            "net_income": 59527,
            "net_income_4q": null,
            "revenue": 981570,
            "revenue_4q": null,
            "common_shares": 1329504,
            "book_valuer_per_share": 20.38,
            "book_valuer_per_share_4q_avg": 20.11,
            "equity": 2709067,
            "current_ratio": 254.19,
            "debt_ratio": 30.17,
            "inventory_turnover_ratio": 2.19,
            "account_receivable_turnover_ratio": 0.61,
            "reinvestment_rate": 44.96,
            "research_to_sale_ratio": 6.87,
            "price_fair": 58.8,
            "eps_avg_yearly": 1.68,
            "eps_latest_yearly": 1.8,
            "eps_growth_yearly": 35.12
        },
        "20111": {
            "year_quarter": 20111,
            "year": 2011,
            "quarter": 1,
            "eps": 0.53,
            "eps_growth_year": 20.45,
            "eps_4q": 2.17,
            "eps_4q_growth_year": 9.34,
            "roe": 2.58,
            "roe_4q": 10.780000000000001,
            "gross_profit": 292838,
            "gross_margin": 30.25,
            "gross_margin_4q_avg": 28.87,
            "net_income": 70794,
            "net_income_4q": null,
            "revenue": 968065,
            "revenue_4q": null,
            "common_shares": 1329504,
            "book_valuer_per_share": 20.92,
            "book_valuer_per_share_4q_avg": 20.19,
            "equity": 2780911,
            "current_ratio": 252.26,
            "debt_ratio": 30.76,
            "inventory_turnover_ratio": 1.98,
            "account_receivable_turnover_ratio": 0.61,
            "reinvestment_rate": 46.22,
            "research_to_sale_ratio": 6.74,
            "price_fair": 60.46,
            "eps_avg_yearly": 1.73,
            "eps_latest_yearly": 2.12,
            "eps_growth_yearly": 37.15
        },
        "20112": {
            "year_quarter": 20112,
            "year": 2011,
            "quarter": 2,
            "eps": 0.55,
            "eps_growth_year": -3.99,
            "eps_4q": 2.15,
            "eps_4q_growth_year": 3.68,
            "roe": 2.72,
            "roe_4q": 10.64,
            "gross_profit": 296952,
            "gross_margin": 25.55,
            "gross_margin_4q_avg": 27.69,
            "net_income": 73193,
            "net_income_4q": null,
            "revenue": 1162189,
            "revenue_4q": null,
            "common_shares": 1329504,
            "book_valuer_per_share": 19.56,
            "book_valuer_per_share_4q_avg": 20.22,
            "equity": 2600307,
            "current_ratio": 225.35,
            "debt_ratio": 34.38,
            "inventory_turnover_ratio": 2.92,
            "account_receivable_turnover_ratio": 0.68,
            "reinvestment_rate": 46.02,
            "research_to_sale_ratio": 6.13,
            "price_fair": 62.04,
            "eps_avg_yearly": 1.77,
            "eps_latest_yearly": 2.2,
            "eps_growth_yearly": 35.88
        },
        "20113": {
            "year_quarter": 20113,
            "year": 2011,
            "quarter": 3,
            "eps": 0.46,
            "eps_growth_year": -24.98,
            "eps_4q": 1.99,
            "eps_4q_growth_year": -7.16,
            "roe": 2.33,
            "roe_4q": 9.850000000000001,
            "gross_profit": 317210,
            "gross_margin": 32.67,
            "gross_margin_4q_avg": 29.03,
            "net_income": 61290,
            "net_income_4q": null,
            "revenue": 970886,
            "revenue_4q": null,
            "common_shares": 1329504,
            "book_valuer_per_share": 20.05,
            "book_valuer_per_share_4q_avg": 20.23,
            "equity": 2666239,
            "current_ratio": 262.01,
            "debt_ratio": 29.39,
            "inventory_turnover_ratio": 2.95,
            "account_receivable_turnover_ratio": 0.51,
            "reinvestment_rate": 48.24,
            "research_to_sale_ratio": 7.77,
            "price_fair": 62.21,
            "eps_avg_yearly": 1.78,
            "eps_latest_yearly": 1.84,
            "eps_growth_yearly": 27.06
        },
        "20114": {
            "year_quarter": 20114,
            "year": 2011,
            "quarter": 4,
            "eps": 0.54,
            "eps_growth_year": 20.02,
            "eps_4q": 2.08,
            "eps_4q_growth_year": 0.14,
            "roe": 2.65,
            "roe_4q": 10.280000000000001,
            "gross_profit": 320105,
            "gross_margin": 30.25,
            "gross_margin_4q_avg": 29.68,
            "net_income": 71447,
            "net_income_4q": null,
            "revenue": 1058178,
            "revenue_4q": null,
            "common_shares": 1329504,
            "book_valuer_per_share": 20.57,
            "book_valuer_per_share_4q_avg": 20.28,
            "equity": 2735183,
            "current_ratio": 239.75,
            "debt_ratio": 32.59,
            "inventory_turnover_ratio": 3.33,
            "account_receivable_turnover_ratio": 0.54,
            "reinvestment_rate": 45.13,
            "research_to_sale_ratio": 7.74,
            "price_fair": 64.23,
            "eps_avg_yearly": 1.84,
            "eps_latest_yearly": 2.16,
            "eps_growth_yearly": 38.8
        },
        "20121": {
            "year_quarter": 20121,
            "year": 2012,
            "quarter": 1,
            "eps": 0.64,
            "eps_growth_year": 20.75,
            "eps_4q": 2.19,
            "eps_4q_growth_year": 0.79,
            "roe": 3.04,
            "roe_4q": 10.74,
            "gross_profit": 314813,
            "gross_margin": 27.81,
            "gross_margin_4q_avg": 29.07,
            "net_income": 84584,
            "net_income_4q": null,
            "revenue": 1132049,
            "revenue_4q": null,
            "common_shares": 1329504,
            "book_valuer_per_share": 21.22,
            "book_valuer_per_share_4q_avg": 20.35,
            "equity": 2820814,
            "current_ratio": 257.83,
            "debt_ratio": 30.65,
            "inventory_turnover_ratio": 2.77,
            "account_receivable_turnover_ratio": 0.58,
            "reinvestment_rate": 45.2,
            "research_to_sale_ratio": 4.6,
            "price_fair": 67.2,
            "eps_avg_yearly": 1.92,
            "eps_latest_yearly": 2.56,
            "eps_growth_yearly": 44.23
        },
        "20122": {
            "year_quarter": 20122,
            "year": 2012,
            "quarter": 2,
            "eps": 0.58,
            "eps_growth_year": 4.85,
            "eps_4q": 2.21,
            "eps_4q_growth_year": 3.11,
            "roe": 2.81,
            "roe_4q": 10.83,
            "gross_profit": 289860,
            "gross_margin": 25.13,
            "gross_margin_4q_avg": 28.97,
            "net_income": 76744,
            "net_income_4q": null,
            "revenue": 1153216,
            "revenue_4q": null,
            "common_shares": 1329504,
            "book_valuer_per_share": 19.89,
            "book_valuer_per_share_4q_avg": 20.43,
            "equity": 2644965,
            "current_ratio": 215.88,
            "debt_ratio": 36.89,
            "inventory_turnover_ratio": 2.56,
            "account_receivable_turnover_ratio": 0.56,
            "reinvestment_rate": 44.39,
            "research_to_sale_ratio": 4.43,
            "price_fair": 69.3,
            "eps_avg_yearly": 1.98,
            "eps_latest_yearly": 2.32,
            "eps_growth_yearly": 38.56
        },
        "20123": {
            "year_quarter": 20123,
            "year": 2012,
            "quarter": 3,
            "eps": 0.51,
            "eps_growth_year": 10.03,
            "eps_4q": 2.26,
            "eps_4q_growth_year": 13.37,
            "roe": 2.52,
            "roe_4q": 11.020000000000001,
            "gross_profit": 286950,
            "gross_margin": 29.43,
            "gross_margin_4q_avg": 28.16,
            "net_income": 67435,
            "net_income_4q": null,
            "revenue": 974870,
            "revenue_4q": null,
            "common_shares": 1329504,
            "book_valuer_per_share": 20.4,
            "book_valuer_per_share_4q_avg": 20.52,
            "equity": 2711882,
            "current_ratio": 266.09,
            "debt_ratio": 29.21,
            "inventory_turnover_ratio": 2.67,
            "account_receivable_turnover_ratio": 0.47,
            "reinvestment_rate": 45.15,
            "research_to_sale_ratio": 4.97,
            "price_fair": 70.61,
            "eps_avg_yearly": 2.02,
            "eps_latest_yearly": 2.04,
            "eps_growth_yearly": 34.07
        },
        "20124": {
            "year_quarter": 20124,
            "year": 2012,
            "quarter": 4,
            "eps": 0.23,
            "eps_growth_year": -56.77,
            "eps_4q": 1.95,
            "eps_4q_growth_year": -6.17,
            "roe": 1.13,
            "roe_4q": 9.5,
            "gross_profit": 296220,
            "gross_margin": 32.65,
            "gross_margin_4q_avg": 28.76,
            "net_income": 30885,
            "net_income_4q": null,
            "revenue": 907260,
            "revenue_4q": null,
            "common_shares": 1329504,
            "book_valuer_per_share": 20.62,
            "book_valuer_per_share_4q_avg": 20.53,
            "equity": 2741581,
            "current_ratio": 259.67,
            "debt_ratio": 30.41,
            "inventory_turnover_ratio": 2.6,
            "account_receivable_turnover_ratio": 0.46,
            "reinvestment_rate": 42.08,
            "research_to_sale_ratio": 5.06,
            "price_fair": 71.05,
            "eps_avg_yearly": 2.03,
            "eps_latest_yearly": 0.92,
            "eps_growth_yearly": 32.84
        },
        "20131": {
            "year_quarter": 20131,
            "year": 2013,
            "quarter": 1,
            "eps": 0.57,
            "eps_growth_year": -10.94,
            "eps_4q": 1.89,
            "eps_4q_growth_year": -13.6,
            "roe": 2.74,
            "roe_4q": 9.200000000000001,
            "gross_profit": 295397,
            "gross_margin": 33.95,
            "gross_margin_4q_avg": 30.29,
            "net_income": 75940,
            "net_income_4q": null,
            "revenue": 870073,
            "revenue_4q": null,
            "common_shares": 1329504,
            "book_valuer_per_share": 21.02,
            "book_valuer_per_share_4q_avg": 20.48,
            "equity": 2795149,
            "current_ratio": 296.95,
            "debt_ratio": 26.93,
            "inventory_turnover_ratio": 2.38,
            "account_receivable_turnover_ratio": 0.51,
            "reinvestment_rate": 15.17,
            "research_to_sale_ratio": 4.44,
            "price_fair": 71.93,
            "eps_avg_yearly": 2.06,
            "eps_latest_yearly": 2.28,
            "eps_growth_yearly": 29.52
        },
        "20132": {
            "year_quarter": 20132,
            "year": 2013,
            "quarter": 2,
            "eps": 0.57,
            "eps_growth_year": -1.25,
            "eps_4q": 1.88,
            "eps_4q_growth_year": -14.8,
            "roe": 2.82,
            "roe_4q": 9.21,
            "gross_profit": 300136,
            "gross_margin": 32.4,
            "gross_margin_4q_avg": 32.11,
            "net_income": 76275,
            "net_income_4q": null,
            "revenue": 926307,
            "revenue_4q": null,
            "common_shares": 1329504,
            "book_valuer_per_share": 19.61,
            "book_valuer_per_share_4q_avg": 20.41,
            "equity": 2607327,
            "current_ratio": 255.27,
            "debt_ratio": 31.94,
            "inventory_turnover_ratio": 2.72,
            "account_receivable_turnover_ratio": 0.61,
            "reinvestment_rate": 14.33,
            "research_to_sale_ratio": 4.1,
            "price_fair": 72.63,
            "eps_avg_yearly": 2.08,
            "eps_latest_yearly": 2.28,
            "eps_growth_yearly": 28.46
        },
        "20133": {
            "year_quarter": 20133,
            "year": 2013,
            "quarter": 3,
            "eps": 0.86,
            "eps_growth_year": 69.55,
            "eps_4q": 2.23,
            "eps_4q_growth_year": -1.07,
            "roe": 4.28,
            "roe_4q": 10.969999999999999,
            "gross_profit": 277280,
            "gross_margin": 31.23,
            "gross_margin_4q_avg": 32.56,
            "net_income": 113899,
            "net_income_4q": null,
            "revenue": 887916,
            "revenue_4q": null,
            "common_shares": 1329504,
            "book_valuer_per_share": 20.45,
            "book_valuer_per_share_4q_avg": 20.43,
            "equity": 2719454,
            "current_ratio": 285.73,
            "debt_ratio": 28.52,
            "inventory_turnover_ratio": 2.15,
            "account_receivable_turnover_ratio": 0.59,
            "reinvestment_rate": 15.38,
            "research_to_sale_ratio": 3.53,
            "price_fair": 75.43,
            "eps_avg_yearly": 2.16,
            "eps_latest_yearly": 3.44,
            "eps_growth_yearly": 38.63
        },
        "20134": {
            "year_quarter": 20134,
            "year": 2013,
            "quarter": 4,
            "eps": 0.01,
            "eps_growth_year": -97.42,
            "eps_4q": 2.01,
            "eps_4q_growth_year": 2.8,
            "roe": 0.03,
            "roe_4q": 9.870000000000001,
            "gross_profit": 245686,
            "gross_margin": 25.4,
            "gross_margin_4q_avg": 30.75,
            "net_income": 797,
            "net_income_4q": null,
            "revenue": 967190,
            "revenue_4q": null,
            "common_shares": 1329504,
            "book_valuer_per_share": 20.49,
            "book_valuer_per_share_4q_avg": 20.39,
            "equity": 2723860,
            "current_ratio": 264.55,
            "debt_ratio": 31.26,
            "inventory_turnover_ratio": 2.44,
            "account_receivable_turnover_ratio": 0.63,
            "reinvestment_rate": -26.55,
            "research_to_sale_ratio": 1.66,
            "price_fair": 51.37,
            "eps_avg_yearly": 2.03,
            "eps_latest_yearly": 0.04,
            "eps_growth_yearly": 15.31
        },
        "20141": {
            "year_quarter": 20141,
            "year": 2014,
            "quarter": 1,
            "eps": 0.44,
            "eps_growth_year": -22.81,
            "eps_4q": 1.87,
            "eps_4q_growth_year": -0.79,
            "roe": 2.11,
            "roe_4q": 9.24,
            "gross_profit": 262672,
            "gross_margin": 30.49,
            "gross_margin_4q_avg": 29.88,
            "net_income": 58043,
            "net_income_4q": null,
            "revenue": 861574,
            "revenue_4q": null,
            "common_shares": 1329504,
            "book_valuer_per_share": 20.93,
            "book_valuer_per_share_4q_avg": 20.37,
            "equity": 2782425,
            "current_ratio": 297.6,
            "debt_ratio": 27.66,
            "inventory_turnover_ratio": 2.03,
            "account_receivable_turnover_ratio": 0.59,
            "reinvestment_rate": -27.05,
            "research_to_sale_ratio": 2.7,
            "price_fair": 71.05,
            "eps_avg_yearly": 2.03,
            "eps_latest_yearly": 1.76,
            "eps_growth_yearly": 1093.74
        },
        "20142": {
            "year_quarter": 20142,
            "year": 2014,
            "quarter": 2,
            "eps": 0.4,
            "eps_growth_year": -29.82,
            "eps_4q": 1.7,
            "eps_4q_growth_year": -9.73,
            "roe": 2,
            "roe_4q": 8.42,
            "gross_profit": 252219,
            "gross_margin": 26.94,
            "gross_margin_4q_avg": 28.52,
            "net_income": 53426,
            "net_income_4q": null,
            "revenue": 936098,
            "revenue_4q": null,
            "common_shares": 1329504,
            "book_valuer_per_share": 19.29,
            "book_valuer_per_share_4q_avg": 20.29,
            "equity": 2565014,
            "current_ratio": 223.03,
            "debt_ratio": 38.48,
            "inventory_turnover_ratio": 1.62,
            "account_receivable_turnover_ratio": 0.65,
            "reinvestment_rate": -43.39,
            "research_to_sale_ratio": 2.6,
            "price_fair": 69.56,
            "eps_avg_yearly": 1.99,
            "eps_latest_yearly": 1.6,
            "eps_growth_yearly": 1084.08
        },
        "20143": {
            "year_quarter": 20143,
            "year": 2014,
            "quarter": 3,
            "eps": 0.62,
            "eps_growth_year": -27.91,
            "eps_4q": 1.46,
            "eps_4q_growth_year": -34.42,
            "roe": 3.12,
            "roe_4q": 7.260000000000001,
            "gross_profit": 317323,
            "gross_margin": 25.24,
            "gross_margin_4q_avg": 27.02,
            "net_income": 82495,
            "net_income_4q": null,
            "revenue": 1257366,
            "revenue_4q": null,
            "common_shares": 1329504,
            "book_valuer_per_share": 20.51,
            "book_valuer_per_share_4q_avg": 20.31,
            "equity": 2726551,
            "current_ratio": 278.29,
            "debt_ratio": 30.25,
            "inventory_turnover_ratio": 1.58,
            "account_receivable_turnover_ratio": 0.75,
            "reinvestment_rate": -37.53,
            "research_to_sale_ratio": 1.85,
            "price_fair": 69.65,
            "eps_avg_yearly": 1.99,
            "eps_latest_yearly": 2.48,
            "eps_growth_yearly": 1096.07
        },
        "20144": {
            "year_quarter": 20144,
            "year": 2014,
            "quarter": 4,
            "eps": 0.55,
            "eps_growth_year": 9149.51,
            "eps_4q": 2.01,
            "eps_4q_growth_year": 0.29,
            "roe": 2.68,
            "roe_4q": 9.91,
            "gross_profit": 315913,
            "gross_margin": 23.26,
            "gross_margin_4q_avg": 26.48,
            "net_income": 73722,
            "net_income_4q": null,
            "revenue": 1358196,
            "revenue_4q": null,
            "common_shares": 1329504,
            "book_valuer_per_share": 20.82,
            "book_valuer_per_share_4q_avg": 20.39,
            "equity": 2768042,
            "current_ratio": 249.24,
            "debt_ratio": 34.57,
            "inventory_turnover_ratio": 1.76,
            "account_receivable_turnover_ratio": 0.69,
            "reinvestment_rate": -46.79,
            "research_to_sale_ratio": 1.69,
            "price_fair": 70.53,
            "eps_avg_yearly": 2.02,
            "eps_latest_yearly": 2.2,
            "eps_growth_yearly": 1099.81
        },
        "20151": {
            "year_quarter": 20151,
            "year": 2015,
            "quarter": 1,
            "eps": 0.49,
            "eps_growth_year": 11.36,
            "eps_4q": 2.06,
            "eps_4q_growth_year": 10.17,
            "roe": 2.3,
            "roe_4q": 10.100000000000001,
            "gross_profit": 258121,
            "gross_margin": 24.31,
            "gross_margin_4q_avg": 24.94,
            "net_income": 64696,
            "net_income_4q": null,
            "revenue": 1061848,
            "revenue_4q": null,
            "common_shares": 1329504,
            "book_valuer_per_share": 21.43,
            "book_valuer_per_share_4q_avg": 20.51,
            "equity": 2848675,
            "current_ratio": 298.98,
            "debt_ratio": 28.4,
            "inventory_turnover_ratio": 1.73,
            "account_receivable_turnover_ratio": 0.56,
            "reinvestment_rate": -45.5,
            "research_to_sale_ratio": 2.22,
            "price_fair": 70.18,
            "eps_avg_yearly": 2.01,
            "eps_latest_yearly": 1.96,
            "eps_growth_yearly": 1092.64
        },
        "20152": {
            "year_quarter": 20152,
            "year": 2015,
            "quarter": 2,
            "eps": 0.43,
            "eps_growth_year": 7.5,
            "eps_4q": 2.09,
            "eps_4q_growth_year": 23.12,
            "roe": 2.1,
            "roe_4q": 10.2,
            "gross_profit": 268544,
            "gross_margin": 24.95,
            "gross_margin_4q_avg": 24.44,
            "net_income": 57551,
            "net_income_4q": null,
            "revenue": 1076157,
            "revenue_4q": null,
            "common_shares": 1329504,
            "book_valuer_per_share": 19.88,
            "book_valuer_per_share_4q_avg": 20.66,
            "equity": 2643601,
            "current_ratio": 224.22,
            "debt_ratio": 38.11,
            "inventory_turnover_ratio": 1.79,
            "account_receivable_turnover_ratio": 0.59,
            "reinvestment_rate": -43.83,
            "research_to_sale_ratio": 2.1,
            "price_fair": 69.13,
            "eps_avg_yearly": 1.98,
            "eps_latest_yearly": 1.72,
            "eps_growth_yearly": 1088.63
        },
        "20153": {
            "year_quarter": 20153,
            "year": 2015,
            "quarter": 3,
            "eps": 0.55,
            "eps_growth_year": -11.29,
            "eps_4q": 2.03,
            "eps_4q_growth_year": 38.34,
            "roe": 2.75,
            "roe_4q": 9.83,
            "gross_profit": 311458,
            "gross_margin": 25.09,
            "gross_margin_4q_avg": 24.4,
            "net_income": 73456,
            "net_income_4q": null,
            "revenue": 1241407,
            "revenue_4q": null,
            "common_shares": 1329504,
            "book_valuer_per_share": 20.24,
            "book_valuer_per_share_4q_avg": 20.59,
            "equity": 2690886,
            "current_ratio": 254.33,
            "debt_ratio": 33.7,
            "inventory_turnover_ratio": 2.13,
            "account_receivable_turnover_ratio": 0.62,
            "reinvestment_rate": -46.39,
            "research_to_sale_ratio": 1.72,
            "price_fair": 69.91,
            "eps_avg_yearly": 2,
            "eps_latest_yearly": 2.2,
            "eps_growth_yearly": 1099.7
        },
        "20154": {
            "year_quarter": 20154,
            "year": 2015,
            "quarter": 4,
            "eps": 0.55,
            "eps_growth_year": -1.67,
            "eps_4q": 2.02,
            "eps_4q_growth_year": 0.19,
            "roe": 2.65,
            "roe_4q": 9.8,
            "gross_profit": 276034,
            "gross_margin": 26.97,
            "gross_margin_4q_avg": 25.33,
            "net_income": 72491,
            "net_income_4q": null,
            "revenue": 1023517,
            "revenue_4q": null,
            "common_shares": 1329504,
            "book_valuer_per_share": 20.86,
            "book_valuer_per_share_4q_avg": 20.6,
            "equity": 2773476,
            "current_ratio": 254.4,
            "debt_ratio": 33.61,
            "inventory_turnover_ratio": 1.87,
            "account_receivable_turnover_ratio": 0.55,
            "reinvestment_rate": -43.29,
            "research_to_sale_ratio": 3.46,
            "price_fair": 70,
            "eps_avg_yearly": 2,
            "eps_latest_yearly": 2.2,
            "eps_growth_yearly": 1095.35
        },
        "20161": {
            "year_quarter": 20161,
            "year": 2016,
            "quarter": 1,
            "eps": 0.5,
            "eps_growth_year": 2.04,
            "eps_4q": 2.03,
            "eps_4q_growth_year": -1.77,
            "roe": 2.36,
            "roe_4q": 9.86,
            "gross_profit": 255133,
            "gross_margin": 26.14,
            "gross_margin_4q_avg": 25.79,
            "net_income": 65997,
            "net_income_4q": null,
            "revenue": 976177,
            "revenue_4q": null,
            "common_shares": 1329504,
            "book_valuer_per_share": 21.26,
            "book_valuer_per_share_4q_avg": 20.56,
            "equity": 2826826,
            "current_ratio": 267.92,
            "debt_ratio": 32,
            "inventory_turnover_ratio": 1.78,
            "account_receivable_turnover_ratio": 0.63,
            "reinvestment_rate": -44.91,
            "research_to_sale_ratio": 2.52,
            "price_fair": 68.78,
            "eps_avg_yearly": 1.97,
            "eps_latest_yearly": 2,
            "eps_growth_yearly": 1088.45
        },
        "20162": {
            "year_quarter": 20162,
            "year": 2016,
            "quarter": 2,
            "eps": 0.53,
            "eps_growth_year": 23.26,
            "eps_4q": 2.13,
            "eps_4q_growth_year": 1.5,
            "roe": 2.6,
            "roe_4q": 10.36,
            "gross_profit": 271427,
            "gross_margin": 29.83,
            "gross_margin_4q_avg": 27.01,
            "net_income": 70697,
            "net_income_4q": null,
            "revenue": 909845,
            "revenue_4q": null,
            "common_shares": 1329504,
            "book_valuer_per_share": 19.68,
            "book_valuer_per_share_4q_avg": 20.51,
            "equity": 2615800,
            "current_ratio": 224.77,
            "debt_ratio": 38.28,
            "inventory_turnover_ratio": 1.21,
            "account_receivable_turnover_ratio": 0.62,
            "reinvestment_rate": -45.44,
            "research_to_sale_ratio": 1.6,
            "price_fair": 68.34,
            "eps_avg_yearly": 1.95,
            "eps_latest_yearly": 2.12,
            "eps_growth_yearly": 1092.29
        },
        "20163": {
            "year_quarter": 20163,
            "year": 2016,
            "quarter": 3,
            "eps": 0.72,
            "eps_growth_year": 30.91,
            "eps_4q": 2.3,
            "eps_4q_growth_year": 13.31,
            "roe": 3.63,
            "roe_4q": 11.24,
            "gross_profit": 271652,
            "gross_margin": 24.8,
            "gross_margin_4q_avg": 26.94,
            "net_income": 96107,
            "net_income_4q": null,
            "revenue": 1095467,
            "revenue_4q": null,
            "common_shares": 1329504,
            "book_valuer_per_share": 20.17,
            "book_valuer_per_share_4q_avg": 20.49,
            "equity": 2682241,
            "current_ratio": 211.26,
            "debt_ratio": 42.28,
            "inventory_turnover_ratio": 1.17,
            "account_receivable_turnover_ratio": 0.79,
            "reinvestment_rate": -52.9,
            "research_to_sale_ratio": 1.84,
            "price_fair": 70.18,
            "eps_avg_yearly": 2.01,
            "eps_latest_yearly": 2.88,
            "eps_growth_yearly": 1104.27
        },
        "20164": {
            "year_quarter": 20164,
            "year": 2016,
            "quarter": 4,
            "eps": 0.5,
            "eps_growth_year": -7.72,
            "eps_4q": 2.25,
            "eps_4q_growth_year": 11.75,
            "roe": 2.47,
            "roe_4q": 11.059999999999999,
            "gross_profit": 305660,
            "gross_margin": 24.63,
            "gross_margin_4q_avg": 26.35,
            "net_income": 66898,
            "net_income_4q": null,
            "revenue": 1241029,
            "revenue_4q": null,
            "common_shares": 1329504,
            "book_valuer_per_share": 20.64,
            "book_valuer_per_share_4q_avg": 20.44,
            "equity": 2743859,
            "current_ratio": 217.42,
            "debt_ratio": 41.36,
            "inventory_turnover_ratio": 1.25,
            "account_receivable_turnover_ratio": 0.93,
            "reinvestment_rate": -49.39,
            "research_to_sale_ratio": 1.62,
            "price_fair": 72.54,
            "eps_avg_yearly": 2.07,
            "eps_latest_yearly": 2,
            "eps_growth_yearly": 1110.36
        },
        "20171": {
            "year_quarter": 20171,
            "year": 2017,
            "quarter": 1,
            "eps": 0.55,
            "eps_growth_year": 10,
            "eps_4q": 2.31,
            "eps_4q_growth_year": 14.05,
            "roe": 2.65,
            "roe_4q": 11.35,
            "gross_profit": 253531,
            "gross_margin": 23.48,
            "gross_margin_4q_avg": 25.69,
            "net_income": 73667,
            "net_income_4q": null,
            "revenue": 1079835,
            "revenue_4q": null,
            "common_shares": 1329504,
            "book_valuer_per_share": 21.22,
            "book_valuer_per_share_4q_avg": 20.43,
            "equity": 2821424,
            "current_ratio": 240.94,
            "debt_ratio": 37.18,
            "inventory_turnover_ratio": 1.25,
            "account_receivable_turnover_ratio": 0.88,
            "reinvestment_rate": -21.65,
            "research_to_sale_ratio": 2,
            "price_fair": 72.36,
            "eps_avg_yearly": 2.07,
            "eps_latest_yearly": 2.2,
            "eps_growth_yearly": 1075.9
        },
        "20172": {
            "year_quarter": 20172,
            "year": 2017,
            "quarter": 2,
            "eps": 0.6,
            "eps_growth_year": 13.21,
            "eps_4q": 2.37,
            "eps_4q_growth_year": 11.68,
            "roe": 2.9,
            "roe_4q": 11.649999999999999,
            "gross_profit": 264225,
            "gross_margin": 27.75,
            "gross_margin_4q_avg": 25.17,
            "net_income": 78977,
            "net_income_4q": null,
            "revenue": 952064,
            "revenue_4q": null,
            "common_shares": 1329504,
            "book_valuer_per_share": 19.73,
            "book_valuer_per_share_4q_avg": 20.44,
            "equity": 2623516,
            "current_ratio": 218.55,
            "debt_ratio": 40.57,
            "inventory_turnover_ratio": 1.18,
            "account_receivable_turnover_ratio": 0.81,
            "reinvestment_rate": -20.56,
            "research_to_sale_ratio": 2.23,
            "price_fair": 72.63,
            "eps_avg_yearly": 2.08,
            "eps_latest_yearly": 2.4,
            "eps_growth_yearly": 1078.18
        },
        "20173": {
            "year_quarter": 20173,
            "year": 2017,
            "quarter": 3,
            "eps": 0.76,
            "eps_growth_year": 5.56,
            "eps_4q": 2.82,
            "eps_4q_growth_year": 22.93,
            "roe": 3.18,
            "roe_4q": 11.200000000000001,
            "gross_profit": 277721,
            "gross_margin": 24.88,
            "gross_margin_4q_avg": 25.19,
            "net_income": 80705,
            "net_income_4q": null,
            "revenue": 1116252,
            "revenue_4q": null,
            "common_shares": 1063603,
            "book_valuer_per_share": 23.08,
            "book_valuer_per_share_4q_avg": 21.17,
            "equity": 2454749,
            "current_ratio": 212.08,
            "debt_ratio": 40.54,
            "inventory_turnover_ratio": 1.41,
            "account_receivable_turnover_ratio": 0.9,
            "reinvestment_rate": -13.14,
            "research_to_sale_ratio": 1.93,
            "price_fair": 71.75,
            "eps_avg_yearly": 2.05,
            "eps_latest_yearly": 3.04,
            "eps_growth_yearly": 1072.12
        },
        "20174": {
            "year_quarter": 20174,
            "year": 2017,
            "quarter": 4,
            "eps": 0.68,
            "eps_growth_year": 35.13,
            "eps_4q": 2.87,
            "eps_4q_growth_year": 27.49,
            "roe": 2.9,
            "roe_4q": 11.63,
            "gross_profit": 320323,
            "gross_margin": 30.42,
            "gross_margin_4q_avg": 26.63,
            "net_income": 72318,
            "net_income_4q": null,
            "revenue": 1052959,
            "revenue_4q": null,
            "common_shares": 1063603,
            "book_valuer_per_share": 23.78,
            "book_valuer_per_share_4q_avg": 21.95,
            "equity": 2529187,
            "current_ratio": 209.3,
            "debt_ratio": 41.33,
            "inventory_turnover_ratio": 1.05,
            "account_receivable_turnover_ratio": 0.93,
            "reinvestment_rate": -8.54,
            "research_to_sale_ratio": 3.02,
            "price_fair": 77.61,
            "eps_avg_yearly": 2.22,
            "eps_latest_yearly": 2.72,
            "eps_growth_yearly": 1094.2
        },
        "20181": {
            "year_quarter": 20181,
            "year": 2018,
            "quarter": 1,
            "eps": 1.02,
            "eps_growth_year": 85.45,
            "eps_4q": 3.2,
            "eps_4q_growth_year": 38.37,
            "roe": 4.18,
            "roe_4q": 13.16,
            "gross_profit": 373572,
            "gross_margin": 28.65,
            "gross_margin_4q_avg": 27.93,
            "net_income": 108253,
            "net_income_4q": null,
            "revenue": 1303830,
            "revenue_4q": null,
            "common_shares": 1063603,
            "book_valuer_per_share": 24.88,
            "book_valuer_per_share_4q_avg": 22.87,
            "equity": 2646015,
            "current_ratio": 218.06,
            "debt_ratio": 39.88,
            "inventory_turnover_ratio": 1.14,
            "account_receivable_turnover_ratio": 1.82,
            "reinvestment_rate": -15.12,
            "research_to_sale_ratio": 2.26,
            "price_fair": 82.69,
            "eps_avg_yearly": 2.36,
            "eps_latest_yearly": 4.08,
            "eps_growth_yearly": 31.7
        },
        "20182": {
            "year_quarter": 20182,
            "year": 2018,
            "quarter": 2,
            "eps": 0.87,
            "eps_growth_year": 45,
            "eps_4q": 3.33,
            "eps_4q_growth_year": 40.27,
            "roe": 3.64,
            "roe_4q": 13.9,
            "gross_profit": 299079,
            "gross_margin": 29.35,
            "gross_margin_4q_avg": 28.33,
            "net_income": 92930,
            "net_income_4q": null,
            "revenue": 1018933,
            "revenue_4q": null,
            "common_shares": 1063603,
            "book_valuer_per_share": 23.14,
            "book_valuer_per_share_4q_avg": 23.72,
            "equity": 2461470,
            "current_ratio": 193.35,
            "debt_ratio": 44.78,
            "inventory_turnover_ratio": 0.75,
            "account_receivable_turnover_ratio": 2.63,
            "reinvestment_rate": -5.77,
            "research_to_sale_ratio": 2.9,
            "price_fair": 86.8,
            "eps_avg_yearly": 2.48,
            "eps_latest_yearly": 3.48,
            "eps_growth_yearly": 30.3
        },
        "20183": {
            "year_quarter": 20183,
            "year": 2018,
            "quarter": 3,
            "eps": 0.77,
            "eps_growth_year": 1.32,
            "eps_4q": 3.34,
            "eps_4q_growth_year": 18.38,
            "roe": 3.29,
            "roe_4q": 14.01,
            "gross_profit": 304814,
            "gross_margin": 29.89,
            "gross_margin_4q_avg": 29.58,
            "net_income": 81933,
            "net_income_4q": null,
            "revenue": 1019661,
            "revenue_4q": null,
            "common_shares": 1063603,
            "book_valuer_per_share": 23.75,
            "book_valuer_per_share_4q_avg": 23.89,
            "equity": 2526294,
            "current_ratio": 200.17,
            "debt_ratio": 43.57,
            "inventory_turnover_ratio": 0.59,
            "account_receivable_turnover_ratio": 2.46,
            "reinvestment_rate": -9.5,
            "research_to_sale_ratio": 2.62,
            "price_fair": 59.6,
            "eps_avg_yearly": 2.52,
            "eps_latest_yearly": 3.08,
            "eps_growth_yearly": 13.67
        },
        "20184": {
            "year_quarter": 20184,
            "year": 2018,
            "quarter": 4,
            "eps": 1.14,
            "eps_growth_year": 67.46,
            "eps_4q": 3.8,
            "eps_4q_growth_year": 32.24,
            "roe": 4.69,
            "roe_4q": 15.8,
            "gross_profit": 403962,
            "gross_margin": 30.93,
            "gross_margin_4q_avg": 29.71,
            "net_income": 121104,
            "net_income_4q": null,
            "revenue": 1306018,
            "revenue_4q": null,
            "common_shares": 1063603,
            "book_valuer_per_share": 24.82,
            "book_valuer_per_share_4q_avg": 24.15,
            "equity": 2639555,
            "current_ratio": 188.88,
            "debt_ratio": 46.82,
            "inventory_turnover_ratio": 0.59,
            "account_receivable_turnover_ratio": 2.91,
            "reinvestment_rate": -7.07,
            "research_to_sale_ratio": 1.78,
            "price_fair": 93.28,
            "eps_avg_yearly": 2.67,
            "eps_latest_yearly": 4.56,
            "eps_growth_yearly": 28.51
        },
        "20191": {
            "year_quarter": 20191,
            "year": 2019,
            "quarter": 1,
            "eps": 1.15,
            "eps_growth_year": 12.75,
            "eps_4q": 3.94,
            "eps_4q_growth_year": 23.04,
            "roe": 4.5,
            "roe_4q": 16.12,
            "gross_profit": 360821,
            "gross_margin": 25.91,
            "gross_margin_4q_avg": 29.02,
            "net_income": 122676,
            "net_income_4q": null,
            "revenue": 1392630,
            "revenue_4q": null,
            "common_shares": 1063603,
            "book_valuer_per_share": 26.42,
            "book_valuer_per_share_4q_avg": 24.53,
            "equity": 2809772,
            "current_ratio": 216.89,
            "debt_ratio": 40.66,
            "inventory_turnover_ratio": 0.64,
            "account_receivable_turnover_ratio": 3.32,
            "reinvestment_rate": -7.66,
            "research_to_sale_ratio": 1.67,
            "price_fair": 99.05,
            "eps_avg_yearly": 2.83,
            "eps_latest_yearly": 4.6,
            "eps_growth_yearly": 31.46
        },
        "20192": {
            "year_quarter": 20192,
            "year": 2019,
            "quarter": 2,
            "eps": 1,
            "eps_growth_year": 14.94,
            "eps_4q": 4.06,
            "eps_4q_growth_year": 21.88,
            "roe": 3.94,
            "roe_4q": 16.419999999999998,
            "gross_profit": 305336,
            "gross_margin": 25.41,
            "gross_margin_4q_avg": 28.04,
            "net_income": 105987,
            "net_income_4q": null,
            "revenue": 1201525,
            "revenue_4q": null,
            "common_shares": 1063603,
            "book_valuer_per_share": 24.15,
            "book_valuer_per_share_4q_avg": 24.79,
            "equity": 2568244,
            "current_ratio": 184.85,
            "debt_ratio": 47.08,
            "inventory_turnover_ratio": 0.6,
            "account_receivable_turnover_ratio": 3.41,
            "reinvestment_rate": -8.1,
            "research_to_sale_ratio": 2.04,
            "price_fair": 104.04,
            "eps_avg_yearly": 2.97,
            "eps_latest_yearly": 4,
            "eps_growth_yearly": 31.26
        },
        "20193": {
            "year_quarter": 20193,
            "year": 2019,
            "quarter": 3,
            "eps": 0.89,
            "eps_growth_year": 15.58,
            "eps_4q": 4.18,
            "eps_4q_growth_year": 25.13,
            "roe": 3.61,
            "roe_4q": 16.740000000000002,
            "gross_profit": 283646,
            "gross_margin": 21.11,
            "gross_margin_4q_avg": 25.84,
            "net_income": 94995,
            "net_income_4q": null,
            "revenue": 1343946,
            "revenue_4q": null,
            "common_shares": 1063603,
            "book_valuer_per_share": 25.32,
            "book_valuer_per_share_4q_avg": 25.18,
            "equity": 2692686,
            "current_ratio": 202.88,
            "debt_ratio": 42.17,
            "inventory_turnover_ratio": 0.75,
            "account_receivable_turnover_ratio": 3.38,
            "reinvestment_rate": -5.49,
            "research_to_sale_ratio": 1.83,
            "price_fair": 96.4,
            "eps_avg_yearly": 3.06,
            "eps_latest_yearly": 3.56,
            "eps_growth_yearly": 21.53
        },
        "20194": {
            "year_quarter": 20194,
            "year": 2019,
            "quarter": 4,
            "eps": 1.15,
            "eps_growth_year": 1.44,
            "eps_4q": 4.2,
            "eps_4q_growth_year": 10.46,
            "roe": 4.47,
            "roe_4q": 16.52,
            "gross_profit": 395269,
            "gross_margin": 24.96,
            "gross_margin_4q_avg": 24.35,
            "net_income": 122843,
            "net_income_4q": null,
            "revenue": 1583331,
            "revenue_4q": null,
            "common_shares": 1063603,
            "book_valuer_per_share": 26.3,
            "book_valuer_per_share_4q_avg": 25.55,
            "equity": 2797728,
            "current_ratio": 192.34,
            "debt_ratio": 45.29,
            "inventory_turnover_ratio": 0.83,
            "account_receivable_turnover_ratio": 3.3,
            "reinvestment_rate": -6.46,
            "research_to_sale_ratio": 1.67,
            "price_fair": 112.26,
            "eps_avg_yearly": 3.21,
            "eps_latest_yearly": 4.6,
            "eps_growth_yearly": 28.83
        },
        "20201": {
            "year_quarter": 20201,
            "year": 2020,
            "quarter": 1,
            "eps": 1.22,
            "eps_growth_year": 6.09,
            "eps_4q": 4.27,
            "eps_4q_growth_year": 8.44,
            "roe": 4.96,
            "roe_4q": 16.98,
            "gross_profit": 332841,
            "gross_margin": 25.45,
            "gross_margin_4q_avg": 24.23,
            "net_income": 130140,
            "net_income_4q": null,
            "revenue": 1307761,
            "revenue_4q": null,
            "common_shares": 1063603,
            "book_valuer_per_share": 23.07,
            "book_valuer_per_share_4q_avg": 24.71,
            "equity": 2453721,
            "current_ratio": 168.07,
            "debt_ratio": 51.55,
            "inventory_turnover_ratio": 0.67,
            "account_receivable_turnover_ratio": 2.98,
            "reinvestment_rate": -4.99,
            "research_to_sale_ratio": 1.74,
            "price_fair": 118.56,
            "eps_avg_yearly": 3.39,
            "eps_latest_yearly": 4.88,
            "eps_growth_yearly": 32.63
        },
        "20202": {
            "year_quarter": 20202,
            "year": 2020,
            "quarter": 2,
            "eps": 1.07,
            "eps_growth_year": 7,
            "eps_4q": 4.34,
            "eps_4q_growth_year": 6.94,
            "roe": 4.52,
            "roe_4q": 17.56,
            "gross_profit": 328743,
            "gross_margin": 24.79,
            "gross_margin_4q_avg": 24.08,
            "net_income": 113673,
            "net_income_4q": null,
            "revenue": 1326323,
            "revenue_4q": null,
            "common_shares": 1063603,
            "book_valuer_per_share": 24.23,
            "book_valuer_per_share_4q_avg": 24.73,
            "equity": 2576981,
            "current_ratio": 173.22,
            "debt_ratio": 50.34,
            "inventory_turnover_ratio": 0.67,
            "account_receivable_turnover_ratio": 3.16,
            "reinvestment_rate": -4.44,
            "research_to_sale_ratio": 1.65,
            "price_fair": 123.29,
            "eps_avg_yearly": 3.52,
            "eps_latest_yearly": 4.28,
            "eps_growth_yearly": 28.05
        },
        "20203": {
            "year_quarter": 20203,
            "year": 2020,
            "quarter": 3,
            "eps": 1.1,
            "eps_growth_year": 23.6,
            "eps_4q": 4.54,
            "eps_4q_growth_year": 8.6,
            "roe": 4.42,
            "roe_4q": 18.369999999999997,
            "gross_profit": 317889,
            "gross_margin": 23.82,
            "gross_margin_4q_avg": 24.76,
            "net_income": 116363,
            "net_income_4q": null,
            "revenue": 1334795,
            "revenue_4q": null,
            "common_shares": 1063603,
            "book_valuer_per_share": 25.27,
            "book_valuer_per_share_4q_avg": 24.72,
            "equity": 2688105,
            "current_ratio": 189.66,
            "debt_ratio": 46.21,
            "inventory_turnover_ratio": 0.65,
            "account_receivable_turnover_ratio": 3.25,
            "reinvestment_rate": 2.12,
            "research_to_sale_ratio": 1.77,
            "price_fair": 107.77,
            "eps_avg_yearly": 3.62,
            "eps_latest_yearly": 4.4,
            "eps_growth_yearly": 19.79
        },
        "20204": {
            "year_quarter": 20204,
            "year": 2020,
            "quarter": 4,
            "eps": 1.29,
            "eps_growth_year": 11.88,
            "eps_4q": 4.68,
            "eps_4q_growth_year": 11.45,
            "roe": 4.98,
            "roe_4q": 18.88,
            "gross_profit": 398154,
            "gross_margin": 25.3,
            "gross_margin_4q_avg": 24.84,
            "net_income": 137442,
            "net_income_4q": null,
            "revenue": 1573932,
            "revenue_4q": null,
            "common_shares": 1063603,
            "book_valuer_per_share": 26.6,
            "book_valuer_per_share_4q_avg": 24.79,
            "equity": 2829012,
            "current_ratio": 175.04,
            "debt_ratio": 50.74,
            "inventory_turnover_ratio": 0.66,
            "account_receivable_turnover_ratio": 3.02,
            "reinvestment_rate": 2.4,
            "research_to_sale_ratio": 1.62,
            "price_fair": 133.53,
            "eps_avg_yearly": 3.82,
            "eps_latest_yearly": 5.16,
            "eps_growth_yearly": 31.75
        },
        "20211": {
            "year_quarter": 20211,
            "year": 2021,
            "quarter": 1,
            "eps": 1.35,
            "eps_growth_year": 10.66,
            "eps_4q": 4.81,
            "eps_4q_growth_year": 12.62,
            "roe": 5.38,
            "roe_4q": 19.299999999999997,
            "gross_profit": 372146,
            "gross_margin": 25.77,
            "gross_margin_4q_avg": 24.92,
            "net_income": 143794,
            "net_income_4q": null,
            "revenue": 1444341,
            "revenue_4q": null,
            "common_shares": 1063603,
            "book_valuer_per_share": 23.68,
            "book_valuer_per_share_4q_avg": 24.95,
            "equity": 2518134,
            "current_ratio": 158.58,
            "debt_ratio": 55.78,
            "inventory_turnover_ratio": 0.53,
            "account_receivable_turnover_ratio": 2.86,
            "reinvestment_rate": 1.73,
            "research_to_sale_ratio": 1.45,
            "price_fair": 140.53,
            "eps_avg_yearly": 4.02,
            "eps_latest_yearly": 5.4,
            "eps_growth_yearly": 30.41
        },
        "20212": {
            "year_quarter": 20212,
            "year": 2021,
            "quarter": 2,
            "eps": 1.27,
            "eps_growth_year": 18.69,
            "eps_4q": 5,
            "eps_4q_growth_year": 15.26,
            "roe": 5.2,
            "roe_4q": 19.98,
            "gross_profit": 369476,
            "gross_margin": 24.33,
            "gross_margin_4q_avg": 24.81,
            "net_income": 134523,
            "net_income_4q": null,
            "revenue": 1518616,
            "revenue_4q": null,
            "common_shares": 1063603,
            "book_valuer_per_share": 24.94,
            "book_valuer_per_share_4q_avg": 25.12,
            "equity": 2653113,
            "current_ratio": 168.26,
            "debt_ratio": 52.66,
            "inventory_turnover_ratio": 0.54,
            "account_receivable_turnover_ratio": 4.08,
            "reinvestment_rate": 1.85,
            "research_to_sale_ratio": 1.68,
            "price_fair": 146.39,
            "eps_avg_yearly": 4.18,
            "eps_latest_yearly": 5.08,
            "eps_growth_yearly": 26.66
        },
        "20213": {
            "year_quarter": 20213,
            "year": 2021,
            "quarter": 3,
            "eps": 1.29,
            "eps_growth_year": 17.27,
            "eps_4q": 5.2,
            "eps_4q_growth_year": 14.47,
            "roe": 5.04,
            "roe_4q": 20.6,
            "gross_profit": 368294,
            "gross_margin": 22.62,
            "gross_margin_4q_avg": 24.51,
            "net_income": 137145,
            "net_income_4q": null,
            "revenue": 1628067,
            "revenue_4q": null,
            "common_shares": 1063603,
            "book_valuer_per_share": 26.24,
            "book_valuer_per_share_4q_avg": 25.37,
            "equity": 2791016,
            "current_ratio": 178.39,
            "debt_ratio": 49.82,
            "inventory_turnover_ratio": 0.62,
            "account_receivable_turnover_ratio": 3.65,
            "reinvestment_rate": -3.55,
            "research_to_sale_ratio": 1.38,
            "price_fair": 131.11,
            "eps_avg_yearly": 4.32,
            "eps_latest_yearly": 5.16,
            "eps_growth_yearly": 20.39
        },
        "20214": {
            "year_quarter": 20214,
            "year": 2021,
            "quarter": 4,
            "eps": 2.09,
            "eps_growth_year": 62.03,
            "eps_4q": 6,
            "eps_4q_growth_year": 28.24,
            "roe": 7.66,
            "roe_4q": 23.279999999999998,
            "gross_profit": 488720,
            "gross_margin": 24.58,
            "gross_margin_4q_avg": 24.33,
            "net_income": 222700,
            "net_income_4q": null,
            "revenue": 1988530,
            "revenue_4q": null,
            "common_shares": 1063603,
            "book_valuer_per_share": 28.39,
            "book_valuer_per_share_4q_avg": 25.81,
            "equity": 3019873,
            "current_ratio": 187.13,
            "debt_ratio": 47.82,
            "inventory_turnover_ratio": 0.76,
            "account_receivable_turnover_ratio": 3.43,
            "reinvestment_rate": -4.69,
            "research_to_sale_ratio": 1.11,
            "price_fair": 163.36,
            "eps_avg_yearly": 4.67,
            "eps_latest_yearly": 8.36,
            "eps_growth_yearly": 38.52
        },
        "20221": {
            "year_quarter": 20221,
            "year": 2022,
            "quarter": 1,
            "eps": 1.71,
            "eps_growth_year": 26.67,
            "eps_4q": 6.36,
            "eps_4q_growth_year": 32.37,
            "roe": 6.48,
            "roe_4q": 24.38,
            "gross_profit": 403917,
            "gross_margin": 25.66,
            "gross_margin_4q_avg": 24.3,
            "net_income": 182395,
            "net_income_4q": null,
            "revenue": 1574243,
            "revenue_4q": null,
            "common_shares": 1063603,
            "book_valuer_per_share": 24.5,
            "book_valuer_per_share_4q_avg": 26.02,
            "equity": 2606333,
            "current_ratio": 161.57,
            "debt_ratio": 54.83,
            "inventory_turnover_ratio": 0.62,
            "account_receivable_turnover_ratio": 2.86,
            "reinvestment_rate": -0.85,
            "research_to_sale_ratio": 1.32,
            "price_fair": 152.34,
            "eps_avg_yearly": 4.84,
            "eps_latest_yearly": 6.84,
            "eps_growth_yearly": 21.48
        },
        "20222": {
            "year_quarter": 20222,
            "year": 2022,
            "quarter": 2,
            "eps": 1.61,
            "eps_growth_year": 26.77,
            "eps_4q": 6.7,
            "eps_4q_growth_year": 33.96,
            "roe": 6.38,
            "roe_4q": 25.56,
            "gross_profit": 448550,
            "gross_margin": 27.31,
            "gross_margin_4q_avg": 25.04,
            "net_income": 170574,
            "net_income_4q": null,
            "revenue": 1642324,
            "revenue_4q": null,
            "common_shares": 1063603,
            "book_valuer_per_share": 25.75,
            "book_valuer_per_share_4q_avg": 26.22,
            "equity": 2739105,
            "current_ratio": 160.3,
            "debt_ratio": 56.28,
            "inventory_turnover_ratio": 0.6,
            "account_receivable_turnover_ratio": 3.57,
            "reinvestment_rate": -1.04,
            "research_to_sale_ratio": 1.26,
            "price_fair": 169.29,
            "eps_avg_yearly": 5.03,
            "eps_latest_yearly": 6.44,
            "eps_growth_yearly": 23.69
        },
        "20223": {
            "year_quarter": 20223,
            "year": 2022,
            "quarter": 3,
            "eps": 1.71,
            "eps_growth_year": 32.56,
            "eps_4q": 7.13,
            "eps_4q_growth_year": 37.08,
            "roe": 6.44,
            "roe_4q": 26.96,
            "gross_profit": 391526,
            "gross_margin": 23.67,
            "gross_margin_4q_avg": 25.31,
            "net_income": 182257,
            "net_income_4q": null,
            "revenue": 1654075,
            "revenue_4q": null,
            "common_shares": 1063603,
            "book_valuer_per_share": 27.45,
            "book_valuer_per_share_4q_avg": 26.52,
            "equity": 2919114,
            "current_ratio": 172.87,
            "debt_ratio": 52.42,
            "inventory_turnover_ratio": 0.54,
            "account_receivable_turnover_ratio": 2.87,
            "reinvestment_rate": -1.08,
            "research_to_sale_ratio": 1.26,
            "price_fair": 184.1,
            "eps_avg_yearly": 5.26,
            "eps_latest_yearly": 6.84,
            "eps_growth_yearly": 28.12
        },
        "20224": {
            "year_quarter": 20224,
            "year": 2022,
            "quarter": 4,
            "eps": 1.88,
            "eps_growth_year": -10.22,
            "eps_4q": 6.91,
            "eps_4q_growth_year": 15.2,
            "roe": 6.62,
            "roe_4q": 25.92,
            "gross_profit": 490985,
            "gross_margin": 26.42,
            "gross_margin_4q_avg": 25.77,
            "net_income": 199945,
            "net_income_4q": null,
            "revenue": 1858353,
            "revenue_4q": null,
            "common_shares": 1063603,
            "book_valuer_per_share": 29.38,
            "book_valuer_per_share_4q_avg": 26.77,
            "equity": 3125327,
            "current_ratio": 175.29,
            "debt_ratio": 51.98,
            "inventory_turnover_ratio": 0.54,
            "account_receivable_turnover_ratio": 2.97,
            "reinvestment_rate": -0.87,
            "research_to_sale_ratio": 1.19,
            "price_fair": 155.66,
            "eps_avg_yearly": 5.45,
            "eps_latest_yearly": 7.52,
            "eps_growth_yearly": 18.59
        },
        "20231": {
            "year_quarter": 20231,
            "year": 2023,
            "quarter": 1,
            "eps": 1.99,
            "eps_growth_year": 16.37,
            "eps_4q": 7.19,
            "eps_4q_growth_year": 12.93,
            "roe": 7.27,
            "roe_4q": 26.71,
            "gross_profit": 444119,
            "gross_margin": 25.88,
            "gross_margin_4q_avg": 25.82,
            "net_income": 211515,
            "net_income_4q": null,
            "revenue": 1716192,
            "revenue_4q": null,
            "common_shares": 1063603,
            "book_valuer_per_share": 25.31,
            "book_valuer_per_share_4q_avg": 26.97,
            "equity": 2692391,
            "current_ratio": 153.74,
            "debt_ratio": 59.03,
            "inventory_turnover_ratio": 0.5,
            "account_receivable_turnover_ratio": 3.11,
            "reinvestment_rate": -0.87,
            "research_to_sale_ratio": 1.24,
            "price_fair": 168.7,
            "eps_avg_yearly": 5.66,
            "eps_latest_yearly": 7.96,
            "eps_growth_yearly": 19.83
        },
        "20232": {
            "year_quarter": 20232,
            "year": 2023,
            "quarter": 2,
            "eps": 1.79,
            "eps_growth_year": 11.18,
            "eps_4q": 7.38,
            "eps_4q_growth_year": 10.04,
            "roe": 6.85,
            "roe_4q": 27.18,
            "gross_profit": 435426,
            "gross_margin": 22.99,
            "gross_margin_4q_avg": 24.74,
            "net_income": 190697,
            "net_income_4q": null,
            "revenue": 1894368,
            "revenue_4q": null,
            "common_shares": 1063603,
            "book_valuer_per_share": 27.01,
            "book_valuer_per_share_4q_avg": 27.29,
            "equity": 2872484,
            "current_ratio": 166.02,
            "debt_ratio": 54.39,
            "inventory_turnover_ratio": 0.61,
            "account_receivable_turnover_ratio": 2.82,
            "reinvestment_rate": -0.11,
            "research_to_sale_ratio": 1.18,
            "price_fair": 178.97,
            "eps_avg_yearly": 5.85,
            "eps_latest_yearly": 7.16,
            "eps_growth_yearly": 20.58
        },
        "20233": {
            "year_quarter": 20233,
            "year": 2023,
            "quarter": 3,
            "eps": 1.73,
            "eps_growth_year": 1.17,
            "eps_4q": 7.39,
            "eps_4q_growth_year": 3.75,
            "roe": 6.19,
            "roe_4q": 26.93,
            "gross_profit": 431602,
            "gross_margin": 25.56,
            "gross_margin_4q_avg": 25.21,
            "net_income": 184206,
            "net_income_4q": null,
            "revenue": 1688867,
            "revenue_4q": null,
            "common_shares": 1063603,
            "book_valuer_per_share": 28.97,
            "book_valuer_per_share_4q_avg": 27.67,
            "equity": 3081132,
            "current_ratio": 179.76,
            "debt_ratio": 49.83,
            "inventory_turnover_ratio": 0.55,
            "account_receivable_turnover_ratio": 2.12,
            "reinvestment_rate": 1.43,
            "research_to_sale_ratio": 1.34,
            "price_fair": 196.98,
            "eps_avg_yearly": 6.06,
            "eps_latest_yearly": 6.92,
            "eps_growth_yearly": 22.49
        },
        "20234": {
            "year_quarter": 20234,
            "year": 2023,
            "quarter": 4,
            "eps": 1.85,
            "eps_growth_year": -1.56,
            "eps_4q": 7.36,
            "eps_4q_growth_year": 6.54,
            "roe": 6.2,
            "roe_4q": 26.51,
            "gross_profit": 475220,
            "gross_margin": 24.11,
            "gross_margin_4q_avg": 24.64,
            "net_income": 196823,
            "net_income_4q": null,
            "revenue": 1971435,
            "revenue_4q": null,
            "common_shares": 1063603,
            "book_valuer_per_share": 30.74,
            "book_valuer_per_share_4q_avg": 28.01,
            "equity": 3269951,
            "current_ratio": 175.41,
            "debt_ratio": 50.96,
            "inventory_turnover_ratio": 0.65,
            "account_receivable_turnover_ratio": 2.86,
            "reinvestment_rate": 1.61,
            "research_to_sale_ratio": 1.22,
            "price_fair": 167.93,
            "eps_avg_yearly": 6.24,
            "eps_latest_yearly": 7.4,
            "eps_growth_yearly": 16.92
        }
    },
    "months": {
        "2001-09": {
            "month": "2001-09",
            "price": "93.69",
            "revenue": 472810
        },
        "2001-10": {
            "month": "2001-10",
            "price": "100.64",
            "revenue": 475265
        },
        "2001-11": {
            "month": "2001-11",
            "price": "116.11",
            "revenue": 439476
        },
        "2001-12": {
            "month": "2001-12",
            "price": "130.26",
            "revenue": 451217
        },
        "2002-01": {
            "month": "2002-01",
            "price": "138.45",
            "revenue": 466201
        },
        "2002-02": {
            "month": "2002-02",
            "price": "133.12",
            "revenue": 450550
        },
        "2002-03": {
            "month": "2002-03",
            "price": "131.05",
            "revenue": 504496
        },
        "2002-04": {
            "month": "2002-04",
            "price": "131.79",
            "revenue": 509387
        },
        "2002-05": {
            "month": "2002-05",
            "price": "116.70",
            "revenue": 516418
        },
        "2002-06": {
            "month": "2002-06",
            "price": "93.98",
            "revenue": 530381
        },
        "2002-07": {
            "month": "2002-07",
            "price": "82.20",
            "revenue": 506456
        },
        "2002-08": {
            "month": "2002-08",
            "price": "72.11",
            "revenue": 500398
        },
        "2002-09": {
            "month": "2002-09",
            "price": "62.55",
            "revenue": 476762
        },
        "2002-10": {
            "month": "2002-10",
            "price": "55.73",
            "revenue": 444527
        },
        "2002-11": {
            "month": "2002-11",
            "price": "52.13",
            "revenue": 517149
        },
        "2002-12": {
            "month": "2002-12",
            "price": "46.38",
            "revenue": 543989
        },
        "2003-01": {
            "month": "2003-01",
            "price": "45.63",
            "revenue": 715559
        },
        "2003-02": {
            "month": "2003-02",
            "price": "43.82",
            "revenue": 538992
        },
        "2003-03": {
            "month": "2003-03",
            "price": "37.59",
            "revenue": 526922
        },
        "2003-04": {
            "month": "2003-04",
            "price": "34.31",
            "revenue": 620108
        },
        "2003-05": {
            "month": "2003-05",
            "price": "29.61",
            "revenue": 523005
        },
        "2003-06": {
            "month": "2003-06",
            "price": "35.76",
            "revenue": 601074
        },
        "2003-07": {
            "month": "2003-07",
            "price": "37.77",
            "revenue": 554183
        },
        "2003-08": {
            "month": "2003-08",
            "price": "30.58",
            "revenue": 570675
        },
        "2003-09": {
            "month": "2003-09",
            "price": "28.93",
            "revenue": 624689
        },
        "2003-10": {
            "month": "2003-10",
            "price": "29.41",
            "revenue": 480261
        },
        "2003-11": {
            "month": "2003-11",
            "price": "30.32",
            "revenue": 463133
        },
        "2003-12": {
            "month": "2003-12",
            "price": "31.57",
            "revenue": 441599
        },
        "2004-01": {
            "month": "2004-01",
            "price": "33.39",
            "revenue": 441007
        },
        "2004-02": {
            "month": "2004-02",
            "price": "33.58",
            "revenue": 411928
        },
        "2004-03": {
            "month": "2004-03",
            "price": "31.13",
            "revenue": 406635
        },
        "2004-04": {
            "month": "2004-04",
            "price": "27.51",
            "revenue": 415655
        },
        "2004-05": {
            "month": "2004-05",
            "price": "20.67",
            "revenue": 464205
        },
        "2004-06": {
            "month": "2004-06",
            "price": "19.50",
            "revenue": 506877
        },
        "2004-07": {
            "month": "2004-07",
            "price": "18.02",
            "revenue": 511668
        },
        "2004-08": {
            "month": "2004-08",
            "price": "16.32",
            "revenue": 454142
        },
        "2004-09": {
            "month": "2004-09",
            "price": "16.19",
            "revenue": 481012
        },
        "2004-10": {
            "month": "2004-10",
            "price": "15.09",
            "revenue": 468978
        },
        "2004-11": {
            "month": "2004-11",
            "price": "14.70",
            "revenue": 358424
        },
        "2004-12": {
            "month": "2004-12",
            "price": "15.03",
            "revenue": 372766
        },
        "2005-01": {
            "month": "2005-01",
            "price": "15.16",
            "revenue": 395531
        },
        "2005-02": {
            "month": "2005-02",
            "price": "15.22",
            "revenue": 362963
        },
        "2005-03": {
            "month": "2005-03",
            "price": "15.60",
            "revenue": 477404
        },
        "2005-04": {
            "month": "2005-04",
            "price": "15.12",
            "revenue": 363111
        },
        "2005-05": {
            "month": "2005-05",
            "price": "14.87",
            "revenue": 371685
        },
        "2005-06": {
            "month": "2005-06",
            "price": "16.03",
            "revenue": 419850
        },
        "2005-07": {
            "month": "2005-07",
            "price": "16.58",
            "revenue": 357124
        },
        "2005-08": {
            "month": "2005-08",
            "price": "14.46",
            "revenue": 349955
        },
        "2005-09": {
            "month": "2005-09",
            "price": "14.24",
            "revenue": 389528
        },
        "2005-10": {
            "month": "2005-10",
            "price": "13.63",
            "revenue": 390020
        },
        "2005-11": {
            "month": "2005-11",
            "price": "13.29",
            "revenue": 287745
        },
        "2005-12": {
            "month": "2005-12",
            "price": "13.88",
            "revenue": 400897
        },
        "2006-01": {
            "month": "2006-01",
            "price": "14.21",
            "revenue": 424527
        },
        "2006-02": {
            "month": "2006-02",
            "price": "13.61",
            "revenue": 318604
        },
        "2006-03": {
            "month": "2006-03",
            "price": "13.24",
            "revenue": 384770
        },
        "2006-04": {
            "month": "2006-04",
            "price": "14.34",
            "revenue": 437540
        },
        "2006-05": {
            "month": "2006-05",
            "price": "15.22",
            "revenue": 312252
        },
        "2006-06": {
            "month": "2006-06",
            "price": "13.44",
            "revenue": 440836
        },
        "2006-07": {
            "month": "2006-07",
            "price": "13.35",
            "revenue": 381732
        },
        "2006-08": {
            "month": "2006-08",
            "price": "12.64",
            "revenue": 266057
        },
        "2006-09": {
            "month": "2006-09",
            "price": "12.40",
            "revenue": 439641
        },
        "2006-10": {
            "month": "2006-10",
            "price": "13.18",
            "revenue": 317258
        },
        "2006-11": {
            "month": "2006-11",
            "price": "14.63",
            "revenue": 309054
        },
        "2006-12": {
            "month": "2006-12",
            "price": "17.67",
            "revenue": 334881
        },
        "2007-01": {
            "month": "2007-01",
            "price": "17.53",
            "revenue": 341617
        },
        "2007-02": {
            "month": "2007-02",
            "price": "16.72",
            "revenue": 265129
        },
        "2007-03": {
            "month": "2007-03",
            "price": "18.34",
            "revenue": 341163
        },
        "2007-04": {
            "month": "2007-04",
            "price": "18.46",
            "revenue": 342674
        },
        "2007-05": {
            "month": "2007-05",
            "price": "17.70",
            "revenue": 274151
        },
        "2007-06": {
            "month": "2007-06",
            "price": "20.64",
            "revenue": 398348
        },
        "2007-07": {
            "month": "2007-07",
            "price": "21.03",
            "revenue": 366286
        },
        "2007-08": {
            "month": "2007-08",
            "price": "18.69",
            "revenue": 325900
        },
        "2007-09": {
            "month": "2007-09",
            "price": "18.01",
            "revenue": 286457
        },
        "2007-10": {
            "month": "2007-10",
            "price": "18.41",
            "revenue": 375345
        },
        "2007-11": {
            "month": "2007-11",
            "price": "16.45",
            "revenue": 339483
        },
        "2007-12": {
            "month": "2007-12",
            "price": "15.27",
            "revenue": 384180
        },
        "2008-01": {
            "month": "2008-01",
            "price": "14.87",
            "revenue": 337591
        },
        "2008-02": {
            "month": "2008-02",
            "price": "15.01",
            "revenue": 253822
        },
        "2008-03": {
            "month": "2008-03",
            "price": "15.91",
            "revenue": 324290
        },
        "2008-04": {
            "month": "2008-04",
            "price": "17.04",
            "revenue": 274312
        },
        "2008-05": {
            "month": "2008-05",
            "price": "18.17",
            "revenue": 259435
        },
        "2008-06": {
            "month": "2008-06",
            "price": "16.59",
            "revenue": 295020
        },
        "2008-07": {
            "month": "2008-07",
            "price": "13.62",
            "revenue": 377122
        },
        "2008-08": {
            "month": "2008-08",
            "price": "13.88",
            "revenue": 325117
        },
        "2008-09": {
            "month": "2008-09",
            "price": "12.69",
            "revenue": 325760
        },
        "2008-10": {
            "month": "2008-10",
            "price": "11.98",
            "revenue": 317901
        },
        "2008-11": {
            "month": "2008-11",
            "price": "10.67",
            "revenue": 212746
        },
        "2008-12": {
            "month": "2008-12",
            "price": "10.10",
            "revenue": 425430
        },
        "2009-01": {
            "month": "2009-01",
            "price": "10.41",
            "revenue": 246277
        },
        "2009-02": {
            "month": "2009-02",
            "price": "10.95",
            "revenue": 307319
        },
        "2009-03": {
            "month": "2009-03",
            "price": "13.40",
            "revenue": 304763
        },
        "2009-04": {
            "month": "2009-04",
            "price": "16.15",
            "revenue": 283677
        },
        "2009-05": {
            "month": "2009-05",
            "price": "17.25",
            "revenue": 232497
        },
        "2009-06": {
            "month": "2009-06",
            "price": "17.10",
            "revenue": 214221
        },
        "2009-07": {
            "month": "2009-07",
            "price": "15.82",
            "revenue": 360896
        },
        "2009-08": {
            "month": "2009-08",
            "price": "17.32",
            "revenue": 314988
        },
        "2009-09": {
            "month": "2009-09",
            "price": "18.22",
            "revenue": 250710
        },
        "2009-10": {
            "month": "2009-10",
            "price": "19.06",
            "revenue": 273779
        },
        "2009-11": {
            "month": "2009-11",
            "price": "22.53",
            "revenue": 277610
        },
        "2009-12": {
            "month": "2009-12",
            "price": "30.04",
            "revenue": 324824
        },
        "2010-01": {
            "month": "2010-01",
            "price": "29.01",
            "revenue": 326054
        },
        "2010-02": {
            "month": "2010-02",
            "price": "27.14",
            "revenue": 238652
        },
        "2010-03": {
            "month": "2010-03",
            "price": "32.87",
            "revenue": 317636
        },
        "2010-04": {
            "month": "2010-04",
            "price": "34.16",
            "revenue": 312476
        },
        "2010-05": {
            "month": "2010-05",
            "price": "29.50",
            "revenue": 311863
        },
        "2010-06": {
            "month": "2010-06",
            "price": "29.61",
            "revenue": 260749
        },
        "2010-07": {
            "month": "2010-07",
            "price": "29.02",
            "revenue": 373143
        },
        "2010-08": {
            "month": "2010-08",
            "price": "27.18",
            "revenue": 300938
        },
        "2010-09": {
            "month": "2010-09",
            "price": "26.58",
            "revenue": 322506
        },
        "2010-10": {
            "month": "2010-10",
            "price": "28.27",
            "revenue": 269225
        },
        "2010-11": {
            "month": "2010-11",
            "price": "28.59",
            "revenue": 305876
        },
        "2010-12": {
            "month": "2010-12",
            "price": "30.33",
            "revenue": 367861
        },
        "2011-01": {
            "month": "2011-01",
            "price": "29.82",
            "revenue": 320999
        },
        "2011-02": {
            "month": "2011-02",
            "price": "27.12",
            "revenue": 297883
        },
        "2011-03": {
            "month": "2011-03",
            "price": "26.50",
            "revenue": 332272
        },
        "2011-04": {
            "month": "2011-04",
            "price": "26.91",
            "revenue": 323556
        },
        "2011-05": {
            "month": "2011-05",
            "price": "26.49",
            "revenue": 444951
        },
        "2011-06": {
            "month": "2011-06",
            "price": "28.78",
            "revenue": 360377
        },
        "2011-07": {
            "month": "2011-07",
            "price": "28.12",
            "revenue": 300249
        },
        "2011-08": {
            "month": "2011-08",
            "price": "32.57",
            "revenue": 331848
        },
        "2011-09": {
            "month": "2011-09",
            "price": "30.70",
            "revenue": 303937
        },
        "2011-10": {
            "month": "2011-10",
            "price": "27.78",
            "revenue": 318520
        },
        "2011-11": {
            "month": "2011-11",
            "price": "27.90",
            "revenue": 304448
        },
        "2011-12": {
            "month": "2011-12",
            "price": "24.15",
            "revenue": 364048
        },
        "2012-01": {
            "month": "2012-01",
            "price": "24.17",
            "revenue": 305637
        },
        "2012-02": {
            "month": "2012-02",
            "price": "27.78",
            "revenue": 332555
        },
        "2012-03": {
            "month": "2012-03",
            "price": "28.33",
            "revenue": 461216
        },
        "2012-04": {
            "month": "2012-04",
            "price": "27.42",
            "revenue": 421708
        },
        "2012-05": {
            "month": "2012-05",
            "price": "27.67",
            "revenue": 381079
        },
        "2012-06": {
            "month": "2012-06",
            "price": "26.44",
            "revenue": 309496
        },
        "2012-07": {
            "month": "2012-07",
            "price": "24.68",
            "revenue": 350964
        },
        "2012-08": {
            "month": "2012-08",
            "price": "25.55",
            "revenue": 307193
        },
        "2012-09": {
            "month": "2012-09",
            "price": "26.27",
            "revenue": 298389
        },
        "2012-10": {
            "month": "2012-10",
            "price": "25.19",
            "revenue": 281958
        },
        "2012-11": {
            "month": "2012-11",
            "price": "24.10",
            "revenue": 321102
        },
        "2012-12": {
            "month": "2012-12",
            "price": "24.70",
            "revenue": 269609
        },
        "2013-01": {
            "month": "2013-01",
            "price": "25.04",
            "revenue": 318131
        },
        "2013-02": {
            "month": "2013-02",
            "price": "24.98",
            "revenue": 247675
        },
        "2013-03": {
            "month": "2013-03",
            "price": "25.36",
            "revenue": 304267
        },
        "2013-04": {
            "month": "2013-04",
            "price": "25.14",
            "revenue": 296145
        },
        "2013-05": {
            "month": "2013-05",
            "price": "25.80",
            "revenue": 321623
        },
        "2013-06": {
            "month": "2013-06",
            "price": "25.69",
            "revenue": 308539
        },
        "2013-07": {
            "month": "2013-07",
            "price": "24.64",
            "revenue": 362944
        },
        "2013-08": {
            "month": "2013-08",
            "price": "25.02",
            "revenue": 254089
        },
        "2013-09": {
            "month": "2013-09",
            "price": "25.54",
            "revenue": 270884
        },
        "2013-10": {
            "month": "2013-10",
            "price": "27.54",
            "revenue": 283451
        },
        "2013-11": {
            "month": "2013-11",
            "price": "29.71",
            "revenue": 369872
        },
        "2013-12": {
            "month": "2013-12",
            "price": "30.34",
            "revenue": 313867
        },
        "2014-01": {
            "month": "2014-01",
            "price": "32.82",
            "revenue": 327653
        },
        "2014-02": {
            "month": "2014-02",
            "price": "32.54",
            "revenue": 273580
        },
        "2014-03": {
            "month": "2014-03",
            "price": "32.07",
            "revenue": 260341
        },
        "2014-04": {
            "month": "2014-04",
            "price": "30.31",
            "revenue": 300260
        },
        "2014-05": {
            "month": "2014-05",
            "price": "29.14",
            "revenue": 325002
        },
        "2014-06": {
            "month": "2014-06",
            "price": "30.12",
            "revenue": 310836
        },
        "2014-07": {
            "month": "2014-07",
            "price": "27.85",
            "revenue": 389796
        },
        "2014-08": {
            "month": "2014-08",
            "price": "27.36",
            "revenue": 401751
        },
        "2014-09": {
            "month": "2014-09",
            "price": "28.15",
            "revenue": 465819
        },
        "2014-10": {
            "month": "2014-10",
            "price": "28.54",
            "revenue": 476064
        },
        "2014-11": {
            "month": "2014-11",
            "price": "28.60",
            "revenue": 433098
        },
        "2014-12": {
            "month": "2014-12",
            "price": "28.02",
            "revenue": 449034
        },
        "2015-01": {
            "month": "2015-01",
            "price": "28.82",
            "revenue": 311778
        },
        "2015-02": {
            "month": "2015-02",
            "price": "29.00",
            "revenue": 335144
        },
        "2015-03": {
            "month": "2015-03",
            "price": "29.15",
            "revenue": 414926
        },
        "2015-04": {
            "month": "2015-04",
            "price": "29.79",
            "revenue": 359411
        },
        "2015-05": {
            "month": "2015-05",
            "price": "29.24",
            "revenue": 305177
        },
        "2015-06": {
            "month": "2015-06",
            "price": "28.56",
            "revenue": 411569
        },
        "2015-07": {
            "month": "2015-07",
            "price": "27.51",
            "revenue": 373495
        },
        "2015-08": {
            "month": "2015-08",
            "price": "24.00",
            "revenue": 449579
        },
        "2015-09": {
            "month": "2015-09",
            "price": "24.12",
            "revenue": 418333
        },
        "2015-10": {
            "month": "2015-10",
            "price": "25.22",
            "revenue": 377475
        },
        "2015-11": {
            "month": "2015-11",
            "price": "25.42",
            "revenue": 291344
        },
        "2015-12": {
            "month": "2015-12",
            "price": "24.62",
            "revenue": 354698
        },
        "2016-01": {
            "month": "2016-01",
            "price": "24.00",
            "revenue": 319108
        },
        "2016-02": {
            "month": "2016-02",
            "price": "24.90",
            "revenue": 246142
        },
        "2016-03": {
            "month": "2016-03",
            "price": "26.73",
            "revenue": 410927
        },
        "2016-04": {
            "month": "2016-04",
            "price": "26.52",
            "revenue": 317528
        },
        "2016-05": {
            "month": "2016-05",
            "price": "25.88",
            "revenue": 308745
        },
        "2016-06": {
            "month": "2016-06",
            "price": "26.34",
            "revenue": 283572
        },
        "2016-07": {
            "month": "2016-07",
            "price": "24.97",
            "revenue": 300850
        },
        "2016-08": {
            "month": "2016-08",
            "price": "25.28",
            "revenue": 302832
        },
        "2016-09": {
            "month": "2016-09",
            "price": "25.32",
            "revenue": 491785
        },
        "2016-10": {
            "month": "2016-10",
            "price": "25.71",
            "revenue": 377356
        },
        "2016-11": {
            "month": "2016-11",
            "price": "26.42",
            "revenue": 448440
        },
        "2016-12": {
            "month": "2016-12",
            "price": "27.70",
            "revenue": 415233
        },
        "2017-01": {
            "month": "2017-01",
            "price": "28.03",
            "revenue": 424752
        },
        "2017-02": {
            "month": "2017-02",
            "price": "29.26",
            "revenue": 316270
        },
        "2017-03": {
            "month": "2017-03",
            "price": "32.11",
            "revenue": 338813
        },
        "2017-04": {
            "month": "2017-04",
            "price": "30.71",
            "revenue": 346927
        },
        "2017-05": {
            "month": "2017-05",
            "price": "31.41",
            "revenue": 295723
        },
        "2017-06": {
            "month": "2017-06",
            "price": "31.20",
            "revenue": 309414
        },
        "2017-07": {
            "month": "2017-07",
            "price": "29.46",
            "revenue": 392420
        },
        "2017-08": {
            "month": "2017-08",
            "price": "29.81",
            "revenue": 386083
        },
        "2017-09": {
            "month": "2017-09",
            "price": "35.37",
            "revenue": 337749
        },
        "2017-10": {
            "month": "2017-10",
            "price": "34.72",
            "revenue": 369557
        },
        "2017-11": {
            "month": "2017-11",
            "price": "34.68",
            "revenue": 334122
        },
        "2017-12": {
            "month": "2017-12",
            "price": "35.05",
            "revenue": 349280
        },
        "2018-01": {
            "month": "2018-01",
            "price": "36.59",
            "revenue": 399302
        },
        "2018-02": {
            "month": "2018-02",
            "price": "35.71",
            "revenue": 297730
        },
        "2018-03": {
            "month": "2018-03",
            "price": "36.69",
            "revenue": 606798
        },
        "2018-04": {
            "month": "2018-04",
            "price": "40.09",
            "revenue": 274728
        },
        "2018-05": {
            "month": "2018-05",
            "price": "40.65",
            "revenue": 341931
        },
        "2018-06": {
            "month": "2018-06",
            "price": "40.73",
            "revenue": 402274
        },
        "2018-07": {
            "month": "2018-07",
            "price": "39.69",
            "revenue": 350386
        },
        "2018-08": {
            "month": "2018-08",
            "price": "40.42",
            "revenue": 304614
        },
        "2018-09": {
            "month": "2018-09",
            "price": "38.53",
            "revenue": 364661
        },
        "2018-10": {
            "month": "2018-10",
            "price": "37.08",
            "revenue": 431265
        },
        "2018-11": {
            "month": "2018-11",
            "price": "37.61",
            "revenue": 371757
        },
        "2018-12": {
            "month": "2018-12",
            "price": "38.06",
            "revenue": 502996
        },
        "2019-01": {
            "month": "2019-01",
            "price": "40.51",
            "revenue": 491483
        },
        "2019-02": {
            "month": "2019-02",
            "price": "43.13",
            "revenue": 457778
        },
        "2019-03": {
            "month": "2019-03",
            "price": "54.29",
            "revenue": 443369
        },
        "2019-04": {
            "month": "2019-04",
            "price": "56.88",
            "revenue": 311642
        },
        "2019-05": {
            "month": "2019-05",
            "price": "53.10",
            "revenue": 399329
        },
        "2019-06": {
            "month": "2019-06",
            "price": "53.23",
            "revenue": 490554
        },
        "2019-07": {
            "month": "2019-07",
            "price": "51.83",
            "revenue": 402523
        },
        "2019-08": {
            "month": "2019-08",
            "price": "52.36",
            "revenue": 381654
        },
        "2019-09": {
            "month": "2019-09",
            "price": "51.83",
            "revenue": 559769
        },
        "2019-10": {
            "month": "2019-10",
            "price": "54.71",
            "revenue": 429924
        },
        "2019-11": {
            "month": "2019-11",
            "price": "53.09",
            "revenue": 500176
        },
        "2019-12": {
            "month": "2019-12",
            "price": "53.43",
            "revenue": 653231
        },
        "2020-01": {
            "month": "2020-01",
            "price": "54.62",
            "revenue": 508996
        },
        "2020-02": {
            "month": "2020-02",
            "price": "54.59",
            "revenue": 359967
        },
        "2020-03": {
            "month": "2020-03",
            "price": "56.33",
            "revenue": 438798
        },
        "2020-04": {
            "month": "2020-04",
            "price": "58.33",
            "revenue": 431961
        },
        "2020-05": {
            "month": "2020-05",
            "price": "64.66",
            "revenue": 409741
        },
        "2020-06": {
            "month": "2020-06",
            "price": "71.18",
            "revenue": 484621
        },
        "2020-07": {
            "month": "2020-07",
            "price": "66.38",
            "revenue": 409428
        },
        "2020-08": {
            "month": "2020-08",
            "price": "63.47",
            "revenue": 415801
        },
        "2020-09": {
            "month": "2020-09",
            "price": "62.11",
            "revenue": 509566
        },
        "2020-10": {
            "month": "2020-10",
            "price": "63.46",
            "revenue": 483706
        },
        "2020-11": {
            "month": "2020-11",
            "price": "66.54",
            "revenue": 503534
        },
        "2020-12": {
            "month": "2020-12",
            "price": "66.19",
            "revenue": 586692
        },
        "2021-01": {
            "month": "2021-01",
            "price": "67.31",
            "revenue": 526196
        },
        "2021-02": {
            "month": "2021-02",
            "price": "68.05",
            "revenue": 388232
        },
        "2021-03": {
            "month": "2021-03",
            "price": "70.30",
            "revenue": 529913
        },
        "2021-04": {
            "month": "2021-04",
            "price": "71.31",
            "revenue": 459133
        },
        "2021-05": {
            "month": "2021-05",
            "price": "69.30",
            "revenue": 526939
        },
        "2021-06": {
            "month": "2021-06",
            "price": "70.23",
            "revenue": 532544
        },
        "2021-07": {
            "month": "2021-07",
            "price": "68.24",
            "revenue": 526448
        },
        "2021-08": {
            "month": "2021-08",
            "price": "68.16",
            "revenue": 542860
        },
        "2021-09": {
            "month": "2021-09",
            "price": "68.86",
            "revenue": 558759
        },
        "2021-10": {
            "month": "2021-10",
            "price": "70.05",
            "revenue": 542715
        },
        "2021-11": {
            "month": "2021-11",
            "price": "71.60",
            "revenue": 538413
        },
        "2021-12": {
            "month": "2021-12",
            "price": "72.48",
            "revenue": 907402
        },
        "2022-01": {
            "month": "2022-01",
            "price": "78.41",
            "revenue": 554797
        },
        "2022-02": {
            "month": "2022-02",
            "price": "83.81",
            "revenue": 471041
        },
        "2022-03": {
            "month": "2022-03",
            "price": "93.37",
            "revenue": 548405
        },
        "2022-04": {
            "month": "2022-04",
            "price": "91.18",
            "revenue": 528269
        },
        "2022-05": {
            "month": "2022-05",
            "price": "90.66",
            "revenue": 528636
        },
        "2022-06": {
            "month": "2022-06",
            "price": "89.18",
            "revenue": 585419
        },
        "2022-07": {
            "month": "2022-07",
            "price": "81.78",
            "revenue": 512430
        },
        "2022-08": {
            "month": "2022-08",
            "price": "86.32",
            "revenue": 576222
        },
        "2022-09": {
            "month": "2022-09",
            "price": "81.73",
            "revenue": 565423
        },
        "2022-10": {
            "month": "2022-10",
            "price": "78.44",
            "revenue": 561195
        },
        "2022-11": {
            "month": "2022-11",
            "price": "79.39",
            "revenue": 588138
        },
        "2022-12": {
            "month": "2022-12",
            "price": "82.80",
            "revenue": 709020
        },
        "2023-01": {
            "month": "2023-01",
            "price": "84.52",
            "revenue": 576773
        },
        "2023-02": {
            "month": "2023-02",
            "price": "87.05",
            "revenue": 574325
        },
        "2023-03": {
            "month": "2023-03",
            "price": "96.02",
            "revenue": 565094
        },
        "2023-04": {
            "month": "2023-04",
            "price": "98.96",
            "revenue": 603956
        },
        "2023-05": {
            "month": "2023-05",
            "price": "113.11",
            "revenue": 659091
        },
        "2023-06": {
            "month": "2023-06",
            "price": "117.40",
            "revenue": 631321
        },
        "2023-07": {
            "month": "2023-07",
            "price": "119.36",
            "revenue": 533226
        },
        "2023-08": {
            "month": "2023-08",
            "price": "114.98",
            "revenue": 586233
        },
        "2023-09": {
            "month": "2023-09",
            "price": "115.45",
            "revenue": 569408
        },
        "2023-10": {
            "month": "2023-10",
            "price": "114.75",
            "revenue": 723077
        },
        "2023-11": {
            "month": "2023-11",
            "price": "120.16",
            "revenue": 527406
        },
        "2023-12": {
            "month": "2023-12",
            "price": "121.38",
            "revenue": 720952
        }
    }
}
