{
    "summary": {
        "stock_name": "強茂",
        "stock_id": "2481",
        "category": "半導體",
        "main_business": "整流二極體之生產製造,銷售及進出口業務<br>突波抑制器之生產製造,銷售及進出口業務<br>一般精密電子材料及零組件之製造加工配置買賣進出口業務",
        "website_url": "http://www.panjit.com.tw",
        "ceo": "方敏清",
        "pe_ratio": 20,
        "report_year_from": 2001,
        "report_year_to": 2023,
        "age": 22,
        "eps_negative_percentage": 17,
        "eps_growth_avg": {
            "last_all": 2.74,
            "last_2y": 53.49,
            "last_4y": 30.78,
            "last_8y": 22.86,
            "last_12y": 17.78,
            "last_16y": 9.93,
            "last_20y": 2.74,
            "at_2006_last_3y": 10.3,
            "at_2007_last_3y": -11.12,
            "at_2008_last_3y": -16.28,
            "at_2009_last_3y": -7.73,
            "at_2010_last_3y": -7.73,
            "at_2011_last_3y": -32.17,
            "at_2012_last_3y": -21.31,
            "at_2013_last_3y": 0,
            "at_2014_last_3y": -100,
            "at_2015_last_3y": 100,
            "at_2016_last_3y": 68.44,
            "at_2017_last_3y": 12.3,
            "at_2018_last_3y": 12.3,
            "at_2019_last_3y": -33.49,
            "at_2020_last_3y": -19.51,
            "at_2021_last_3y": 47.15,
            "at_2022_last_3y": 30.78,
            "at_2023_last_3y": 30.78,
            "at_2006_last_all": 3.48,
            "at_2007_last_all": 2.53,
            "at_2008_last_all": -7.08,
            "at_2009_last_all": -14.19,
            "at_2010_last_all": -1.5,
            "at_2011_last_all": -11.35,
            "at_2012_last_all": -11.35,
            "at_2013_last_all": -11.35,
            "at_2014_last_all": -11.35,
            "at_2015_last_all": -1.23,
            "at_2016_last_all": 1.95,
            "at_2017_last_all": -5.89,
            "at_2018_last_all": -5.89,
            "at_2019_last_all": -8.14,
            "at_2020_last_all": -2.34,
            "at_2021_last_all": 4.05,
            "at_2022_last_all": 2.74,
            "at_2023_last_all": 2.74
        },
        "latest_eps": 3.34,
        "latest_price": 68.2,
        "latest_roe": 9.71,
        "latest_gross_margin": 24.74,
        "latest_equity": 13899586,
        "latest_revenue": 2862434,
        "latest_gross_profit": 708258,
        "latest_net_income": 154983,
        "latest_debt_ratio": 50.71,
        "latest_current_ratio": 166.06,
        "latest_account_receivable_turnover_ratio": 0.75,
        "latest_inventory_turnover_ratio": 0.57,
        "latest_reinvestment_rate": 104.2,
        "latest_research_to_sale_ratio": 7.29
    },
    "eps_dividends": {
        "1997": {
            "cash": 0,
            "stock": 7,
            "eps": 0
        },
        "1998": {
            "cash": 0,
            "stock": 3,
            "eps": 0
        },
        "2000": {
            "cash": 0,
            "stock": 3,
            "eps": 0
        },
        "2001": {
            "cash": 0.5,
            "stock": 3,
            "eps": 2.06
        },
        "2002": {
            "cash": 1.5,
            "stock": 1.5,
            "eps": 1.57
        },
        "2003": {
            "cash": 0.3,
            "stock": 0.7,
            "eps": 2.88
        },
        "2004": {
            "cash": 0.3,
            "stock": 1.2,
            "eps": 1.61
        },
        "2005": {
            "cash": 0.2,
            "stock": 1,
            "eps": 0.03
        },
        "2006": {
            "cash": 0,
            "stock": 0,
            "eps": 1.77
        },
        "2007": {
            "cash": 0.49,
            "stock": 0.69,
            "eps": 1.73
        },
        "2008": {
            "cash": 0.2,
            "stock": 1.3,
            "eps": 0.61
        },
        "2009": {
            "cash": 0.4,
            "stock": 0,
            "eps": 0.22
        },
        "2010": {
            "cash": 0,
            "stock": 0,
            "eps": 3.22
        },
        "2011": {
            "cash": 1.2,
            "stock": 0,
            "eps": -1.45
        },
        "2012": {
            "cash": 0,
            "stock": 0,
            "eps": -1.75
        },
        "2013": {
            "cash": 0,
            "stock": 0,
            "eps": -0.73
        },
        "2014": {
            "cash": 0,
            "stock": 0,
            "eps": 0.29
        },
        "2015": {
            "cash": 0.2,
            "stock": 0,
            "eps": 1.22
        },
        "2016": {
            "cash": 0.9,
            "stock": 0,
            "eps": 1.67
        },
        "2017": {
            "cash": 1,
            "stock": 0,
            "eps": -0.92
        },
        "2018": {
            "cash": 0,
            "stock": 0,
            "eps": 2.41
        },
        "2019": {
            "cash": 0.5,
            "stock": 0,
            "eps": 1.51
        },
        "2020": {
            "cash": 1.05,
            "stock": 0,
            "eps": 2.7
        },
        "2021": {
            "cash": 1.5,
            "stock": 0,
            "eps": 5.62
        },
        "2022": {
            "cash": 3,
            "stock": 0,
            "eps": 4.59
        },
        "2023": {
            "cash": 3,
            "stock": 0,
            "eps": 0.34
        }
    },
    "dividends": {
        "1997-07-21": {
            "cash": 0,
            "stock": 7
        },
        "1998-03-28": {
            "cash": 0,
            "stock": 3
        },
        "2000-03-31": {
            "cash": 0,
            "stock": 3
        },
        "2001-04-24": {
            "cash": 0.5,
            "stock": 3
        },
        "2002-05-17": {
            "cash": 1.5,
            "stock": 1.5
        },
        "2003-03-17": {
            "cash": 0.3,
            "stock": 0.7
        },
        "2004-04-09": {
            "cash": 0.3,
            "stock": 1.2
        },
        "2005-04-25": {
            "cash": 0.2,
            "stock": 1
        },
        "2007-04-25": {
            "cash": 0.49,
            "stock": 0.69
        },
        "2008-04-09": {
            "cash": 0.2,
            "stock": 1.3
        },
        "2009-04-22": {
            "cash": 0.4,
            "stock": 0
        },
        "2011-04-18": {
            "cash": 1.2,
            "stock": 0
        },
        "2015-08-28": {
            "cash": 0.2,
            "stock": 0
        },
        "2016-08-05": {
            "cash": 0.9,
            "stock": 0
        },
        "2017-08-18": {
            "cash": 1,
            "stock": 0
        },
        "2019-08-02": {
            "cash": 0.5,
            "stock": 0
        },
        "2020-08-12": {
            "cash": 1.05,
            "stock": 0
        },
        "2021-09-03": {
            "cash": 1.5,
            "stock": 0
        },
        "2022-08-01": {
            "cash": 3,
            "stock": 0
        },
        "2023-03-10": {
            "cash": 3,
            "stock": 0
        }
    },
    "prices": {
        "200101": "無",
        "200102": "無",
        "200103": "無",
        "200104": "無",
        "200105": "無",
        "200106": "無",
        "200107": "無",
        "200108": "無",
        "200109": "22.22",
        "200110": "22.38",
        "200111": "31.39",
        "200112": "36.77",
        "200201": "41.13",
        "200202": "40.79",
        "200203": "46.35",
        "200204": "46.46",
        "200205": "37.52",
        "200206": "32.28",
        "200207": "26.77",
        "200208": "24.03",
        "200209": "23.52",
        "200210": "24.77",
        "200211": "26.40",
        "200212": "25.95",
        "200301": "23.67",
        "200302": "22.98",
        "200303": "23.15",
        "200304": "25.94",
        "200305": "28.10",
        "200306": "34.52",
        "200307": "36.16",
        "200308": "33.47",
        "200309": "32.67",
        "200310": "32.91",
        "200311": "36.16",
        "200312": "35.43",
        "200401": "34.99",
        "200402": "34.90",
        "200403": "34.27",
        "200404": "36.74",
        "200405": "31.16",
        "200406": "27.32",
        "200407": "23.30",
        "200408": "23.28",
        "200409": "24.59",
        "200410": "23.06",
        "200411": "22.82",
        "200412": "20.97",
        "200501": "19.78",
        "200502": "19.37",
        "200503": "20.72",
        "200504": "19.84",
        "200505": "15.65",
        "200506": "17.69",
        "200507": "17.71",
        "200508": "14.83",
        "200509": "13.86",
        "200510": "11.79",
        "200511": "13.30",
        "200512": "16.07",
        "200601": "18.91",
        "200602": "17.86",
        "200603": "16.67",
        "200604": "17.69",
        "200605": "16.66",
        "200606": "13.07",
        "200607": "13.85",
        "200608": "14.29",
        "200609": "14.08",
        "200610": "16.47",
        "200611": "18.10",
        "200612": "20.27",
        "200701": "22.81",
        "200702": "27.24",
        "200703": "30.45",
        "200704": "29.77",
        "200705": "31.78",
        "200706": "35.68",
        "200707": "47.41",
        "200708": "48.93",
        "200709": "50.17",
        "200710": "46.56",
        "200711": "32.42",
        "200712": "33.81",
        "200801": "31.01",
        "200802": "26.02",
        "200803": "28.01",
        "200804": "31.74",
        "200805": "32.91",
        "200806": "26.62",
        "200807": "21.49",
        "200808": "21.54",
        "200809": "17.79",
        "200810": "15.24",
        "200811": "11.76",
        "200812": "10.94",
        "200901": "12.26",
        "200902": "12.05",
        "200903": "14.95",
        "200904": "17.34",
        "200905": "17.55",
        "200906": "17.82",
        "200907": "20.35",
        "200908": "19.46",
        "200909": "19.56",
        "200910": "22.64",
        "200911": "24.55",
        "200912": "26.61",
        "201001": "27.31",
        "201002": "26.84",
        "201003": "29.92",
        "201004": "32.96",
        "201005": "30.06",
        "201006": "30.32",
        "201007": "31.16",
        "201008": "31.47",
        "201009": "34.70",
        "201010": "38.28",
        "201011": "34.41",
        "201012": "37.45",
        "201101": "39.04",
        "201102": "40.55",
        "201103": "39.82",
        "201104": "38.62",
        "201105": "36.00",
        "201106": "33.04",
        "201107": "29.94",
        "201108": "21.95",
        "201109": "17.05",
        "201110": "17.28",
        "201111": "14.59",
        "201112": "13.82",
        "201201": "15.57",
        "201202": "19.05",
        "201203": "17.21",
        "201204": "13.42",
        "201205": "12.75",
        "201206": "11.95",
        "201207": "11.85",
        "201208": "11.53",
        "201209": "12.05",
        "201210": "10.91",
        "201211": "10.05",
        "201212": "10.86",
        "201301": "11.52",
        "201302": "11.48",
        "201303": "11.87",
        "201304": "10.74",
        "201305": "11.60",
        "201306": "11.81",
        "201307": "11.71",
        "201308": "10.81",
        "201309": "11.56",
        "201310": "12.39",
        "201311": "13.10",
        "201312": "13.44",
        "201401": "15.21",
        "201402": "15.15",
        "201403": "15.56",
        "201404": "14.58",
        "201405": "15.28",
        "201406": "16.03",
        "201407": "15.95",
        "201408": "14.53",
        "201409": "13.85",
        "201410": "12.80",
        "201411": "12.26",
        "201412": "13.38",
        "201501": "14.70",
        "201502": "14.27",
        "201503": "14.86",
        "201504": "14.23",
        "201505": "12.49",
        "201506": "11.02",
        "201507": "10.89",
        "201508": "9.36",
        "201509": "9.53",
        "201510": "12.55",
        "201511": "13.55",
        "201512": "14.77",
        "201601": "13.54",
        "201602": "13.54",
        "201603": "17.58",
        "201604": "17.06",
        "201605": "16.66",
        "201606": "16.87",
        "201607": "16.07",
        "201608": "16.56",
        "201609": "16.28",
        "201610": "15.30",
        "201611": "14.47",
        "201612": "15.71",
        "201701": "16.64",
        "201702": "17.20",
        "201703": "17.27",
        "201704": "17.26",
        "201705": "17.44",
        "201706": "18.48",
        "201707": "18.17",
        "201708": "20.38",
        "201709": "22.62",
        "201710": "27.10",
        "201711": "29.25",
        "201712": "28.64",
        "201801": "36.72",
        "201802": "35.23",
        "201803": "41.60",
        "201804": "51.04",
        "201805": "53.67",
        "201806": "59.50",
        "201807": "50.74",
        "201808": "40.67",
        "201809": "34.86",
        "201810": "25.16",
        "201811": "25.19",
        "201812": "27.37",
        "201901": "27.49",
        "201902": "30.39",
        "201903": "27.38",
        "201904": "28.38",
        "201905": "24.98",
        "201906": "25.18",
        "201907": "26.41",
        "201908": "26.00",
        "201909": "28.95",
        "201910": "28.25",
        "201911": "27.09",
        "201912": "26.61",
        "202001": "27.00",
        "202002": "24.44",
        "202003": "20.10",
        "202004": "21.74",
        "202005": "24.42",
        "202006": "28.47",
        "202007": "28.70",
        "202008": "33.82",
        "202009": "36.50",
        "202010": "37.71",
        "202011": "40.10",
        "202012": "46.65",
        "202101": "53.41",
        "202102": "52.17",
        "202103": "53.03",
        "202104": "58.73",
        "202105": "47.79",
        "202106": "64.51",
        "202107": "101.34",
        "202108": "105.05",
        "202109": "94.06",
        "202110": "95.47",
        "202111": "106.01",
        "202112": "108.05",
        "202201": "94.28",
        "202202": "103.63",
        "202203": "100.43",
        "202204": "86.88",
        "202205": "79.69",
        "202206": "74.10",
        "202207": "60.05",
        "202208": "68.00",
        "202209": "63.95",
        "202210": "54.31",
        "202211": "59.26",
        "202212": "62.39",
        "202301": "62.29",
        "202302": "67.48",
        "202303": "69.77",
        "202304": "69.06",
        "202305": "67.11",
        "202306": "69.89"
    },
    "quarters": {
        "20011": {
            "year_quarter": 20011,
            "year": 2001,
            "quarter": 1,
            "eps": 0.75,
            "eps_growth_year": -50.33,
            "eps_4q": 4.11,
            "eps_4q_growth_year": -19.51,
            "roe": 2.99,
            "roe_4q": 2.99,
            "gross_profit": 121366,
            "gross_margin": 28.2,
            "gross_margin_4q_avg": 28.2,
            "net_income": 56516,
            "revenue": 430438,
            "common_shares": 748218,
            "book_valuer_per_share": 25.64,
            "book_valuer_per_share_4q_avg": 25.64,
            "equity": 1918226,
            "current_ratio": 164.83,
            "debt_ratio": 37.69,
            "inventory_turnover_ratio": 0.45,
            "account_receivable_turnover_ratio": null,
            "reinvestment_rate": null,
            "research_to_sale_ratio": null,
            "price_fair": 0,
            "eps_avg_yearly": 0,
            "eps_latest_yearly": 0,
            "eps_growth_yearly": 0
        },
        "20012": {
            "year_quarter": 20012,
            "year": 2001,
            "quarter": 2,
            "eps": 0.47,
            "eps_growth_year": -65.69,
            "eps_4q": 3.36,
            "eps_4q_growth_year": -28.58,
            "roe": 1.81,
            "roe_4q": 4.800000000000001,
            "gross_profit": 78325,
            "gross_margin": 21.59,
            "gross_margin_4q_avg": 24.9,
            "net_income": 34943,
            "revenue": 362760,
            "common_shares": 748218,
            "book_valuer_per_share": 25.87,
            "book_valuer_per_share_4q_avg": 25.76,
            "equity": 1935501,
            "current_ratio": 195.05,
            "debt_ratio": 51.27,
            "inventory_turnover_ratio": 0.42,
            "account_receivable_turnover_ratio": null,
            "reinvestment_rate": null,
            "research_to_sale_ratio": null,
            "price_fair": 0,
            "eps_avg_yearly": 0,
            "eps_latest_yearly": 0,
            "eps_growth_yearly": 0
        },
        "20013": {
            "year_quarter": 20013,
            "year": 2001,
            "quarter": 3,
            "eps": 0.36,
            "eps_growth_year": -71.88,
            "eps_4q": 1.99,
            "eps_4q_growth_year": -61.15,
            "roe": 1.8,
            "roe_4q": 6.6000000000000005,
            "gross_profit": 88382,
            "gross_margin": 20.17,
            "gross_margin_4q_avg": 23.32,
            "net_income": 35077,
            "revenue": 438285,
            "common_shares": 984683,
            "book_valuer_per_share": 19.9,
            "book_valuer_per_share_4q_avg": 23.8,
            "equity": 1959688,
            "current_ratio": 200.71,
            "debt_ratio": 51.92,
            "inventory_turnover_ratio": 0.55,
            "account_receivable_turnover_ratio": null,
            "reinvestment_rate": null,
            "research_to_sale_ratio": null,
            "price_fair": 0,
            "eps_avg_yearly": 0,
            "eps_latest_yearly": 0,
            "eps_growth_yearly": 0
        },
        "20014": {
            "year_quarter": 20014,
            "year": 2001,
            "quarter": 4,
            "eps": 0.48,
            "eps_growth_year": -48.94,
            "eps_4q": 1.76,
            "eps_4q_growth_year": -62.09,
            "roe": 2.39,
            "roe_4q": 8.99,
            "gross_profit": 101129,
            "gross_margin": 19.29,
            "gross_margin_4q_avg": 22.31,
            "net_income": 47626,
            "revenue": 524327,
            "common_shares": 984683,
            "book_valuer_per_share": 20.59,
            "book_valuer_per_share_4q_avg": 23,
            "equity": 2027719,
            "current_ratio": 177.63,
            "debt_ratio": 54.17,
            "inventory_turnover_ratio": 0.64,
            "account_receivable_turnover_ratio": null,
            "reinvestment_rate": null,
            "research_to_sale_ratio": null,
            "price_fair": 0,
            "eps_avg_yearly": 0,
            "eps_latest_yearly": 0,
            "eps_growth_yearly": 0
        },
        "20021": {
            "year_quarter": 20021,
            "year": 2002,
            "quarter": 1,
            "eps": 0.32,
            "eps_growth_year": -57.33,
            "eps_4q": 1.51,
            "eps_4q_growth_year": -63.28,
            "roe": 1.55,
            "roe_4q": 7.550000000000001,
            "gross_profit": 96920,
            "gross_margin": 18.94,
            "gross_margin_4q_avg": 20,
            "net_income": 31697,
            "revenue": 511618,
            "common_shares": 984683,
            "book_valuer_per_share": 20.93,
            "book_valuer_per_share_4q_avg": 21.82,
            "equity": 2061214,
            "current_ratio": 196.79,
            "debt_ratio": 52.01,
            "inventory_turnover_ratio": 0.62,
            "account_receivable_turnover_ratio": null,
            "reinvestment_rate": null,
            "research_to_sale_ratio": null,
            "price_fair": 3.84,
            "eps_avg_yearly": 1.28,
            "eps_latest_yearly": 1.28,
            "eps_growth_yearly": -133.33
        },
        "20022": {
            "year_quarter": 20022,
            "year": 2002,
            "quarter": 2,
            "eps": 0.28,
            "eps_growth_year": -40.43,
            "eps_4q": 1.29,
            "eps_4q_growth_year": -61.7,
            "roe": 1.55,
            "roe_4q": 7.29,
            "gross_profit": 107807,
            "gross_margin": 19.23,
            "gross_margin_4q_avg": 19.41,
            "net_income": 31854,
            "revenue": 560533,
            "common_shares": 984683,
            "book_valuer_per_share": 20.9,
            "book_valuer_per_share_4q_avg": 20.58,
            "equity": 2058093,
            "current_ratio": 210.93,
            "debt_ratio": 53.07,
            "inventory_turnover_ratio": 0.67,
            "account_receivable_turnover_ratio": null,
            "reinvestment_rate": null,
            "research_to_sale_ratio": null,
            "price_fair": 3.6,
            "eps_avg_yearly": 1.2,
            "eps_latest_yearly": 1.12,
            "eps_growth_yearly": -91.67
        },
        "20023": {
            "year_quarter": 20023,
            "year": 2002,
            "quarter": 3,
            "eps": 0.52,
            "eps_growth_year": 44.44,
            "eps_4q": 1.5,
            "eps_4q_growth_year": -24.56,
            "roe": 2.8,
            "roe_4q": 8.29,
            "gross_profit": 152570,
            "gross_margin": 26.06,
            "gross_margin_4q_avg": 20.88,
            "net_income": 58787,
            "revenue": 585526,
            "common_shares": 1138805,
            "book_valuer_per_share": 18.81,
            "book_valuer_per_share_4q_avg": 20.31,
            "equity": 2142538,
            "current_ratio": 193.66,
            "debt_ratio": 52.85,
            "inventory_turnover_ratio": 0.6,
            "account_receivable_turnover_ratio": null,
            "reinvestment_rate": null,
            "research_to_sale_ratio": null,
            "price_fair": 52.27,
            "eps_avg_yearly": 1.49,
            "eps_latest_yearly": 2.08,
            "eps_growth_yearly": 53.17
        },
        "20024": {
            "year_quarter": 20024,
            "year": 2002,
            "quarter": 4,
            "eps": 0.45,
            "eps_growth_year": -6.25,
            "eps_4q": 1.51,
            "eps_4q_growth_year": -13.72,
            "roe": 2.4,
            "roe_4q": 8.299999999999999,
            "gross_profit": 162639,
            "gross_margin": 25.74,
            "gross_margin_4q_avg": 22.49,
            "net_income": 51720,
            "revenue": 631807,
            "common_shares": 1138805,
            "book_valuer_per_share": 19.07,
            "book_valuer_per_share_4q_avg": 19.93,
            "equity": 2171811,
            "current_ratio": 183.15,
            "debt_ratio": 59.4,
            "inventory_turnover_ratio": 0.59,
            "account_receivable_turnover_ratio": null,
            "reinvestment_rate": 212.27,
            "research_to_sale_ratio": null,
            "price_fair": 54.95,
            "eps_avg_yearly": 1.57,
            "eps_latest_yearly": 1.8,
            "eps_growth_yearly": 26.42
        },
        "20031": {
            "year_quarter": 20031,
            "year": 2003,
            "quarter": 1,
            "eps": 0.56,
            "eps_growth_year": 75,
            "eps_4q": 1.81,
            "eps_4q_growth_year": 20.13,
            "roe": 2.92,
            "roe_4q": 9.670000000000002,
            "gross_profit": 151367,
            "gross_margin": 24.13,
            "gross_margin_4q_avg": 23.79,
            "net_income": 63717,
            "revenue": 627263,
            "common_shares": 1138805,
            "book_valuer_per_share": 19.19,
            "book_valuer_per_share_4q_avg": 19.49,
            "equity": 2185405,
            "current_ratio": 168.02,
            "debt_ratio": 53.42,
            "inventory_turnover_ratio": 0.58,
            "account_receivable_turnover_ratio": null,
            "reinvestment_rate": 77.09,
            "research_to_sale_ratio": null,
            "price_fair": 59.64,
            "eps_avg_yearly": 1.7,
            "eps_latest_yearly": 2.24,
            "eps_growth_yearly": 40.69
        },
        "20032": {
            "year_quarter": 20032,
            "year": 2003,
            "quarter": 2,
            "eps": 0.8,
            "eps_growth_year": 185.71,
            "eps_4q": 2.25,
            "eps_4q_growth_year": 74.87,
            "roe": 4.12,
            "roe_4q": 12.239999999999998,
            "gross_profit": 174250,
            "gross_margin": 25.15,
            "gross_margin_4q_avg": 25.27,
            "net_income": 96253,
            "revenue": 692718,
            "common_shares": 1244064,
            "book_valuer_per_share": 20.03,
            "book_valuer_per_share_4q_avg": 19.28,
            "equity": 2491289,
            "current_ratio": 205.37,
            "debt_ratio": 57.77,
            "inventory_turnover_ratio": 0.66,
            "account_receivable_turnover_ratio": null,
            "reinvestment_rate": 98.67,
            "research_to_sale_ratio": null,
            "price_fair": 68.37,
            "eps_avg_yearly": 1.95,
            "eps_latest_yearly": 3.2,
            "eps_growth_yearly": 62.48
        },
        "20033": {
            "year_quarter": 20033,
            "year": 2003,
            "quarter": 3,
            "eps": 0.87,
            "eps_growth_year": 67.31,
            "eps_4q": 2.57,
            "eps_4q_growth_year": 71.07,
            "roe": 4.15,
            "roe_4q": 13.59,
            "gross_profit": 163800,
            "gross_margin": 22.04,
            "gross_margin_4q_avg": 24.27,
            "net_income": 108216,
            "revenue": 743311,
            "common_shares": 1375305,
            "book_valuer_per_share": 19.81,
            "book_valuer_per_share_4q_avg": 19.53,
            "equity": 2724284,
            "current_ratio": 187,
            "debt_ratio": 55.22,
            "inventory_turnover_ratio": 0.69,
            "account_receivable_turnover_ratio": null,
            "reinvestment_rate": 90.76,
            "research_to_sale_ratio": null,
            "price_fair": 76,
            "eps_avg_yearly": 2.17,
            "eps_latest_yearly": 3.48,
            "eps_growth_yearly": 58.55
        },
        "20034": {
            "year_quarter": 20034,
            "year": 2003,
            "quarter": 4,
            "eps": 0.65,
            "eps_growth_year": 44.44,
            "eps_4q": 2.76,
            "eps_4q_growth_year": 82.3,
            "roe": 2.9,
            "roe_4q": 14.090000000000002,
            "gross_profit": 194486,
            "gross_margin": 25.26,
            "gross_margin_4q_avg": 24.15,
            "net_income": 82587,
            "revenue": 770058,
            "common_shares": 1408884,
            "book_valuer_per_share": 20.25,
            "book_valuer_per_share_4q_avg": 19.82,
            "equity": 2965218,
            "current_ratio": 164.28,
            "debt_ratio": 60.82,
            "inventory_turnover_ratio": 0.53,
            "account_receivable_turnover_ratio": null,
            "reinvestment_rate": 254.78,
            "research_to_sale_ratio": null,
            "price_fair": 77.88,
            "eps_avg_yearly": 2.23,
            "eps_latest_yearly": 2.6,
            "eps_growth_yearly": 38.59
        },
        "20041": {
            "year_quarter": 20041,
            "year": 2004,
            "quarter": 1,
            "eps": 0.7,
            "eps_growth_year": 25,
            "eps_4q": 2.7,
            "eps_4q_growth_year": 49.24,
            "roe": 3.3,
            "roe_4q": 14.469999999999999,
            "gross_profit": 175069,
            "gross_margin": 22.79,
            "gross_margin_4q_avg": 23.81,
            "net_income": 100322,
            "revenue": 768155,
            "common_shares": 1488252,
            "book_valuer_per_share": 20.88,
            "book_valuer_per_share_4q_avg": 20.24,
            "equity": 3107445,
            "current_ratio": 247.75,
            "debt_ratio": 55.25,
            "inventory_turnover_ratio": 0.53,
            "account_receivable_turnover_ratio": null,
            "reinvestment_rate": 86.3,
            "research_to_sale_ratio": null,
            "price_fair": 80.11,
            "eps_avg_yearly": 2.29,
            "eps_latest_yearly": 2.8,
            "eps_growth_yearly": 37.72
        },
        "20042": {
            "year_quarter": 20042,
            "year": 2004,
            "quarter": 2,
            "eps": 0.67,
            "eps_growth_year": -16.25,
            "eps_4q": 2.44,
            "eps_4q_growth_year": 8.63,
            "roe": 3.52,
            "roe_4q": 13.870000000000001,
            "gross_profit": 215791,
            "gross_margin": 23.66,
            "gross_margin_4q_avg": 23.44,
            "net_income": 110070,
            "revenue": 912140,
            "common_shares": 1489779,
            "book_valuer_per_share": 21.12,
            "book_valuer_per_share_4q_avg": 20.52,
            "equity": 3146831,
            "current_ratio": 131.29,
            "debt_ratio": 57.17,
            "inventory_turnover_ratio": 0.71,
            "account_receivable_turnover_ratio": null,
            "reinvestment_rate": 92.96,
            "research_to_sale_ratio": null,
            "price_fair": 81.48,
            "eps_avg_yearly": 2.33,
            "eps_latest_yearly": 2.68,
            "eps_growth_yearly": 32.24
        },
        "20043": {
            "year_quarter": 20043,
            "year": 2004,
            "quarter": 3,
            "eps": 1.19,
            "eps_growth_year": 36.78,
            "eps_4q": 2.98,
            "eps_4q_growth_year": 15.69,
            "roe": 6.02,
            "roe_4q": 15.74,
            "gross_profit": 247902,
            "gross_margin": 25.53,
            "gross_margin_4q_avg": 24.31,
            "net_income": 195268,
            "revenue": 970901,
            "common_shares": 1677190,
            "book_valuer_per_share": 19.92,
            "book_valuer_per_share_4q_avg": 20.54,
            "equity": 3340585,
            "current_ratio": 141.81,
            "debt_ratio": 57.16,
            "inventory_turnover_ratio": 0.69,
            "account_receivable_turnover_ratio": null,
            "reinvestment_rate": 95.66,
            "research_to_sale_ratio": null,
            "price_fair": 89.22,
            "eps_avg_yearly": 2.55,
            "eps_latest_yearly": 4.76,
            "eps_growth_yearly": 57.53
        },
        "20044": {
            "year_quarter": 20044,
            "year": 2004,
            "quarter": 4,
            "eps": -0.95,
            "eps_growth_year": -246.15,
            "eps_4q": 1.54,
            "eps_4q_growth_year": -44.24,
            "roe": -4.75,
            "roe_4q": 8.09,
            "gross_profit": 122896,
            "gross_margin": 13.96,
            "gross_margin_4q_avg": 21.49,
            "net_income": -155192,
            "revenue": 880253,
            "common_shares": 1677190,
            "book_valuer_per_share": 18.47,
            "book_valuer_per_share_4q_avg": 20.1,
            "equity": 3198536,
            "current_ratio": 123.33,
            "debt_ratio": 66.24,
            "inventory_turnover_ratio": 0.54,
            "account_receivable_turnover_ratio": null,
            "reinvestment_rate": 337.59,
            "research_to_sale_ratio": null,
            "price_fair": 89.22,
            "eps_avg_yearly": 2.55,
            "eps_latest_yearly": 4.76,
            "eps_growth_yearly": 57.53
        },
        "20051": {
            "year_quarter": 20051,
            "year": 2005,
            "quarter": 1,
            "eps": -0.06,
            "eps_growth_year": -108.57,
            "eps_4q": 0.88,
            "eps_4q_growth_year": -67.33,
            "roe": -0.3,
            "roe_4q": 4.49,
            "gross_profit": 74989,
            "gross_margin": 9.46,
            "gross_margin_4q_avg": 18.15,
            "net_income": -9554,
            "revenue": 792551,
            "common_shares": 1677190,
            "book_valuer_per_share": 18.36,
            "book_valuer_per_share_4q_avg": 19.47,
            "equity": 3079977,
            "current_ratio": 174.72,
            "debt_ratio": 56.72,
            "inventory_turnover_ratio": 0.52,
            "account_receivable_turnover_ratio": null,
            "reinvestment_rate": 123.26,
            "research_to_sale_ratio": null,
            "price_fair": 89.22,
            "eps_avg_yearly": 2.55,
            "eps_latest_yearly": 4.76,
            "eps_growth_yearly": 57.53
        },
        "20052": {
            "year_quarter": 20052,
            "year": 2005,
            "quarter": 2,
            "eps": -0.13,
            "eps_growth_year": -119.4,
            "eps_4q": 0.04,
            "eps_4q_growth_year": -98.32,
            "roe": -0.78,
            "roe_4q": 0.1899999999999995,
            "gross_profit": 97341,
            "gross_margin": 9.5,
            "gross_margin_4q_avg": 14.61,
            "net_income": -23649,
            "revenue": 1024383,
            "common_shares": 1677190,
            "book_valuer_per_share": 17.81,
            "book_valuer_per_share_4q_avg": 18.64,
            "equity": 2987081,
            "current_ratio": 131.32,
            "debt_ratio": 58.49,
            "inventory_turnover_ratio": 0.95,
            "account_receivable_turnover_ratio": null,
            "reinvestment_rate": 118.86,
            "research_to_sale_ratio": null,
            "price_fair": 89.22,
            "eps_avg_yearly": 2.55,
            "eps_latest_yearly": 4.76,
            "eps_growth_yearly": 57.53
        },
        "20053": {
            "year_quarter": 20053,
            "year": 2005,
            "quarter": 3,
            "eps": 0.08,
            "eps_growth_year": -93.28,
            "eps_4q": -1.02,
            "eps_4q_growth_year": -134.22,
            "roe": 0.45,
            "roe_4q": -5.38,
            "gross_profit": 188875,
            "gross_margin": 14.45,
            "gross_margin_4q_avg": 11.84,
            "net_income": 13722,
            "revenue": 1307128,
            "common_shares": 1849228,
            "book_valuer_per_share": 16.73,
            "book_valuer_per_share_4q_avg": 17.84,
            "equity": 3093085,
            "current_ratio": 144.68,
            "debt_ratio": 59.76,
            "inventory_turnover_ratio": 1.32,
            "account_receivable_turnover_ratio": null,
            "reinvestment_rate": 90.72,
            "research_to_sale_ratio": null,
            "price_fair": 89.22,
            "eps_avg_yearly": 2.55,
            "eps_latest_yearly": 4.76,
            "eps_growth_yearly": 57.53
        },
        "20054": {
            "year_quarter": 20054,
            "year": 2005,
            "quarter": 4,
            "eps": 0.14,
            "eps_growth_year": null,
            "eps_4q": 0.03,
            "eps_4q_growth_year": -97.98,
            "roe": 0.77,
            "roe_4q": 0.13999999999999996,
            "gross_profit": 202755,
            "gross_margin": 17.57,
            "gross_margin_4q_avg": 12.75,
            "net_income": 25049,
            "revenue": 1154294,
            "common_shares": 1847118,
            "book_valuer_per_share": 17.17,
            "book_valuer_per_share_4q_avg": 17.52,
            "equity": 3404347,
            "current_ratio": 144.47,
            "debt_ratio": 65.45,
            "inventory_turnover_ratio": 0.75,
            "account_receivable_turnover_ratio": null,
            "reinvestment_rate": 327.08,
            "research_to_sale_ratio": null,
            "price_fair": 83.42,
            "eps_avg_yearly": 2.38,
            "eps_latest_yearly": 0.56,
            "eps_growth_yearly": 77.73
        },
        "20061": {
            "year_quarter": 20061,
            "year": 2006,
            "quarter": 1,
            "eps": 0.1,
            "eps_growth_year": null,
            "eps_4q": 0.19,
            "eps_4q_growth_year": -78.99,
            "roe": 0.52,
            "roe_4q": 0.96,
            "gross_profit": 84657,
            "gross_margin": 9.96,
            "gross_margin_4q_avg": 12.87,
            "net_income": 17685,
            "revenue": 850250,
            "common_shares": 1941683,
            "book_valuer_per_share": 17.39,
            "book_valuer_per_share_4q_avg": 17.28,
            "equity": 3376894,
            "current_ratio": 226.65,
            "debt_ratio": 53.18,
            "inventory_turnover_ratio": 0.66,
            "account_receivable_turnover_ratio": null,
            "reinvestment_rate": 61.06,
            "research_to_sale_ratio": null,
            "price_fair": 80.85,
            "eps_avg_yearly": 2.31,
            "eps_latest_yearly": 0.4,
            "eps_growth_yearly": 79.32
        },
        "20062": {
            "year_quarter": 20062,
            "year": 2006,
            "quarter": 2,
            "eps": 0.47,
            "eps_growth_year": null,
            "eps_4q": 0.8,
            "eps_4q_growth_year": 1847.73,
            "roe": 2.38,
            "roe_4q": 4.12,
            "gross_profit": 131156,
            "gross_margin": 13.23,
            "gross_margin_4q_avg": 13.8,
            "net_income": 80858,
            "revenue": 991715,
            "common_shares": 1941683,
            "book_valuer_per_share": 17.63,
            "book_valuer_per_share_4q_avg": 17.23,
            "equity": 3422963,
            "current_ratio": 236.71,
            "debt_ratio": 49.23,
            "inventory_turnover_ratio": 1.57,
            "account_receivable_turnover_ratio": null,
            "reinvestment_rate": 51.09,
            "research_to_sale_ratio": null,
            "price_fair": 83.07,
            "eps_avg_yearly": 2.37,
            "eps_latest_yearly": 1.88,
            "eps_growth_yearly": 206.82
        },
        "20063": {
            "year_quarter": 20063,
            "year": 2006,
            "quarter": 3,
            "eps": 0.67,
            "eps_growth_year": 737.5,
            "eps_4q": 1.31,
            "eps_4q_growth_year": null,
            "roe": 3.69,
            "roe_4q": 7.359999999999999,
            "gross_profit": 204392,
            "gross_margin": 19.31,
            "gross_margin_4q_avg": 15.02,
            "net_income": 128714,
            "revenue": 1058669,
            "common_shares": 1956813,
            "book_valuer_per_share": 18.11,
            "book_valuer_per_share_4q_avg": 17.58,
            "equity": 3544334,
            "current_ratio": 184.44,
            "debt_ratio": 49.98,
            "inventory_turnover_ratio": 1.47,
            "account_receivable_turnover_ratio": null,
            "reinvestment_rate": 43.4,
            "research_to_sale_ratio": null,
            "price_fair": 84.82,
            "eps_avg_yearly": 2.42,
            "eps_latest_yearly": 2.68,
            "eps_growth_yearly": 192.43
        },
        "20064": {
            "year_quarter": 20064,
            "year": 2006,
            "quarter": 4,
            "eps": 0.53,
            "eps_growth_year": 278.57,
            "eps_4q": 1.73,
            "eps_4q_growth_year": 5444.23,
            "roe": 2.63,
            "roe_4q": 9.219999999999999,
            "gross_profit": 167180,
            "gross_margin": 16.36,
            "gross_margin_4q_avg": 14.72,
            "net_income": 100761,
            "revenue": 1022046,
            "common_shares": 1956813,
            "book_valuer_per_share": 19.6,
            "book_valuer_per_share_4q_avg": 18.18,
            "equity": 4103997,
            "current_ratio": 143.67,
            "debt_ratio": 59.96,
            "inventory_turnover_ratio": 0.67,
            "account_receivable_turnover_ratio": null,
            "reinvestment_rate": 240.93,
            "research_to_sale_ratio": null,
            "price_fair": 85.75,
            "eps_avg_yearly": 2.45,
            "eps_latest_yearly": 2.12,
            "eps_growth_yearly": 189.96
        },
        "20071": {
            "year_quarter": 20071,
            "year": 2007,
            "quarter": 1,
            "eps": 0.59,
            "eps_growth_year": 490,
            "eps_4q": 2.07,
            "eps_4q_growth_year": 1014.69,
            "roe": 2.94,
            "roe_4q": 11.64,
            "gross_profit": 133704,
            "gross_margin": 14.05,
            "gross_margin_4q_avg": 15.74,
            "net_income": 123895,
            "revenue": 951546,
            "common_shares": 2156985,
            "book_valuer_per_share": 19.99,
            "book_valuer_per_share_4q_avg": 18.83,
            "equity": 4312480,
            "current_ratio": 228.49,
            "debt_ratio": 38.62,
            "inventory_turnover_ratio": 0.61,
            "account_receivable_turnover_ratio": null,
            "reinvestment_rate": 44.67,
            "research_to_sale_ratio": null,
            "price_fair": 86.1,
            "eps_avg_yearly": 2.46,
            "eps_latest_yearly": 2.36,
            "eps_growth_yearly": 185.58
        },
        "20072": {
            "year_quarter": 20072,
            "year": 2007,
            "quarter": 2,
            "eps": 0.41,
            "eps_growth_year": -12.77,
            "eps_4q": 1.91,
            "eps_4q_growth_year": 139.68,
            "roe": 2.22,
            "roe_4q": 11.48,
            "gross_profit": 139506,
            "gross_margin": 13.4,
            "gross_margin_4q_avg": 15.78,
            "net_income": 96393,
            "revenue": 1040827,
            "common_shares": 2223249,
            "book_valuer_per_share": 19.65,
            "book_valuer_per_share_4q_avg": 19.34,
            "equity": 4368522,
            "current_ratio": 155.88,
            "debt_ratio": 41.42,
            "inventory_turnover_ratio": 1.16,
            "account_receivable_turnover_ratio": null,
            "reinvestment_rate": 39.79,
            "research_to_sale_ratio": null,
            "price_fair": 81.55,
            "eps_avg_yearly": 2.33,
            "eps_latest_yearly": 1.64,
            "eps_growth_yearly": 161.13
        },
        "20073": {
            "year_quarter": 20073,
            "year": 2007,
            "quarter": 3,
            "eps": 0.55,
            "eps_growth_year": -17.91,
            "eps_4q": 1.92,
            "eps_4q_growth_year": 45.86,
            "roe": 2.77,
            "roe_4q": 10.559999999999999,
            "gross_profit": 110813,
            "gross_margin": 9.28,
            "gross_margin_4q_avg": 13.27,
            "net_income": 129301,
            "revenue": 1194256,
            "common_shares": 2570544,
            "book_valuer_per_share": 19.38,
            "book_valuer_per_share_4q_avg": 19.66,
            "equity": 4981552,
            "current_ratio": 147.62,
            "debt_ratio": 36.05,
            "inventory_turnover_ratio": 1.34,
            "account_receivable_turnover_ratio": null,
            "reinvestment_rate": 40.8,
            "research_to_sale_ratio": null,
            "price_fair": 77.82,
            "eps_avg_yearly": 2.22,
            "eps_latest_yearly": 2.2,
            "eps_growth_yearly": 169.59
        },
        "20074": {
            "year_quarter": 20074,
            "year": 2007,
            "quarter": 4,
            "eps": 0.18,
            "eps_growth_year": -66.04,
            "eps_4q": 1.65,
            "eps_4q_growth_year": -4.43,
            "roe": 0.78,
            "roe_4q": 8.709999999999999,
            "gross_profit": 117359,
            "gross_margin": 10.34,
            "gross_margin_4q_avg": 11.77,
            "net_income": 42837,
            "revenue": 1134542,
            "common_shares": 2570544,
            "book_valuer_per_share": 20.44,
            "book_valuer_per_share_4q_avg": 19.87,
            "equity": 6004327,
            "current_ratio": 137.5,
            "debt_ratio": 54.94,
            "inventory_turnover_ratio": 0.62,
            "account_receivable_turnover_ratio": null,
            "reinvestment_rate": 215.5,
            "research_to_sale_ratio": null,
            "price_fair": 72.33,
            "eps_avg_yearly": 2.07,
            "eps_latest_yearly": 0.72,
            "eps_growth_yearly": 155.6
        },
        "20081": {
            "year_quarter": 20081,
            "year": 2008,
            "quarter": 1,
            "eps": 0.1,
            "eps_growth_year": -83.05,
            "eps_4q": 0.71,
            "eps_4q_growth_year": -65.52,
            "roe": 0.7,
            "roe_4q": 6.470000000000001,
            "gross_profit": 437830,
            "gross_margin": 15.21,
            "gross_margin_4q_avg": 12.06,
            "net_income": 41457,
            "revenue": 2878485,
            "common_shares": 2609951,
            "book_valuer_per_share": 19.06,
            "book_valuer_per_share_4q_avg": 19.63,
            "equity": 5809727,
            "current_ratio": 184.03,
            "debt_ratio": 54.88,
            "inventory_turnover_ratio": 1.05,
            "account_receivable_turnover_ratio": null,
            "reinvestment_rate": 423.8,
            "research_to_sale_ratio": null,
            "price_fair": 65.33,
            "eps_avg_yearly": 1.87,
            "eps_latest_yearly": 0.4,
            "eps_growth_yearly": 138.22
        },
        "20082": {
            "year_quarter": 20082,
            "year": 2008,
            "quarter": 2,
            "eps": 0.33,
            "eps_growth_year": -19.51,
            "eps_4q": 0.61,
            "eps_4q_growth_year": -68.25,
            "roe": 2.72,
            "roe_4q": 6.970000000000001,
            "gross_profit": 687230,
            "gross_margin": 21.14,
            "gross_margin_4q_avg": 13.99,
            "net_income": 161425,
            "revenue": 3251362,
            "common_shares": 2609951,
            "book_valuer_per_share": 19.36,
            "book_valuer_per_share_4q_avg": 19.56,
            "equity": 6040055,
            "current_ratio": 151.5,
            "debt_ratio": 58.29,
            "inventory_turnover_ratio": 1.17,
            "account_receivable_turnover_ratio": null,
            "reinvestment_rate": 393.76,
            "research_to_sale_ratio": null,
            "price_fair": 61.37,
            "eps_avg_yearly": 1.75,
            "eps_latest_yearly": 1.32,
            "eps_growth_yearly": 216.31
        },
        "20083": {
            "year_quarter": 20083,
            "year": 2008,
            "quarter": 3,
            "eps": 0.56,
            "eps_growth_year": 1.82,
            "eps_4q": 0.74,
            "eps_4q_growth_year": -61.48,
            "roe": 3.96,
            "roe_4q": 8.16,
            "gross_profit": 764534,
            "gross_margin": 13.21,
            "gross_margin_4q_avg": 14.98,
            "net_income": 252698,
            "revenue": 5789698,
            "common_shares": 2969670,
            "book_valuer_per_share": 18.92,
            "book_valuer_per_share_4q_avg": 19.45,
            "equity": 6712862,
            "current_ratio": 121.1,
            "debt_ratio": 59.47,
            "inventory_turnover_ratio": 2.18,
            "account_receivable_turnover_ratio": null,
            "reinvestment_rate": 378.63,
            "research_to_sale_ratio": null,
            "price_fair": 54.02,
            "eps_avg_yearly": 1.54,
            "eps_latest_yearly": 2.24,
            "eps_growth_yearly": 213.67
        },
        "20084": {
            "year_quarter": 20084,
            "year": 2008,
            "quarter": 4,
            "eps": -0.38,
            "eps_growth_year": -311.11,
            "eps_4q": 0.37,
            "eps_4q_growth_year": -77.36,
            "roe": -2.76,
            "roe_4q": 4.62,
            "gross_profit": 259490,
            "gross_margin": 17,
            "gross_margin_4q_avg": 16.64,
            "net_income": -183697,
            "revenue": 1526272,
            "common_shares": 3169670,
            "book_valuer_per_share": 17.59,
            "book_valuer_per_share_4q_avg": 18.73,
            "equity": 6585262,
            "current_ratio": 151.13,
            "debt_ratio": 57.35,
            "inventory_turnover_ratio": 0.55,
            "account_receivable_turnover_ratio": 1.14,
            "reinvestment_rate": 135.87,
            "research_to_sale_ratio": null,
            "price_fair": 54.02,
            "eps_avg_yearly": 1.54,
            "eps_latest_yearly": 2.24,
            "eps_growth_yearly": 213.67
        },
        "20091": {
            "year_quarter": 20091,
            "year": 2009,
            "quarter": 1,
            "eps": -0.52,
            "eps_growth_year": -620,
            "eps_4q": -0.04,
            "eps_4q_growth_year": -105.43,
            "roe": -3.01,
            "roe_4q": 0.9100000000000006,
            "gross_profit": 238966,
            "gross_margin": 12.8,
            "gross_margin_4q_avg": 16.04,
            "net_income": -198545,
            "revenue": 1867341,
            "common_shares": 3169670,
            "book_valuer_per_share": 17.46,
            "book_valuer_per_share_4q_avg": 18.33,
            "equity": 6620703,
            "current_ratio": 161.42,
            "debt_ratio": 54.2,
            "inventory_turnover_ratio": 0.79,
            "account_receivable_turnover_ratio": 0.79,
            "reinvestment_rate": 460.29,
            "research_to_sale_ratio": null,
            "price_fair": 54.02,
            "eps_avg_yearly": 1.54,
            "eps_latest_yearly": 2.24,
            "eps_growth_yearly": 213.67
        },
        "20092": {
            "year_quarter": 20092,
            "year": 2009,
            "quarter": 2,
            "eps": -0.03,
            "eps_growth_year": -109.09,
            "eps_4q": -0.38,
            "eps_4q_growth_year": -162.7,
            "roe": -1.38,
            "roe_4q": -3.1899999999999995,
            "gross_profit": 295648,
            "gross_margin": 12.07,
            "gross_margin_4q_avg": 13.77,
            "net_income": -90540,
            "revenue": 2448594,
            "common_shares": 3169670,
            "book_valuer_per_share": 16.68,
            "book_valuer_per_share_4q_avg": 17.66,
            "equity": 6534298,
            "current_ratio": 130.21,
            "debt_ratio": 54.22,
            "inventory_turnover_ratio": 1.16,
            "account_receivable_turnover_ratio": 1.06,
            "reinvestment_rate": 490.08,
            "research_to_sale_ratio": null,
            "price_fair": 54.02,
            "eps_avg_yearly": 1.54,
            "eps_latest_yearly": 2.24,
            "eps_growth_yearly": 213.67
        },
        "20093": {
            "year_quarter": 20093,
            "year": 2009,
            "quarter": 3,
            "eps": 0.27,
            "eps_growth_year": -51.79,
            "eps_4q": -0.72,
            "eps_4q_growth_year": -198.16,
            "roe": 1.14,
            "roe_4q": -6.01,
            "gross_profit": 635118,
            "gross_margin": 20.42,
            "gross_margin_4q_avg": 15.57,
            "net_income": 75024,
            "revenue": 3110919,
            "common_shares": 3169670,
            "book_valuer_per_share": 16.71,
            "book_valuer_per_share_4q_avg": 17.11,
            "equity": 6593824,
            "current_ratio": 140.45,
            "debt_ratio": 55.75,
            "inventory_turnover_ratio": 1.42,
            "account_receivable_turnover_ratio": 1.15,
            "reinvestment_rate": 397.85,
            "research_to_sale_ratio": null,
            "price_fair": 54.02,
            "eps_avg_yearly": 1.54,
            "eps_latest_yearly": 2.24,
            "eps_growth_yearly": 213.67
        },
        "20094": {
            "year_quarter": 20094,
            "year": 2009,
            "quarter": 4,
            "eps": 0.5,
            "eps_growth_year": null,
            "eps_4q": 0.22,
            "eps_4q_growth_year": -41.07,
            "roe": 1.53,
            "roe_4q": -1.7199999999999998,
            "gross_profit": 686160,
            "gross_margin": 23.73,
            "gross_margin_4q_avg": 17.26,
            "net_income": 103314,
            "revenue": 2892075,
            "common_shares": 3263353,
            "book_valuer_per_share": 17.53,
            "book_valuer_per_share_4q_avg": 17.1,
            "equity": 6947028,
            "current_ratio": 172.76,
            "debt_ratio": 54.73,
            "inventory_turnover_ratio": 1.26,
            "account_receivable_turnover_ratio": 1.78,
            "reinvestment_rate": 131.99,
            "research_to_sale_ratio": null,
            "price_fair": 58.22,
            "eps_avg_yearly": 1.66,
            "eps_latest_yearly": 2,
            "eps_growth_yearly": 217.07
        },
        "20101": {
            "year_quarter": 20101,
            "year": 2010,
            "quarter": 1,
            "eps": 0.53,
            "eps_growth_year": null,
            "eps_4q": 1.23,
            "eps_4q_growth_year": null,
            "roe": 2.42,
            "roe_4q": 3.71,
            "gross_profit": 693419,
            "gross_margin": 18.98,
            "gross_margin_4q_avg": 18.8,
            "net_income": 172279,
            "revenue": 3652753,
            "common_shares": 3317324,
            "book_valuer_per_share": 18.26,
            "book_valuer_per_share_4q_avg": 17.3,
            "equity": 7288525,
            "current_ratio": 150.54,
            "debt_ratio": 58.38,
            "inventory_turnover_ratio": 1.59,
            "account_receivable_turnover_ratio": 1.03,
            "reinvestment_rate": 386.05,
            "research_to_sale_ratio": 1.33,
            "price_fair": 63.23,
            "eps_avg_yearly": 1.81,
            "eps_latest_yearly": 2.12,
            "eps_growth_yearly": 228.59
        },
        "20102": {
            "year_quarter": 20102,
            "year": 2010,
            "quarter": 2,
            "eps": 0.92,
            "eps_growth_year": null,
            "eps_4q": 2.16,
            "eps_4q_growth_year": null,
            "roe": 4.09,
            "roe_4q": 9.18,
            "gross_profit": 805314,
            "gross_margin": 16.93,
            "gross_margin_4q_avg": 20.02,
            "net_income": 311411,
            "revenue": 4756601,
            "common_shares": 3317324,
            "book_valuer_per_share": 20.1,
            "book_valuer_per_share_4q_avg": 18.15,
            "equity": 7923001,
            "current_ratio": 150.77,
            "debt_ratio": 58.85,
            "inventory_turnover_ratio": 1.92,
            "account_receivable_turnover_ratio": 1.08,
            "reinvestment_rate": 377.75,
            "research_to_sale_ratio": 1.93,
            "price_fair": 68.48,
            "eps_avg_yearly": 1.96,
            "eps_latest_yearly": 3.68,
            "eps_growth_yearly": 129.79
        },
        "20103": {
            "year_quarter": 20103,
            "year": 2010,
            "quarter": 3,
            "eps": 1.31,
            "eps_growth_year": 385.97,
            "eps_4q": 3.06,
            "eps_4q_growth_year": null,
            "roe": 6.24,
            "roe_4q": 14.28,
            "gross_profit": 1228067,
            "gross_margin": 21.17,
            "gross_margin_4q_avg": 20.2,
            "net_income": 538265,
            "revenue": 5801103,
            "common_shares": 3706144,
            "book_valuer_per_share": 21.66,
            "book_valuer_per_share_4q_avg": 19.39,
            "equity": 9336545,
            "current_ratio": 137.37,
            "debt_ratio": 57.62,
            "inventory_turnover_ratio": 1.93,
            "account_receivable_turnover_ratio": 1.13,
            "reinvestment_rate": 363.66,
            "research_to_sale_ratio": 0.76,
            "price_fair": 75.95,
            "eps_avg_yearly": 2.17,
            "eps_latest_yearly": 5.24,
            "eps_growth_yearly": 129.73
        },
        "20104": {
            "year_quarter": 20104,
            "year": 2010,
            "quarter": 4,
            "eps": 0.46,
            "eps_growth_year": -8.03,
            "eps_4q": 3.07,
            "eps_4q_growth_year": 1297.5,
            "roe": 1.92,
            "roe_4q": 14.67,
            "gross_profit": 942190,
            "gross_margin": 16.96,
            "gross_margin_4q_avg": 18.51,
            "net_income": 178603,
            "revenue": 5554073,
            "common_shares": 3707271,
            "book_valuer_per_share": 21.5,
            "book_valuer_per_share_4q_avg": 20.38,
            "equity": 9263189,
            "current_ratio": 146.89,
            "debt_ratio": 55.41,
            "inventory_turnover_ratio": 1.68,
            "account_receivable_turnover_ratio": 1.09,
            "reinvestment_rate": 196.69,
            "research_to_sale_ratio": 2.24,
            "price_fair": 75.13,
            "eps_avg_yearly": 2.15,
            "eps_latest_yearly": 1.84,
            "eps_growth_yearly": 115.07
        },
        "20111": {
            "year_quarter": 20111,
            "year": 2011,
            "quarter": 1,
            "eps": 0.64,
            "eps_growth_year": 20.75,
            "eps_4q": 3.21,
            "eps_4q_growth_year": 162.34,
            "roe": 2.6,
            "roe_4q": 14.85,
            "gross_profit": 778735,
            "gross_margin": 15.17,
            "gross_margin_4q_avg": 17.56,
            "net_income": 258256,
            "revenue": 5133591,
            "common_shares": 3728548,
            "book_valuer_per_share": 22.66,
            "book_valuer_per_share_4q_avg": 21.48,
            "equity": 10571325,
            "current_ratio": 177.84,
            "debt_ratio": 55.83,
            "inventory_turnover_ratio": 1.28,
            "account_receivable_turnover_ratio": 0.91,
            "reinvestment_rate": 357.15,
            "research_to_sale_ratio": 1.6,
            "price_fair": 75.72,
            "eps_avg_yearly": 2.16,
            "eps_latest_yearly": 2.56,
            "eps_growth_yearly": 124.34
        },
        "20112": {
            "year_quarter": 20112,
            "year": 2011,
            "quarter": 2,
            "eps": 0.16,
            "eps_growth_year": -82.9,
            "eps_4q": 2.54,
            "eps_4q_growth_year": 17.57,
            "roe": -0.52,
            "roe_4q": 10.24,
            "gross_profit": 533141,
            "gross_margin": 13.41,
            "gross_margin_4q_avg": 16.68,
            "net_income": -55516,
            "revenue": 3976331,
            "common_shares": 3771501,
            "book_valuer_per_share": 21.81,
            "book_valuer_per_share_4q_avg": 21.91,
            "equity": 10592038,
            "current_ratio": 153.57,
            "debt_ratio": 56.21,
            "inventory_turnover_ratio": 0.92,
            "account_receivable_turnover_ratio": 0.6,
            "reinvestment_rate": 363.46,
            "research_to_sale_ratio": 2.34,
            "price_fair": 72.8,
            "eps_avg_yearly": 2.08,
            "eps_latest_yearly": 0.64,
            "eps_growth_yearly": 109.51
        },
        "20113": {
            "year_quarter": 20113,
            "year": 2011,
            "quarter": 3,
            "eps": 0.03,
            "eps_growth_year": -97.89,
            "eps_4q": 1.28,
            "eps_4q_growth_year": -58.02,
            "roe": -1.16,
            "roe_4q": 2.84,
            "gross_profit": 386837,
            "gross_margin": 13.06,
            "gross_margin_4q_avg": 14.65,
            "net_income": -127849,
            "revenue": 2961918,
            "common_shares": 3747856,
            "book_valuer_per_share": 22.99,
            "book_valuer_per_share_4q_avg": 22.24,
            "equity": 11443244,
            "current_ratio": 194.38,
            "debt_ratio": 55.86,
            "inventory_turnover_ratio": 0.69,
            "account_receivable_turnover_ratio": 0.43,
            "reinvestment_rate": 454.65,
            "research_to_sale_ratio": 3.26,
            "price_fair": 66.73,
            "eps_avg_yearly": 1.91,
            "eps_latest_yearly": 0.12,
            "eps_growth_yearly": 71.05
        },
        "20114": {
            "year_quarter": 20114,
            "year": 2011,
            "quarter": 4,
            "eps": -2.28,
            "eps_growth_year": -596.18,
            "eps_4q": -1.45,
            "eps_4q_growth_year": -147.25,
            "roe": -13.98,
            "roe_4q": -13.06,
            "gross_profit": 41616,
            "gross_margin": 1.33,
            "gross_margin_4q_avg": 10.74,
            "net_income": -1485618,
            "revenue": 3139362,
            "common_shares": 3719356,
            "book_valuer_per_share": 20.37,
            "book_valuer_per_share_4q_avg": 21.96,
            "equity": 9809758,
            "current_ratio": 156.39,
            "debt_ratio": 59.81,
            "inventory_turnover_ratio": 0.83,
            "account_receivable_turnover_ratio": 0.5,
            "reinvestment_rate": 534.9,
            "research_to_sale_ratio": 2.75,
            "price_fair": 70.51,
            "eps_avg_yearly": 2.01,
            "eps_latest_yearly": 0.12,
            "eps_growth_yearly": 101.97
        },
        "20121": {
            "year_quarter": 20121,
            "year": 2012,
            "quarter": 1,
            "eps": -0.41,
            "eps_growth_year": -164.06,
            "eps_4q": -2.51,
            "eps_4q_growth_year": -178.03,
            "roe": -2.9,
            "roe_4q": -18.56,
            "gross_profit": 275095,
            "gross_margin": 9.46,
            "gross_margin_4q_avg": 9.32,
            "net_income": -278033,
            "revenue": 2906937,
            "common_shares": 3719356,
            "book_valuer_per_share": 19.72,
            "book_valuer_per_share_4q_avg": 21.22,
            "equity": 9375647,
            "current_ratio": 172.77,
            "debt_ratio": 60.48,
            "inventory_turnover_ratio": 0.76,
            "account_receivable_turnover_ratio": 0.54,
            "reinvestment_rate": 636.34,
            "research_to_sale_ratio": 2.93,
            "price_fair": 76.16,
            "eps_avg_yearly": 2.18,
            "eps_latest_yearly": 0.12,
            "eps_growth_yearly": 129.94
        },
        "20122": {
            "year_quarter": 20122,
            "year": 2012,
            "quarter": 2,
            "eps": -0.22,
            "eps_growth_year": -238.85,
            "eps_4q": -2.89,
            "eps_4q_growth_year": -213.86,
            "roe": -2.37,
            "roe_4q": -20.41,
            "gross_profit": 350641,
            "gross_margin": 10.85,
            "gross_margin_4q_avg": 8.68,
            "net_income": -219125,
            "revenue": 3230468,
            "common_shares": 3719356,
            "book_valuer_per_share": 19.52,
            "book_valuer_per_share_4q_avg": 20.65,
            "equity": 9147169,
            "current_ratio": 172.78,
            "debt_ratio": 61.69,
            "inventory_turnover_ratio": 0.88,
            "account_receivable_turnover_ratio": 0.63,
            "reinvestment_rate": 887.41,
            "research_to_sale_ratio": 3.18,
            "price_fair": 79.49,
            "eps_avg_yearly": 2.27,
            "eps_latest_yearly": 0.12,
            "eps_growth_yearly": 42.16
        },
        "20123": {
            "year_quarter": 20123,
            "year": 2012,
            "quarter": 3,
            "eps": -0.27,
            "eps_growth_year": -1074.68,
            "eps_4q": -3.18,
            "eps_4q_growth_year": -348.01,
            "roe": -2.58,
            "roe_4q": -21.83,
            "gross_profit": 280316,
            "gross_margin": 8.68,
            "gross_margin_4q_avg": 7.58,
            "net_income": -231378,
            "revenue": 3229794,
            "common_shares": 3719356,
            "book_valuer_per_share": 19.17,
            "book_valuer_per_share_4q_avg": 19.7,
            "equity": 8770852,
            "current_ratio": 160.98,
            "debt_ratio": 63.84,
            "inventory_turnover_ratio": 0.95,
            "account_receivable_turnover_ratio": 0.67,
            "reinvestment_rate": 3905.22,
            "research_to_sale_ratio": 2.71,
            "price_fair": 51.37,
            "eps_avg_yearly": 2.28,
            "eps_latest_yearly": 0.12,
            "eps_growth_yearly": 12.58
        },
        "20124": {
            "year_quarter": 20124,
            "year": 2012,
            "quarter": 4,
            "eps": -0.85,
            "eps_growth_year": null,
            "eps_4q": -1.75,
            "eps_4q_growth_year": null,
            "roe": -5.23,
            "roe_4q": -13.08,
            "gross_profit": 306732,
            "gross_margin": 9.11,
            "gross_margin_4q_avg": 9.53,
            "net_income": -446963,
            "revenue": 3368468,
            "common_shares": 3719356,
            "book_valuer_per_share": 18.3,
            "book_valuer_per_share_4q_avg": 19.18,
            "equity": 8321548,
            "current_ratio": 156.55,
            "debt_ratio": 64.03,
            "inventory_turnover_ratio": 1.13,
            "account_receivable_turnover_ratio": 0.73,
            "reinvestment_rate": 56184.96,
            "research_to_sale_ratio": 2.42,
            "price_fair": 51.37,
            "eps_avg_yearly": 2.28,
            "eps_latest_yearly": 0.12,
            "eps_growth_yearly": 12.58
        },
        "20131": {
            "year_quarter": 20131,
            "year": 2013,
            "quarter": 1,
            "eps": -0.25,
            "eps_growth_year": null,
            "eps_4q": -1.59,
            "eps_4q_growth_year": null,
            "roe": -2.62,
            "roe_4q": -12.8,
            "gross_profit": 236835,
            "gross_margin": 8.71,
            "gross_margin_4q_avg": 9.34,
            "net_income": -216150,
            "revenue": 2719755,
            "common_shares": 3719356,
            "book_valuer_per_share": 18.26,
            "book_valuer_per_share_4q_avg": 18.81,
            "equity": 8203974,
            "current_ratio": 145.33,
            "debt_ratio": 64.46,
            "inventory_turnover_ratio": 1.04,
            "account_receivable_turnover_ratio": 0.63,
            "reinvestment_rate": 6264.28,
            "research_to_sale_ratio": 2.32,
            "price_fair": 51.37,
            "eps_avg_yearly": 2.28,
            "eps_latest_yearly": 0.12,
            "eps_growth_yearly": 12.58
        },
        "20132": {
            "year_quarter": 20132,
            "year": 2013,
            "quarter": 2,
            "eps": -0.21,
            "eps_growth_year": null,
            "eps_4q": -1.58,
            "eps_4q_growth_year": null,
            "roe": -2.11,
            "roe_4q": -12.540000000000001,
            "gross_profit": 385949,
            "gross_margin": 11.06,
            "gross_margin_4q_avg": 9.39,
            "net_income": -172747,
            "revenue": 3491173,
            "common_shares": 3719356,
            "book_valuer_per_share": 18.36,
            "book_valuer_per_share_4q_avg": 18.52,
            "equity": 8153236,
            "current_ratio": 158.12,
            "debt_ratio": 65.61,
            "inventory_turnover_ratio": 1.34,
            "account_receivable_turnover_ratio": 0.8,
            "reinvestment_rate": 23720.52,
            "research_to_sale_ratio": 1.97,
            "price_fair": 51.37,
            "eps_avg_yearly": 2.28,
            "eps_latest_yearly": 0.12,
            "eps_growth_yearly": 12.58
        },
        "20133": {
            "year_quarter": 20133,
            "year": 2013,
            "quarter": 3,
            "eps": 0.04,
            "eps_growth_year": null,
            "eps_4q": -1.27,
            "eps_4q_growth_year": null,
            "roe": -0.77,
            "roe_4q": -10.73,
            "gross_profit": 505857,
            "gross_margin": 13.45,
            "gross_margin_4q_avg": 10.58,
            "net_income": -63082,
            "revenue": 3761719,
            "common_shares": 3719356,
            "book_valuer_per_share": 18.4,
            "book_valuer_per_share_4q_avg": 18.33,
            "equity": 8172501,
            "current_ratio": 162.74,
            "debt_ratio": 66.11,
            "inventory_turnover_ratio": 1.46,
            "account_receivable_turnover_ratio": 0.79,
            "reinvestment_rate": null,
            "research_to_sale_ratio": 1.79,
            "price_fair": 51.37,
            "eps_avg_yearly": 2.28,
            "eps_latest_yearly": 0.12,
            "eps_growth_yearly": 12.58
        },
        "20134": {
            "year_quarter": 20134,
            "year": 2013,
            "quarter": 4,
            "eps": -0.31,
            "eps_growth_year": null,
            "eps_4q": -0.73,
            "eps_4q_growth_year": null,
            "roe": -4.08,
            "roe_4q": -9.579999999999998,
            "gross_profit": 601131,
            "gross_margin": 16.04,
            "gross_margin_4q_avg": 12.32,
            "net_income": -329021,
            "revenue": 3746927,
            "common_shares": 3719356,
            "book_valuer_per_share": 18.33,
            "book_valuer_per_share_4q_avg": 18.34,
            "equity": 7952774,
            "current_ratio": 158.5,
            "debt_ratio": 66.39,
            "inventory_turnover_ratio": 1.44,
            "account_receivable_turnover_ratio": 0.77,
            "reinvestment_rate": null,
            "research_to_sale_ratio": 1.66,
            "price_fair": 6.94,
            "eps_avg_yearly": 2.31,
            "eps_latest_yearly": 0.12,
            "eps_growth_yearly": -34.3
        },
        "20141": {
            "year_quarter": 20141,
            "year": 2014,
            "quarter": 1,
            "eps": 0.2,
            "eps_growth_year": null,
            "eps_4q": -0.27,
            "eps_4q_growth_year": null,
            "roe": 0.12,
            "roe_4q": -6.84,
            "gross_profit": 651310,
            "gross_margin": 17.2,
            "gross_margin_4q_avg": 14.44,
            "net_income": 9245,
            "revenue": 3787359,
            "common_shares": 3719356,
            "book_valuer_per_share": 18.38,
            "book_valuer_per_share_4q_avg": 18.37,
            "equity": 8094843,
            "current_ratio": 139.61,
            "debt_ratio": 67.19,
            "inventory_turnover_ratio": 1.31,
            "account_receivable_turnover_ratio": 0.76,
            "reinvestment_rate": null,
            "research_to_sale_ratio": 2.21,
            "price_fair": 7.04,
            "eps_avg_yearly": 2.35,
            "eps_latest_yearly": 0.12,
            "eps_growth_yearly": -44.02
        },
        "20142": {
            "year_quarter": 20142,
            "year": 2014,
            "quarter": 2,
            "eps": 0.04,
            "eps_growth_year": null,
            "eps_4q": -0.03,
            "eps_4q_growth_year": null,
            "roe": 0.54,
            "roe_4q": -4.1899999999999995,
            "gross_profit": 925481,
            "gross_margin": 19.17,
            "gross_margin_4q_avg": 16.47,
            "net_income": 44536,
            "revenue": 4828860,
            "common_shares": 3827269,
            "book_valuer_per_share": 18.16,
            "book_valuer_per_share_4q_avg": 18.32,
            "equity": 8288123,
            "current_ratio": 130.92,
            "debt_ratio": 65.62,
            "inventory_turnover_ratio": 1.54,
            "account_receivable_turnover_ratio": 0.94,
            "reinvestment_rate": null,
            "research_to_sale_ratio": 2.29,
            "price_fair": 5.28,
            "eps_avg_yearly": 1.76,
            "eps_latest_yearly": 0.16,
            "eps_growth_yearly": -146.41
        },
        "20143": {
            "year_quarter": 20143,
            "year": 2014,
            "quarter": 3,
            "eps": 0.25,
            "eps_growth_year": 525,
            "eps_4q": 0.18,
            "eps_4q_growth_year": null,
            "roe": 0.91,
            "roe_4q": -2.51,
            "gross_profit": 839069,
            "gross_margin": 18.95,
            "gross_margin_4q_avg": 17.84,
            "net_income": 76181,
            "revenue": 4427178,
            "common_shares": 3856757,
            "book_valuer_per_share": 18.45,
            "book_valuer_per_share_4q_avg": 18.33,
            "equity": 8433193,
            "current_ratio": 125.49,
            "debt_ratio": 66.05,
            "inventory_turnover_ratio": 1.39,
            "account_receivable_turnover_ratio": 0.82,
            "reinvestment_rate": null,
            "research_to_sale_ratio": 2.56,
            "price_fair": 36.87,
            "eps_avg_yearly": 1.05,
            "eps_latest_yearly": 1,
            "eps_growth_yearly": 175.33
        },
        "20144": {
            "year_quarter": 20144,
            "year": 2014,
            "quarter": 4,
            "eps": -0.2,
            "eps_growth_year": null,
            "eps_4q": 0.28,
            "eps_4q_growth_year": null,
            "roe": -1.57,
            "roe_4q": 0,
            "gross_profit": 741783,
            "gross_margin": 17.3,
            "gross_margin_4q_avg": 18.16,
            "net_income": -139964,
            "revenue": 4287154,
            "common_shares": 3847162,
            "book_valuer_per_share": 18.73,
            "book_valuer_per_share_4q_avg": 18.43,
            "equity": 9366359,
            "current_ratio": 143.68,
            "debt_ratio": 62.67,
            "inventory_turnover_ratio": 1.32,
            "account_receivable_turnover_ratio": 0.74,
            "reinvestment_rate": null,
            "research_to_sale_ratio": 3.04,
            "price_fair": 31.36,
            "eps_avg_yearly": 0.9,
            "eps_latest_yearly": 1,
            "eps_growth_yearly": 262.3
        },
        "20151": {
            "year_quarter": 20151,
            "year": 2015,
            "quarter": 1,
            "eps": 0.18,
            "eps_growth_year": -10,
            "eps_4q": 0.26,
            "eps_4q_growth_year": null,
            "roe": -0.06,
            "roe_4q": -0.18000000000000005,
            "gross_profit": 714785,
            "gross_margin": 18.57,
            "gross_margin_4q_avg": 18.5,
            "net_income": -5671,
            "revenue": 3849392,
            "common_shares": 3833355,
            "book_valuer_per_share": 18.47,
            "book_valuer_per_share_4q_avg": 18.45,
            "equity": 9215914,
            "current_ratio": 133.17,
            "debt_ratio": 62.75,
            "inventory_turnover_ratio": 1.1,
            "account_receivable_turnover_ratio": 0.67,
            "reinvestment_rate": null,
            "research_to_sale_ratio": 3.46,
            "price_fair": 16.8,
            "eps_avg_yearly": 0.48,
            "eps_latest_yearly": 1,
            "eps_growth_yearly": 288.75
        },
        "20152": {
            "year_quarter": 20152,
            "year": 2015,
            "quarter": 2,
            "eps": 0.2,
            "eps_growth_year": 400,
            "eps_4q": 0.42,
            "eps_4q_growth_year": null,
            "roe": 0.66,
            "roe_4q": -0.05999999999999994,
            "gross_profit": 805189,
            "gross_margin": 17.95,
            "gross_margin_4q_avg": 18.19,
            "net_income": 60760,
            "revenue": 4486905,
            "common_shares": 3881580,
            "book_valuer_per_share": 18.34,
            "book_valuer_per_share_4q_avg": 18.5,
            "equity": 9119123,
            "current_ratio": 120.75,
            "debt_ratio": 63.51,
            "inventory_turnover_ratio": 1.23,
            "account_receivable_turnover_ratio": 0.78,
            "reinvestment_rate": null,
            "research_to_sale_ratio": 3.36,
            "price_fair": 18.2,
            "eps_avg_yearly": 0.52,
            "eps_latest_yearly": 0.8,
            "eps_growth_yearly": 374.86
        },
        "20153": {
            "year_quarter": 20153,
            "year": 2015,
            "quarter": 3,
            "eps": 0.49,
            "eps_growth_year": 96,
            "eps_4q": 0.67,
            "eps_4q_growth_year": 276.43,
            "roe": 1.78,
            "roe_4q": 0.8099999999999998,
            "gross_profit": 669644,
            "gross_margin": 20.79,
            "gross_margin_4q_avg": 18.65,
            "net_income": 152944,
            "revenue": 3221549,
            "common_shares": 3889914,
            "book_valuer_per_share": 18.77,
            "book_valuer_per_share_4q_avg": 18.58,
            "equity": 8039804,
            "current_ratio": 143.27,
            "debt_ratio": 62.35,
            "inventory_turnover_ratio": 0.96,
            "account_receivable_turnover_ratio": 0.59,
            "reinvestment_rate": null,
            "research_to_sale_ratio": 3.49,
            "price_fair": 34.3,
            "eps_avg_yearly": 0.98,
            "eps_latest_yearly": 1.96,
            "eps_growth_yearly": 601.11
        },
        "20154": {
            "year_quarter": 20154,
            "year": 2015,
            "quarter": 4,
            "eps": 0.35,
            "eps_growth_year": null,
            "eps_4q": 1.29,
            "eps_4q_growth_year": 361.98,
            "roe": 2.05,
            "roe_4q": 4.430000000000001,
            "gross_profit": 819721,
            "gross_margin": 23.92,
            "gross_margin_4q_avg": 20.31,
            "net_income": 162594,
            "revenue": 3427215,
            "common_shares": 3889913,
            "book_valuer_per_share": 19.38,
            "book_valuer_per_share_4q_avg": 18.74,
            "equity": 7847502,
            "current_ratio": 120.33,
            "debt_ratio": 62.2,
            "inventory_turnover_ratio": 1.17,
            "account_receivable_turnover_ratio": 0.74,
            "reinvestment_rate": null,
            "research_to_sale_ratio": 3.1,
            "price_fair": 37.24,
            "eps_avg_yearly": 1.06,
            "eps_latest_yearly": 1.4,
            "eps_growth_yearly": 458.03
        },
        "20161": {
            "year_quarter": 20161,
            "year": 2016,
            "quarter": 1,
            "eps": 0.5,
            "eps_growth_year": 177.78,
            "eps_4q": 1.57,
            "eps_4q_growth_year": 492.75,
            "roe": 2.83,
            "roe_4q": 7.32,
            "gross_profit": 720428,
            "gross_margin": 22.76,
            "gross_margin_4q_avg": 21.36,
            "net_income": 226062,
            "revenue": 3165789,
            "common_shares": 3524482,
            "book_valuer_per_share": 19.66,
            "book_valuer_per_share_4q_avg": 19.04,
            "equity": 8153007,
            "current_ratio": 115.09,
            "debt_ratio": 61.55,
            "inventory_turnover_ratio": 1.06,
            "account_receivable_turnover_ratio": 0.7,
            "reinvestment_rate": null,
            "research_to_sale_ratio": 3.25,
            "price_fair": 42.7,
            "eps_avg_yearly": 1.22,
            "eps_latest_yearly": 2,
            "eps_growth_yearly": 410.26
        },
        "20162": {
            "year_quarter": 20162,
            "year": 2016,
            "quarter": 2,
            "eps": 0.37,
            "eps_growth_year": 85,
            "eps_4q": 1.72,
            "eps_4q_growth_year": 309.9,
            "roe": 1.94,
            "roe_4q": 8.6,
            "gross_profit": 630325,
            "gross_margin": 18.62,
            "gross_margin_4q_avg": 21.52,
            "net_income": 160861,
            "revenue": 3385700,
            "common_shares": 3635988,
            "book_valuer_per_share": 19.4,
            "book_valuer_per_share_4q_avg": 19.3,
            "equity": 8435676,
            "current_ratio": 136.22,
            "debt_ratio": 60.69,
            "inventory_turnover_ratio": 1.16,
            "account_receivable_turnover_ratio": 0.76,
            "reinvestment_rate": 147.62,
            "research_to_sale_ratio": 3.3,
            "price_fair": 44,
            "eps_avg_yearly": 1.26,
            "eps_latest_yearly": 1.48,
            "eps_growth_yearly": 336.8
        },
        "20163": {
            "year_quarter": 20163,
            "year": 2016,
            "quarter": 3,
            "eps": 0.4,
            "eps_growth_year": -18.37,
            "eps_4q": 1.57,
            "eps_4q_growth_year": 133.89,
            "roe": 2.25,
            "roe_4q": 9.07,
            "gross_profit": 629158,
            "gross_margin": 20.41,
            "gross_margin_4q_avg": 21.43,
            "net_income": 187185,
            "revenue": 3082079,
            "common_shares": 3641485,
            "book_valuer_per_share": 18.26,
            "book_valuer_per_share_4q_avg": 19.18,
            "equity": 8181417,
            "current_ratio": 170.56,
            "debt_ratio": 60.09,
            "inventory_turnover_ratio": 1.12,
            "account_receivable_turnover_ratio": 0.7,
            "reinvestment_rate": -389.26,
            "research_to_sale_ratio": 3.41,
            "price_fair": 45.5,
            "eps_avg_yearly": 1.3,
            "eps_latest_yearly": 1.6,
            "eps_growth_yearly": 298.75
        },
        "20164": {
            "year_quarter": 20164,
            "year": 2016,
            "quarter": 4,
            "eps": 0.4,
            "eps_growth_year": 15.74,
            "eps_4q": 1.64,
            "eps_4q_growth_year": 26.78,
            "roe": 2.02,
            "roe_4q": 9.04,
            "gross_profit": 616303,
            "gross_margin": 19.06,
            "gross_margin_4q_avg": 20.21,
            "net_income": 165125,
            "revenue": 3234162,
            "common_shares": 3697944,
            "book_valuer_per_share": 18.25,
            "book_valuer_per_share_4q_avg": 18.89,
            "equity": 8207152,
            "current_ratio": 177.28,
            "debt_ratio": 58.96,
            "inventory_turnover_ratio": 1.32,
            "account_receivable_turnover_ratio": 0.74,
            "reinvestment_rate": -856.02,
            "research_to_sale_ratio": 3,
            "price_fair": 46.67,
            "eps_avg_yearly": 1.33,
            "eps_latest_yearly": 1.6,
            "eps_growth_yearly": 265.56
        },
        "20171": {
            "year_quarter": 20171,
            "year": 2017,
            "quarter": 1,
            "eps": 0.34,
            "eps_growth_year": -32,
            "eps_4q": 1.5,
            "eps_4q_growth_year": -4.39,
            "roe": 2.55,
            "roe_4q": 8.76,
            "gross_profit": 633534,
            "gross_margin": 21.9,
            "gross_margin_4q_avg": 20,
            "net_income": 205613,
            "revenue": 2892319,
            "common_shares": 3697944,
            "book_valuer_per_share": 18.05,
            "book_valuer_per_share_4q_avg": 18.49,
            "equity": 7906781,
            "current_ratio": 180.65,
            "debt_ratio": 58.46,
            "inventory_turnover_ratio": 1.23,
            "account_receivable_turnover_ratio": 0.74,
            "reinvestment_rate": -188.55,
            "research_to_sale_ratio": 3.27,
            "price_fair": 46.76,
            "eps_avg_yearly": 1.34,
            "eps_latest_yearly": 1.36,
            "eps_growth_yearly": 233
        },
        "20172": {
            "year_quarter": 20172,
            "year": 2017,
            "quarter": 2,
            "eps": 0.55,
            "eps_growth_year": 48.65,
            "eps_4q": 1.68,
            "eps_4q_growth_year": -2.37,
            "roe": 3.41,
            "roe_4q": 10.23,
            "gross_profit": 617227,
            "gross_margin": 21.69,
            "gross_margin_4q_avg": 20.77,
            "net_income": 268806,
            "revenue": 2845120,
            "common_shares": 3697944,
            "book_valuer_per_share": 17.86,
            "book_valuer_per_share_4q_avg": 18.11,
            "equity": 7855343,
            "current_ratio": 161.44,
            "debt_ratio": 60.46,
            "inventory_turnover_ratio": 1.21,
            "account_receivable_turnover_ratio": 0.76,
            "reinvestment_rate": -129.75,
            "research_to_sale_ratio": 3.03,
            "price_fair": 49.51,
            "eps_avg_yearly": 1.41,
            "eps_latest_yearly": 2.2,
            "eps_growth_yearly": 234.28
        },
        "20173": {
            "year_quarter": 20173,
            "year": 2017,
            "quarter": 3,
            "eps": 0.74,
            "eps_growth_year": 85,
            "eps_4q": 2.03,
            "eps_4q_growth_year": 29.5,
            "roe": 4.31,
            "roe_4q": 12.29,
            "gross_profit": 744884,
            "gross_margin": 24.26,
            "gross_margin_4q_avg": 21.73,
            "net_income": 350718,
            "revenue": 3069835,
            "common_shares": 3697944,
            "book_valuer_per_share": 18.99,
            "book_valuer_per_share_4q_avg": 18.29,
            "equity": 8400929,
            "current_ratio": 155.58,
            "debt_ratio": 59.71,
            "inventory_turnover_ratio": 1.19,
            "account_receivable_turnover_ratio": 0.73,
            "reinvestment_rate": -103.02,
            "research_to_sale_ratio": 3.1,
            "price_fair": 54.02,
            "eps_avg_yearly": 1.54,
            "eps_latest_yearly": 2.96,
            "eps_growth_yearly": 226.27
        },
        "20174": {
            "year_quarter": 20174,
            "year": 2017,
            "quarter": 4,
            "eps": -2.55,
            "eps_growth_year": -736.68,
            "eps_4q": -0.92,
            "eps_4q_growth_year": -156.06,
            "roe": -12.76,
            "roe_4q": -2.4899999999999993,
            "gross_profit": 662456,
            "gross_margin": 21.46,
            "gross_margin_4q_avg": 22.33,
            "net_income": -997753,
            "revenue": 3086922,
            "common_shares": 3697944,
            "book_valuer_per_share": 16.22,
            "book_valuer_per_share_4q_avg": 17.78,
            "equity": 7231669,
            "current_ratio": 143.28,
            "debt_ratio": 63.36,
            "inventory_turnover_ratio": 1.14,
            "account_receivable_turnover_ratio": 0.7,
            "reinvestment_rate": -258.28,
            "research_to_sale_ratio": 3.14,
            "price_fair": 54.02,
            "eps_avg_yearly": 1.54,
            "eps_latest_yearly": 2.96,
            "eps_growth_yearly": 226.27
        },
        "20181": {
            "year_quarter": 20181,
            "year": 2018,
            "quarter": 1,
            "eps": 0.6,
            "eps_growth_year": 76.47,
            "eps_4q": -0.66,
            "eps_4q_growth_year": -144.04,
            "roe": 2.84,
            "roe_4q": -2.2,
            "gross_profit": 655520,
            "gross_margin": 23.13,
            "gross_margin_4q_avg": 22.64,
            "net_income": 213575,
            "revenue": 2834257,
            "common_shares": 3697944,
            "book_valuer_per_share": 17.47,
            "book_valuer_per_share_4q_avg": 17.64,
            "equity": 7819214,
            "current_ratio": 140.82,
            "debt_ratio": 63.08,
            "inventory_turnover_ratio": 0.93,
            "account_receivable_turnover_ratio": 0.65,
            "reinvestment_rate": -491.38,
            "research_to_sale_ratio": 3.12,
            "price_fair": 54.02,
            "eps_avg_yearly": 1.54,
            "eps_latest_yearly": 2.96,
            "eps_growth_yearly": 226.27
        },
        "20182": {
            "year_quarter": 20182,
            "year": 2018,
            "quarter": 2,
            "eps": 0.71,
            "eps_growth_year": 29.09,
            "eps_4q": -0.5,
            "eps_4q_growth_year": -130.01,
            "roe": 3.17,
            "roe_4q": -2.4400000000000004,
            "gross_profit": 633878,
            "gross_margin": 21.33,
            "gross_margin_4q_avg": 22.55,
            "net_income": 256404,
            "revenue": 2971732,
            "common_shares": 3697944,
            "book_valuer_per_share": 19.29,
            "book_valuer_per_share_4q_avg": 17.99,
            "equity": 8356150,
            "current_ratio": 127.43,
            "debt_ratio": 60.88,
            "inventory_turnover_ratio": 0.94,
            "account_receivable_turnover_ratio": 0.69,
            "reinvestment_rate": -354.48,
            "research_to_sale_ratio": 2.73,
            "price_fair": 61.83,
            "eps_avg_yearly": 1.77,
            "eps_latest_yearly": 2.84,
            "eps_growth_yearly": 259.05
        },
        "20183": {
            "year_quarter": 20183,
            "year": 2018,
            "quarter": 3,
            "eps": 0.63,
            "eps_growth_year": -14.86,
            "eps_4q": -0.61,
            "eps_4q_growth_year": -129.96,
            "roe": 2.6,
            "roe_4q": -4.15,
            "gross_profit": 696472,
            "gross_margin": 22.64,
            "gross_margin_4q_avg": 22.14,
            "net_income": 211835,
            "revenue": 3076292,
            "common_shares": 3697944,
            "book_valuer_per_share": 18.84,
            "book_valuer_per_share_4q_avg": 17.96,
            "equity": 7963370,
            "current_ratio": 130.72,
            "debt_ratio": 61.57,
            "inventory_turnover_ratio": 0.99,
            "account_receivable_turnover_ratio": 0.72,
            "reinvestment_rate": -333.01,
            "research_to_sale_ratio": 2.94,
            "price_fair": 66.27,
            "eps_avg_yearly": 1.89,
            "eps_latest_yearly": 2.52,
            "eps_growth_yearly": 80.29
        },
        "20184": {
            "year_quarter": 20184,
            "year": 2018,
            "quarter": 4,
            "eps": 0.47,
            "eps_growth_year": null,
            "eps_4q": 2.41,
            "eps_4q_growth_year": null,
            "roe": 2.19,
            "roe_4q": 10.8,
            "gross_profit": 551873,
            "gross_margin": 22.22,
            "gross_margin_4q_avg": 22.33,
            "net_income": 160717,
            "revenue": 2483324,
            "common_shares": 3697944,
            "book_valuer_per_share": 17.62,
            "book_valuer_per_share_4q_avg": 18.31,
            "equity": 6682534,
            "current_ratio": 161.18,
            "debt_ratio": 57.57,
            "inventory_turnover_ratio": 0.89,
            "account_receivable_turnover_ratio": 0.63,
            "reinvestment_rate": -350.45,
            "research_to_sale_ratio": 2.42,
            "price_fair": 66.23,
            "eps_avg_yearly": 1.89,
            "eps_latest_yearly": 1.88,
            "eps_growth_yearly": 66.3
        },
        "20191": {
            "year_quarter": 20191,
            "year": 2019,
            "quarter": 1,
            "eps": 0.37,
            "eps_growth_year": -38.33,
            "eps_4q": 2.18,
            "eps_4q_growth_year": null,
            "roe": 1.89,
            "roe_4q": 9.85,
            "gross_profit": 436912,
            "gross_margin": 21.34,
            "gross_margin_4q_avg": 21.88,
            "net_income": 128855,
            "revenue": 2047752,
            "common_shares": 3697944,
            "book_valuer_per_share": 18.31,
            "book_valuer_per_share_4q_avg": 18.52,
            "equity": 6930372,
            "current_ratio": 164.2,
            "debt_ratio": 56.06,
            "inventory_turnover_ratio": 0.77,
            "account_receivable_turnover_ratio": 0.61,
            "reinvestment_rate": -392.09,
            "research_to_sale_ratio": 3.48,
            "price_fair": 65.2,
            "eps_avg_yearly": 1.86,
            "eps_latest_yearly": 1.48,
            "eps_growth_yearly": 55.49
        },
        "20192": {
            "year_quarter": 20192,
            "year": 2019,
            "quarter": 2,
            "eps": 0.34,
            "eps_growth_year": -52.11,
            "eps_4q": 1.82,
            "eps_4q_growth_year": null,
            "roe": 1.72,
            "roe_4q": 8.4,
            "gross_profit": 504819,
            "gross_margin": 21.21,
            "gross_margin_4q_avg": 21.85,
            "net_income": 118151,
            "revenue": 2380235,
            "common_shares": 3697944,
            "book_valuer_per_share": 18.03,
            "book_valuer_per_share_4q_avg": 18.2,
            "equity": 6816128,
            "current_ratio": 162.59,
            "debt_ratio": 57.09,
            "inventory_turnover_ratio": 0.9,
            "account_receivable_turnover_ratio": 0.72,
            "reinvestment_rate": -377.77,
            "research_to_sale_ratio": 3.46,
            "price_fair": 66.6,
            "eps_avg_yearly": 1.9,
            "eps_latest_yearly": 1.36,
            "eps_growth_yearly": 50
        },
        "20193": {
            "year_quarter": 20193,
            "year": 2019,
            "quarter": 3,
            "eps": 0.31,
            "eps_growth_year": -50.79,
            "eps_4q": 1.63,
            "eps_4q_growth_year": null,
            "roe": 1.47,
            "roe_4q": 7.27,
            "gross_profit": 475510,
            "gross_margin": 20.18,
            "gross_margin_4q_avg": 21.24,
            "net_income": 97267,
            "revenue": 2356189,
            "common_shares": 3328149,
            "book_valuer_per_share": 18.79,
            "book_valuer_per_share_4q_avg": 18.19,
            "equity": 6389798,
            "current_ratio": 154.46,
            "debt_ratio": 60.14,
            "inventory_turnover_ratio": 1,
            "account_receivable_turnover_ratio": 0.67,
            "reinvestment_rate": -275.55,
            "research_to_sale_ratio": 2.87,
            "price_fair": 29.71,
            "eps_avg_yearly": 1.85,
            "eps_latest_yearly": 1.24,
            "eps_growth_yearly": 6.05
        },
        "20194": {
            "year_quarter": 20194,
            "year": 2019,
            "quarter": 4,
            "eps": 0.49,
            "eps_growth_year": 3.41,
            "eps_4q": 1.59,
            "eps_4q_growth_year": -33.94,
            "roe": 2.49,
            "roe_4q": 7.569999999999999,
            "gross_profit": 504369,
            "gross_margin": 21.39,
            "gross_margin_4q_avg": 21.03,
            "net_income": 158739,
            "revenue": 2358474,
            "common_shares": 3328149,
            "book_valuer_per_share": 18.78,
            "book_valuer_per_share_4q_avg": 18.48,
            "equity": 6373871,
            "current_ratio": 168.06,
            "debt_ratio": 58.67,
            "inventory_turnover_ratio": 1.09,
            "account_receivable_turnover_ratio": 0.67,
            "reinvestment_rate": -333.87,
            "research_to_sale_ratio": 2.99,
            "price_fair": 66.2,
            "eps_avg_yearly": 1.89,
            "eps_latest_yearly": 1.96,
            "eps_growth_yearly": 30.8
        },
        "20201": {
            "year_quarter": 20201,
            "year": 2020,
            "quarter": 1,
            "eps": 0.31,
            "eps_growth_year": -16.22,
            "eps_4q": 1.49,
            "eps_4q_growth_year": -31.96,
            "roe": 1.57,
            "roe_4q": 7.25,
            "gross_profit": 423627,
            "gross_margin": 19.81,
            "gross_margin_4q_avg": 20.65,
            "net_income": 97396,
            "revenue": 2138465,
            "common_shares": 3328149,
            "book_valuer_per_share": 17.75,
            "book_valuer_per_share_4q_avg": 18.34,
            "equity": 6025284,
            "current_ratio": 158.03,
            "debt_ratio": 62.01,
            "inventory_turnover_ratio": 1.03,
            "account_receivable_turnover_ratio": 0.64,
            "reinvestment_rate": -378.85,
            "research_to_sale_ratio": 3.53,
            "price_fair": 33.18,
            "eps_avg_yearly": 1.84,
            "eps_latest_yearly": 1.24,
            "eps_growth_yearly": 8.06
        },
        "20202": {
            "year_quarter": 20202,
            "year": 2020,
            "quarter": 2,
            "eps": 0.89,
            "eps_growth_year": 161.76,
            "eps_4q": 2,
            "eps_4q_growth_year": 10.11,
            "roe": 4.82,
            "roe_4q": 10.350000000000001,
            "gross_profit": 653702,
            "gross_margin": 25.31,
            "gross_margin_4q_avg": 21.67,
            "net_income": 299567,
            "revenue": 2582846,
            "common_shares": 3328149,
            "book_valuer_per_share": 18.92,
            "book_valuer_per_share_4q_avg": 18.56,
            "equity": 6412296,
            "current_ratio": 167.13,
            "debt_ratio": 60.03,
            "inventory_turnover_ratio": 1.11,
            "account_receivable_turnover_ratio": 0.79,
            "reinvestment_rate": -387.93,
            "research_to_sale_ratio": 3.23,
            "price_fair": 69.5,
            "eps_avg_yearly": 1.99,
            "eps_latest_yearly": 3.56,
            "eps_growth_yearly": 68.94
        },
        "20203": {
            "year_quarter": 20203,
            "year": 2020,
            "quarter": 3,
            "eps": 0.85,
            "eps_growth_year": 174.19,
            "eps_4q": 2.54,
            "eps_4q_growth_year": 55.81,
            "roe": 4.35,
            "roe_4q": 13.23,
            "gross_profit": 652609,
            "gross_margin": 23.55,
            "gross_margin_4q_avg": 22.52,
            "net_income": 285635,
            "revenue": 2771468,
            "common_shares": 3328149,
            "book_valuer_per_share": 19.84,
            "book_valuer_per_share_4q_avg": 18.82,
            "equity": 6723686,
            "current_ratio": 168.87,
            "debt_ratio": 60.51,
            "inventory_turnover_ratio": 1.21,
            "account_receivable_turnover_ratio": 0.8,
            "reinvestment_rate": -343.02,
            "research_to_sale_ratio": 3.1,
            "price_fair": 74,
            "eps_avg_yearly": 2.11,
            "eps_latest_yearly": 3.4,
            "eps_growth_yearly": 65.34
        },
        "20204": {
            "year_quarter": 20204,
            "year": 2020,
            "quarter": 4,
            "eps": 0.65,
            "eps_growth_year": 33.75,
            "eps_4q": 2.7,
            "eps_4q_growth_year": 69.62,
            "roe": 3.12,
            "roe_4q": 13.86,
            "gross_profit": 716834,
            "gross_margin": 23.96,
            "gross_margin_4q_avg": 23.16,
            "net_income": 217943,
            "revenue": 2992321,
            "common_shares": 3328149,
            "book_valuer_per_share": 21.38,
            "book_valuer_per_share_4q_avg": 19.47,
            "equity": 7246732,
            "current_ratio": 184.15,
            "debt_ratio": 59.19,
            "inventory_turnover_ratio": 1.36,
            "account_receivable_turnover_ratio": 0.8,
            "reinvestment_rate": -277.52,
            "research_to_sale_ratio": 3.45,
            "price_fair": 76.5,
            "eps_avg_yearly": 2.19,
            "eps_latest_yearly": 2.6,
            "eps_growth_yearly": 58.62
        },
        "20211": {
            "year_quarter": 20211,
            "year": 2021,
            "quarter": 1,
            "eps": 0.88,
            "eps_growth_year": 183.87,
            "eps_4q": 3.27,
            "eps_4q_growth_year": 120.18,
            "roe": 4.12,
            "roe_4q": 16.41,
            "gross_profit": 851094,
            "gross_margin": 27.2,
            "gross_margin_4q_avg": 25.01,
            "net_income": 293994,
            "revenue": 3129479,
            "common_shares": 3328149,
            "book_valuer_per_share": 20.75,
            "book_valuer_per_share_4q_avg": 20.22,
            "equity": 7038734,
            "current_ratio": 157.51,
            "debt_ratio": 64.97,
            "inventory_turnover_ratio": 1.42,
            "account_receivable_turnover_ratio": 0.77,
            "reinvestment_rate": -149.51,
            "research_to_sale_ratio": 3.15,
            "price_fair": 81.9,
            "eps_avg_yearly": 2.34,
            "eps_latest_yearly": 3.52,
            "eps_growth_yearly": 73.02
        },
        "20212": {
            "year_quarter": 20212,
            "year": 2021,
            "quarter": 2,
            "eps": 1.69,
            "eps_growth_year": 89.89,
            "eps_4q": 4.07,
            "eps_4q_growth_year": 103.21,
            "roe": 7.62,
            "roe_4q": 19.21,
            "gross_profit": 1153354,
            "gross_margin": 32.01,
            "gross_margin_4q_avg": 26.68,
            "net_income": 555520,
            "revenue": 3602998,
            "common_shares": 3328149,
            "book_valuer_per_share": 22.29,
            "book_valuer_per_share_4q_avg": 21.07,
            "equity": 7540032,
            "current_ratio": 147.34,
            "debt_ratio": 64.18,
            "inventory_turnover_ratio": 1.52,
            "account_receivable_turnover_ratio": 0.78,
            "reinvestment_rate": -123.76,
            "research_to_sale_ratio": 2.79,
            "price_fair": 93.3,
            "eps_avg_yearly": 2.67,
            "eps_latest_yearly": 6.76,
            "eps_growth_yearly": 81.67
        },
        "20213": {
            "year_quarter": 20213,
            "year": 2021,
            "quarter": 3,
            "eps": 1.88,
            "eps_growth_year": 121.18,
            "eps_4q": 5.1,
            "eps_4q_growth_year": 101.06,
            "roe": 8.03,
            "roe_4q": 22.89,
            "gross_profit": 1285281,
            "gross_margin": 34.72,
            "gross_margin_4q_avg": 29.47,
            "net_income": 638380,
            "revenue": 3701891,
            "common_shares": 3328149,
            "book_valuer_per_share": 24.74,
            "book_valuer_per_share_4q_avg": 22.29,
            "equity": 8369184,
            "current_ratio": 149.35,
            "debt_ratio": 63.05,
            "inventory_turnover_ratio": 1.37,
            "account_receivable_turnover_ratio": 0.73,
            "reinvestment_rate": -94.28,
            "research_to_sale_ratio": 3,
            "price_fair": 104.7,
            "eps_avg_yearly": 2.99,
            "eps_latest_yearly": 7.52,
            "eps_growth_yearly": 75.01
        },
        "20214": {
            "year_quarter": 20214,
            "year": 2021,
            "quarter": 4,
            "eps": 1.17,
            "eps_growth_year": 79.96,
            "eps_4q": 5.04,
            "eps_4q_growth_year": 86.62,
            "roe": 4.56,
            "roe_4q": 24.330000000000002,
            "gross_profit": 1105909,
            "gross_margin": 32.27,
            "gross_margin_4q_avg": 31.55,
            "net_income": 490136,
            "revenue": 3427376,
            "common_shares": 3828149,
            "book_valuer_per_share": 33.75,
            "book_valuer_per_share_4q_avg": 25.38,
            "equity": 13111002,
            "current_ratio": 176.28,
            "debt_ratio": 50.81,
            "inventory_turnover_ratio": 1.07,
            "account_receivable_turnover_ratio": 0.7,
            "reinvestment_rate": -48.84,
            "research_to_sale_ratio": 3.28,
            "price_fair": 108.64,
            "eps_avg_yearly": 3.1,
            "eps_latest_yearly": 4.68,
            "eps_growth_yearly": 59.94
        },
        "20221": {
            "year_quarter": 20221,
            "year": 2022,
            "quarter": 1,
            "eps": 1.6,
            "eps_growth_year": 81.82,
            "eps_4q": 5.88,
            "eps_4q_growth_year": 79.69,
            "roe": 4.79,
            "roe_4q": 25,
            "gross_profit": 1177051,
            "gross_margin": 31.67,
            "gross_margin_4q_avg": 32.67,
            "net_income": 619590,
            "revenue": 3716138,
            "common_shares": 3828149,
            "book_valuer_per_share": 32.78,
            "book_valuer_per_share_4q_avg": 28.39,
            "equity": 12745426,
            "current_ratio": 145.03,
            "debt_ratio": 56.61,
            "inventory_turnover_ratio": 0.99,
            "account_receivable_turnover_ratio": 0.75,
            "reinvestment_rate": 57.74,
            "research_to_sale_ratio": 3.56,
            "price_fair": 115.85,
            "eps_avg_yearly": 3.31,
            "eps_latest_yearly": 6.4,
            "eps_growth_yearly": 65.38
        },
        "20222": {
            "year_quarter": 20222,
            "year": 2022,
            "quarter": 2,
            "eps": 1.49,
            "eps_growth_year": -11.83,
            "eps_4q": 5.9,
            "eps_4q_growth_year": 44.85,
            "roe": 4.09,
            "roe_4q": 21.47,
            "gross_profit": 1131715,
            "gross_margin": 32.47,
            "gross_margin_4q_avg": 32.78,
            "net_income": 553175,
            "revenue": 3485093,
            "common_shares": 3828149,
            "book_valuer_per_share": 34.1,
            "book_valuer_per_share_4q_avg": 31.34,
            "equity": 14272120,
            "current_ratio": 150.51,
            "debt_ratio": 52.82,
            "inventory_turnover_ratio": 0.77,
            "account_receivable_turnover_ratio": 0.68,
            "reinvestment_rate": 25.8,
            "research_to_sale_ratio": 4.9,
            "price_fair": 122.68,
            "eps_avg_yearly": 3.51,
            "eps_latest_yearly": 5.96,
            "eps_growth_yearly": 59.08
        },
        "20223": {
            "year_quarter": 20223,
            "year": 2022,
            "quarter": 3,
            "eps": 1.11,
            "eps_growth_year": -40.96,
            "eps_4q": 5.38,
            "eps_4q_growth_year": 5.43,
            "roe": 2.98,
            "roe_4q": 16.419999999999998,
            "gross_profit": 940793,
            "gross_margin": 29.69,
            "gross_margin_4q_avg": 31.53,
            "net_income": 435926,
            "revenue": 3168567,
            "common_shares": 3828149,
            "book_valuer_per_share": 35.83,
            "book_valuer_per_share_4q_avg": 34.12,
            "equity": 14947566,
            "current_ratio": 151.42,
            "debt_ratio": 49.95,
            "inventory_turnover_ratio": 0.63,
            "account_receivable_turnover_ratio": 0.66,
            "reinvestment_rate": 33.84,
            "research_to_sale_ratio": 6.46,
            "price_fair": 126.88,
            "eps_avg_yearly": 3.63,
            "eps_latest_yearly": 4.44,
            "eps_growth_yearly": 55.52
        },
        "20224": {
            "year_quarter": 20224,
            "year": 2022,
            "quarter": 4,
            "eps": 0.39,
            "eps_growth_year": -66.65,
            "eps_4q": 4.6,
            "eps_4q_growth_year": -8.79,
            "roe": 1,
            "roe_4q": 12.86,
            "gross_profit": 746278,
            "gross_margin": 26.11,
            "gross_margin_4q_avg": 29.99,
            "net_income": 149213,
            "revenue": 2858049,
            "common_shares": 3828149,
            "book_valuer_per_share": 35.63,
            "book_valuer_per_share_4q_avg": 34.59,
            "equity": 14909235,
            "current_ratio": 193.56,
            "debt_ratio": 48.88,
            "inventory_turnover_ratio": 0.57,
            "account_receivable_turnover_ratio": 0.69,
            "reinvestment_rate": 72.34,
            "research_to_sale_ratio": 7.4,
            "price_fair": 126.18,
            "eps_avg_yearly": 3.61,
            "eps_latest_yearly": 1.56,
            "eps_growth_yearly": 45.65
        },
        "20231": {
            "year_quarter": 20231,
            "year": 2023,
            "quarter": 1,
            "eps": 0.34,
            "eps_growth_year": -78.75,
            "eps_4q": 3.34,
            "eps_4q_growth_year": -43.23,
            "roe": 1.08,
            "roe_4q": 9.15,
            "gross_profit": 708258,
            "gross_margin": 24.74,
            "gross_margin_4q_avg": 28.25,
            "net_income": 154983,
            "revenue": 2862434,
            "common_shares": 3828149,
            "book_valuer_per_share": 33.06,
            "book_valuer_per_share_4q_avg": 34.66,
            "equity": 13899586,
            "current_ratio": 166.06,
            "debt_ratio": 50.71,
            "inventory_turnover_ratio": 0.57,
            "account_receivable_turnover_ratio": 0.75,
            "reinvestment_rate": 104.2,
            "research_to_sale_ratio": 7.29,
            "price_fair": 125.91,
            "eps_avg_yearly": 3.6,
            "eps_latest_yearly": 1.36,
            "eps_growth_yearly": 47.77
        }
    },
    "months": {
        "2001-09": {
            "month": "2001-09",
            "price": "22.22",
            "revenue": 147816
        },
        "2001-10": {
            "month": "2001-10",
            "price": "22.38",
            "revenue": 179470
        },
        "2001-11": {
            "month": "2001-11",
            "price": "31.39",
            "revenue": 183835
        },
        "2001-12": {
            "month": "2001-12",
            "price": "36.77",
            "revenue": 161021
        },
        "2002-01": {
            "month": "2002-01",
            "price": "41.13",
            "revenue": 186604
        },
        "2002-02": {
            "month": "2002-02",
            "price": "40.79",
            "revenue": 124977
        },
        "2002-03": {
            "month": "2002-03",
            "price": "46.35",
            "revenue": 200036
        },
        "2002-04": {
            "month": "2002-04",
            "price": "46.46",
            "revenue": 199197
        },
        "2002-05": {
            "month": "2002-05",
            "price": "37.52",
            "revenue": 196661
        },
        "2002-06": {
            "month": "2002-06",
            "price": "32.28",
            "revenue": 164676
        },
        "2002-07": {
            "month": "2002-07",
            "price": "26.77",
            "revenue": 173484
        },
        "2002-08": {
            "month": "2002-08",
            "price": "24.03",
            "revenue": 204296
        },
        "2002-09": {
            "month": "2002-09",
            "price": "23.52",
            "revenue": 207746
        },
        "2002-10": {
            "month": "2002-10",
            "price": "24.77",
            "revenue": 241055
        },
        "2002-11": {
            "month": "2002-11",
            "price": "26.40",
            "revenue": 202357
        },
        "2002-12": {
            "month": "2002-12",
            "price": "25.95",
            "revenue": 188395
        },
        "2003-01": {
            "month": "2003-01",
            "price": "23.67",
            "revenue": 207890
        },
        "2003-02": {
            "month": "2003-02",
            "price": "22.98",
            "revenue": 179333
        },
        "2003-03": {
            "month": "2003-03",
            "price": "23.15",
            "revenue": 240040
        },
        "2003-04": {
            "month": "2003-04",
            "price": "25.94",
            "revenue": 250629
        },
        "2003-05": {
            "month": "2003-05",
            "price": "28.10",
            "revenue": 231396
        },
        "2003-06": {
            "month": "2003-06",
            "price": "34.52",
            "revenue": 210693
        },
        "2003-07": {
            "month": "2003-07",
            "price": "36.16",
            "revenue": 224380
        },
        "2003-08": {
            "month": "2003-08",
            "price": "33.47",
            "revenue": 260070
        },
        "2003-09": {
            "month": "2003-09",
            "price": "32.67",
            "revenue": 258861
        },
        "2003-10": {
            "month": "2003-10",
            "price": "32.91",
            "revenue": 272622
        },
        "2003-11": {
            "month": "2003-11",
            "price": "36.16",
            "revenue": 255097
        },
        "2003-12": {
            "month": "2003-12",
            "price": "35.43",
            "revenue": 242338
        },
        "2004-01": {
            "month": "2004-01",
            "price": "34.99",
            "revenue": 220522
        },
        "2004-02": {
            "month": "2004-02",
            "price": "34.90",
            "revenue": 245781
        },
        "2004-03": {
            "month": "2004-03",
            "price": "34.27",
            "revenue": 301852
        },
        "2004-04": {
            "month": "2004-04",
            "price": "36.74",
            "revenue": 323540
        },
        "2004-05": {
            "month": "2004-05",
            "price": "31.16",
            "revenue": 316797
        },
        "2004-06": {
            "month": "2004-06",
            "price": "27.32",
            "revenue": 271803
        },
        "2004-07": {
            "month": "2004-07",
            "price": "23.30",
            "revenue": 309481
        },
        "2004-08": {
            "month": "2004-08",
            "price": "23.28",
            "revenue": 325564
        },
        "2004-09": {
            "month": "2004-09",
            "price": "24.59",
            "revenue": 335856
        },
        "2004-10": {
            "month": "2004-10",
            "price": "23.06",
            "revenue": 319859
        },
        "2004-11": {
            "month": "2004-11",
            "price": "22.82",
            "revenue": 298012
        },
        "2004-12": {
            "month": "2004-12",
            "price": "20.97",
            "revenue": 262383
        },
        "2005-01": {
            "month": "2005-01",
            "price": "19.78",
            "revenue": 272954
        },
        "2005-02": {
            "month": "2005-02",
            "price": "19.37",
            "revenue": 200057
        },
        "2005-03": {
            "month": "2005-03",
            "price": "20.72",
            "revenue": 319540
        },
        "2005-04": {
            "month": "2005-04",
            "price": "19.84",
            "revenue": 300425
        },
        "2005-05": {
            "month": "2005-05",
            "price": "15.65",
            "revenue": 408216
        },
        "2005-06": {
            "month": "2005-06",
            "price": "17.69",
            "revenue": 369042
        },
        "2005-07": {
            "month": "2005-07",
            "price": "17.71",
            "revenue": 477358
        },
        "2005-08": {
            "month": "2005-08",
            "price": "14.83",
            "revenue": 518268
        },
        "2005-09": {
            "month": "2005-09",
            "price": "13.86",
            "revenue": 562536
        },
        "2005-10": {
            "month": "2005-10",
            "price": "11.79",
            "revenue": 481973
        },
        "2005-11": {
            "month": "2005-11",
            "price": "13.30",
            "revenue": 487770
        },
        "2005-12": {
            "month": "2005-12",
            "price": "16.07",
            "revenue": 413426
        },
        "2006-01": {
            "month": "2006-01",
            "price": "18.91",
            "revenue": 304648
        },
        "2006-02": {
            "month": "2006-02",
            "price": "17.86",
            "revenue": 321279
        },
        "2006-03": {
            "month": "2006-03",
            "price": "16.67",
            "revenue": 419915
        },
        "2006-04": {
            "month": "2006-04",
            "price": "17.69",
            "revenue": 350698
        },
        "2006-05": {
            "month": "2006-05",
            "price": "16.66",
            "revenue": 346456
        },
        "2006-06": {
            "month": "2006-06",
            "price": "13.07",
            "revenue": 411394
        },
        "2006-07": {
            "month": "2006-07",
            "price": "13.85",
            "revenue": 326689
        },
        "2006-08": {
            "month": "2006-08",
            "price": "14.29",
            "revenue": 355410
        },
        "2006-09": {
            "month": "2006-09",
            "price": "14.08",
            "revenue": 376570
        },
        "2006-10": {
            "month": "2006-10",
            "price": "16.47",
            "revenue": 356003
        },
        "2006-11": {
            "month": "2006-11",
            "price": "18.10",
            "revenue": 356205
        },
        "2006-12": {
            "month": "2006-12",
            "price": "20.27",
            "revenue": 319345
        },
        "2007-01": {
            "month": "2007-01",
            "price": "22.81",
            "revenue": 317403
        },
        "2007-02": {
            "month": "2007-02",
            "price": "27.24",
            "revenue": 250001
        },
        "2007-03": {
            "month": "2007-03",
            "price": "30.45",
            "revenue": 384142
        },
        "2007-04": {
            "month": "2007-04",
            "price": "29.77",
            "revenue": 364997
        },
        "2007-05": {
            "month": "2007-05",
            "price": "31.78",
            "revenue": 344735
        },
        "2007-06": {
            "month": "2007-06",
            "price": "35.68",
            "revenue": 331094
        },
        "2007-07": {
            "month": "2007-07",
            "price": "47.41",
            "revenue": 364492
        },
        "2007-08": {
            "month": "2007-08",
            "price": "48.93",
            "revenue": 434552
        },
        "2007-09": {
            "month": "2007-09",
            "price": "50.17",
            "revenue": 399088
        },
        "2007-10": {
            "month": "2007-10",
            "price": "46.56",
            "revenue": 424436
        },
        "2007-11": {
            "month": "2007-11",
            "price": "32.42",
            "revenue": 383565
        },
        "2007-12": {
            "month": "2007-12",
            "price": "33.81",
            "revenue": 336330
        },
        "2008-01": {
            "month": "2008-01",
            "price": "31.01",
            "revenue": 329123
        },
        "2008-02": {
            "month": "2008-02",
            "price": "26.02",
            "revenue": 270532
        },
        "2008-03": {
            "month": "2008-03",
            "price": "28.01",
            "revenue": 380831
        },
        "2008-04": {
            "month": "2008-04",
            "price": "31.74",
            "revenue": 383483
        },
        "2008-05": {
            "month": "2008-05",
            "price": "32.91",
            "revenue": 375845
        },
        "2008-06": {
            "month": "2008-06",
            "price": "26.62",
            "revenue": 377833
        },
        "2008-07": {
            "month": "2008-07",
            "price": "21.49",
            "revenue": 368067
        },
        "2008-08": {
            "month": "2008-08",
            "price": "21.54",
            "revenue": 380527
        },
        "2008-09": {
            "month": "2008-09",
            "price": "17.79",
            "revenue": 390960
        },
        "2008-10": {
            "month": "2008-10",
            "price": "15.24",
            "revenue": 382888
        },
        "2008-11": {
            "month": "2008-11",
            "price": "11.76",
            "revenue": 265117
        },
        "2008-12": {
            "month": "2008-12",
            "price": "10.94",
            "revenue": 211785
        },
        "2009-01": {
            "month": "2009-01",
            "price": "12.26",
            "revenue": 176638
        },
        "2009-02": {
            "month": "2009-02",
            "price": "12.05",
            "revenue": 285408
        },
        "2009-03": {
            "month": "2009-03",
            "price": "14.95",
            "revenue": 341003
        },
        "2009-04": {
            "month": "2009-04",
            "price": "17.34",
            "revenue": 332264
        },
        "2009-05": {
            "month": "2009-05",
            "price": "17.55",
            "revenue": 281735
        },
        "2009-06": {
            "month": "2009-06",
            "price": "17.82",
            "revenue": 383396
        },
        "2009-07": {
            "month": "2009-07",
            "price": "20.35",
            "revenue": 386948
        },
        "2009-08": {
            "month": "2009-08",
            "price": "19.46",
            "revenue": 407382
        },
        "2009-09": {
            "month": "2009-09",
            "price": "19.56",
            "revenue": 435579
        },
        "2009-10": {
            "month": "2009-10",
            "price": "22.64",
            "revenue": 388388
        },
        "2009-11": {
            "month": "2009-11",
            "price": "24.55",
            "revenue": 394771
        },
        "2009-12": {
            "month": "2009-12",
            "price": "26.61",
            "revenue": 426966
        },
        "2010-01": {
            "month": "2010-01",
            "price": "27.31",
            "revenue": 411376
        },
        "2010-02": {
            "month": "2010-02",
            "price": "26.84",
            "revenue": 339273
        },
        "2010-03": {
            "month": "2010-03",
            "price": "29.92",
            "revenue": 452360
        },
        "2010-04": {
            "month": "2010-04",
            "price": "32.96",
            "revenue": 475569
        },
        "2010-05": {
            "month": "2010-05",
            "price": "30.06",
            "revenue": 478165
        },
        "2010-06": {
            "month": "2010-06",
            "price": "30.32",
            "revenue": 464949
        },
        "2010-07": {
            "month": "2010-07",
            "price": "31.16",
            "revenue": 450085
        },
        "2010-08": {
            "month": "2010-08",
            "price": "31.47",
            "revenue": 516370
        },
        "2010-09": {
            "month": "2010-09",
            "price": "34.70",
            "revenue": 480002
        },
        "2010-10": {
            "month": "2010-10",
            "price": "38.28",
            "revenue": 403533
        },
        "2010-11": {
            "month": "2010-11",
            "price": "34.41",
            "revenue": 430910
        },
        "2010-12": {
            "month": "2010-12",
            "price": "37.45",
            "revenue": 410283
        },
        "2011-01": {
            "month": "2011-01",
            "price": "39.04",
            "revenue": 371201
        },
        "2011-02": {
            "month": "2011-02",
            "price": "40.55",
            "revenue": 337978
        },
        "2011-03": {
            "month": "2011-03",
            "price": "39.82",
            "revenue": 490957
        },
        "2011-04": {
            "month": "2011-04",
            "price": "38.62",
            "revenue": 528971
        },
        "2011-05": {
            "month": "2011-05",
            "price": "36.00",
            "revenue": 513254
        },
        "2011-06": {
            "month": "2011-06",
            "price": "33.04",
            "revenue": 509852
        },
        "2011-07": {
            "month": "2011-07",
            "price": "29.94",
            "revenue": 422417
        },
        "2011-08": {
            "month": "2011-08",
            "price": "21.95",
            "revenue": 411407
        },
        "2011-09": {
            "month": "2011-09",
            "price": "17.05",
            "revenue": 392181
        },
        "2011-10": {
            "month": "2011-10",
            "price": "17.28",
            "revenue": 310818
        },
        "2011-11": {
            "month": "2011-11",
            "price": "14.59",
            "revenue": 401399
        },
        "2011-12": {
            "month": "2011-12",
            "price": "13.82",
            "revenue": 468465
        },
        "2012-01": {
            "month": "2012-01",
            "price": "15.57",
            "revenue": 306297
        },
        "2012-02": {
            "month": "2012-02",
            "price": "19.05",
            "revenue": 400824
        },
        "2012-03": {
            "month": "2012-03",
            "price": "17.21",
            "revenue": 439308
        },
        "2012-04": {
            "month": "2012-04",
            "price": "13.42",
            "revenue": 441575
        },
        "2012-05": {
            "month": "2012-05",
            "price": "12.75",
            "revenue": 424865
        },
        "2012-06": {
            "month": "2012-06",
            "price": "11.95",
            "revenue": 491855
        },
        "2012-07": {
            "month": "2012-07",
            "price": "11.85",
            "revenue": 393162
        },
        "2012-08": {
            "month": "2012-08",
            "price": "11.53",
            "revenue": 493958
        },
        "2012-09": {
            "month": "2012-09",
            "price": "12.05",
            "revenue": 438157
        },
        "2012-10": {
            "month": "2012-10",
            "price": "10.91",
            "revenue": 384679
        },
        "2012-11": {
            "month": "2012-11",
            "price": "10.05",
            "revenue": 365909
        },
        "2012-12": {
            "month": "2012-12",
            "price": "10.86",
            "revenue": 368341
        },
        "2013-01": {
            "month": "2013-01",
            "price": "11.52",
            "revenue": 991375
        },
        "2013-02": {
            "month": "2013-02",
            "price": "11.48",
            "revenue": 717708
        },
        "2013-03": {
            "month": "2013-03",
            "price": "11.87",
            "revenue": 1001316
        },
        "2013-04": {
            "month": "2013-04",
            "price": "10.74",
            "revenue": 1141252
        },
        "2013-05": {
            "month": "2013-05",
            "price": "11.60",
            "revenue": 1281680
        },
        "2013-06": {
            "month": "2013-06",
            "price": "11.81",
            "revenue": 1024579
        },
        "2013-07": {
            "month": "2013-07",
            "price": "11.71",
            "revenue": 1190056
        },
        "2013-08": {
            "month": "2013-08",
            "price": "10.81",
            "revenue": 1314989
        },
        "2013-09": {
            "month": "2013-09",
            "price": "11.56",
            "revenue": 1256674
        },
        "2013-10": {
            "month": "2013-10",
            "price": "12.39",
            "revenue": 1149067
        },
        "2013-11": {
            "month": "2013-11",
            "price": "13.10",
            "revenue": 1233061
        },
        "2013-12": {
            "month": "2013-12",
            "price": "13.44",
            "revenue": 1426820
        },
        "2014-01": {
            "month": "2014-01",
            "price": "15.21",
            "revenue": 1302639
        },
        "2014-02": {
            "month": "2014-02",
            "price": "15.15",
            "revenue": 1000130
        },
        "2014-03": {
            "month": "2014-03",
            "price": "15.56",
            "revenue": 1428352
        },
        "2014-04": {
            "month": "2014-04",
            "price": "14.58",
            "revenue": 1652168
        },
        "2014-05": {
            "month": "2014-05",
            "price": "15.28",
            "revenue": 1556351
        },
        "2014-06": {
            "month": "2014-06",
            "price": "16.03",
            "revenue": 1634701
        },
        "2014-07": {
            "month": "2014-07",
            "price": "15.95",
            "revenue": 1417992
        },
        "2014-08": {
            "month": "2014-08",
            "price": "14.53",
            "revenue": 1491354
        },
        "2014-09": {
            "month": "2014-09",
            "price": "13.85",
            "revenue": 1515909
        },
        "2014-10": {
            "month": "2014-10",
            "price": "12.80",
            "revenue": 1409367
        },
        "2014-11": {
            "month": "2014-11",
            "price": "12.26",
            "revenue": 1446179
        },
        "2014-12": {
            "month": "2014-12",
            "price": "13.38",
            "revenue": 1491720
        },
        "2015-01": {
            "month": "2015-01",
            "price": "14.70",
            "revenue": 1417023
        },
        "2015-02": {
            "month": "2015-02",
            "price": "14.27",
            "revenue": 935736
        },
        "2015-03": {
            "month": "2015-03",
            "price": "14.86",
            "revenue": 1490489
        },
        "2015-04": {
            "month": "2015-04",
            "price": "14.23",
            "revenue": 1547426
        },
        "2015-05": {
            "month": "2015-05",
            "price": "12.49",
            "revenue": 1486878
        },
        "2015-06": {
            "month": "2015-06",
            "price": "11.02",
            "revenue": 1449576
        },
        "2015-07": {
            "month": "2015-07",
            "price": "10.89",
            "revenue": 1042124
        },
        "2015-08": {
            "month": "2015-08",
            "price": "9.36",
            "revenue": 976828
        },
        "2015-09": {
            "month": "2015-09",
            "price": "9.53",
            "revenue": 1211766
        },
        "2015-10": {
            "month": "2015-10",
            "price": "12.55",
            "revenue": 1058255
        },
        "2015-11": {
            "month": "2015-11",
            "price": "13.55",
            "revenue": 1101777
        },
        "2015-12": {
            "month": "2015-12",
            "price": "14.77",
            "revenue": 1259357
        },
        "2016-01": {
            "month": "2016-01",
            "price": "13.54",
            "revenue": 1097115
        },
        "2016-02": {
            "month": "2016-02",
            "price": "13.54",
            "revenue": 839919
        },
        "2016-03": {
            "month": "2016-03",
            "price": "17.58",
            "revenue": 1228755
        },
        "2016-04": {
            "month": "2016-04",
            "price": "17.06",
            "revenue": 1108161
        },
        "2016-05": {
            "month": "2016-05",
            "price": "16.66",
            "revenue": 1180755
        },
        "2016-06": {
            "month": "2016-06",
            "price": "16.87",
            "revenue": 1096784
        },
        "2016-07": {
            "month": "2016-07",
            "price": "16.07",
            "revenue": 1049300
        },
        "2016-08": {
            "month": "2016-08",
            "price": "16.56",
            "revenue": 1025084
        },
        "2016-09": {
            "month": "2016-09",
            "price": "16.28",
            "revenue": 1007695
        },
        "2016-10": {
            "month": "2016-10",
            "price": "15.30",
            "revenue": 965587
        },
        "2016-11": {
            "month": "2016-11",
            "price": "14.47",
            "revenue": 1144885
        },
        "2016-12": {
            "month": "2016-12",
            "price": "15.71",
            "revenue": 1169492
        },
        "2017-01": {
            "month": "2017-01",
            "price": "16.64",
            "revenue": 915177
        },
        "2017-02": {
            "month": "2017-02",
            "price": "17.20",
            "revenue": 890999
        },
        "2017-03": {
            "month": "2017-03",
            "price": "17.27",
            "revenue": 1086143
        },
        "2017-04": {
            "month": "2017-04",
            "price": "17.26",
            "revenue": 937932
        },
        "2017-05": {
            "month": "2017-05",
            "price": "17.44",
            "revenue": 894629
        },
        "2017-06": {
            "month": "2017-06",
            "price": "18.48",
            "revenue": 1012559
        },
        "2017-07": {
            "month": "2017-07",
            "price": "18.17",
            "revenue": 945351
        },
        "2017-08": {
            "month": "2017-08",
            "price": "20.38",
            "revenue": 1079443
        },
        "2017-09": {
            "month": "2017-09",
            "price": "22.62",
            "revenue": 1045041
        },
        "2017-10": {
            "month": "2017-10",
            "price": "27.10",
            "revenue": 991337
        },
        "2017-11": {
            "month": "2017-11",
            "price": "29.25",
            "revenue": 1028489
        },
        "2017-12": {
            "month": "2017-12",
            "price": "28.64",
            "revenue": 1064580
        },
        "2018-01": {
            "month": "2018-01",
            "price": "36.72",
            "revenue": 1062066
        },
        "2018-02": {
            "month": "2018-02",
            "price": "35.23",
            "revenue": 803770
        },
        "2018-03": {
            "month": "2018-03",
            "price": "41.60",
            "revenue": 968421
        },
        "2018-04": {
            "month": "2018-04",
            "price": "51.04",
            "revenue": 1043893
        },
        "2018-05": {
            "month": "2018-05",
            "price": "53.67",
            "revenue": 963592
        },
        "2018-06": {
            "month": "2018-06",
            "price": "59.50",
            "revenue": 964247
        },
        "2018-07": {
            "month": "2018-07",
            "price": "50.74",
            "revenue": 989006
        },
        "2018-08": {
            "month": "2018-08",
            "price": "40.67",
            "revenue": 1018261
        },
        "2018-09": {
            "month": "2018-09",
            "price": "34.86",
            "revenue": 1069025
        },
        "2018-10": {
            "month": "2018-10",
            "price": "25.16",
            "revenue": 801027
        },
        "2018-11": {
            "month": "2018-11",
            "price": "25.19",
            "revenue": 785006
        },
        "2018-12": {
            "month": "2018-12",
            "price": "27.37",
            "revenue": 897073
        },
        "2019-01": {
            "month": "2019-01",
            "price": "27.49",
            "revenue": 741702
        },
        "2019-02": {
            "month": "2019-02",
            "price": "30.39",
            "revenue": 550115
        },
        "2019-03": {
            "month": "2019-03",
            "price": "27.38",
            "revenue": 755935
        },
        "2019-04": {
            "month": "2019-04",
            "price": "28.38",
            "revenue": 761110
        },
        "2019-05": {
            "month": "2019-05",
            "price": "24.98",
            "revenue": 801071
        },
        "2019-06": {
            "month": "2019-06",
            "price": "25.18",
            "revenue": 818054
        },
        "2019-07": {
            "month": "2019-07",
            "price": "26.41",
            "revenue": 796087
        },
        "2019-08": {
            "month": "2019-08",
            "price": "26.00",
            "revenue": 782953
        },
        "2019-09": {
            "month": "2019-09",
            "price": "28.95",
            "revenue": 777149
        },
        "2019-10": {
            "month": "2019-10",
            "price": "28.25",
            "revenue": 737326
        },
        "2019-11": {
            "month": "2019-11",
            "price": "27.09",
            "revenue": 776801
        },
        "2019-12": {
            "month": "2019-12",
            "price": "26.61",
            "revenue": 847871
        },
        "2020-01": {
            "month": "2020-01",
            "price": "27.00",
            "revenue": 707938
        },
        "2020-02": {
            "month": "2020-02",
            "price": "24.44",
            "revenue": 557587
        },
        "2020-03": {
            "month": "2020-03",
            "price": "20.10",
            "revenue": 872940
        },
        "2020-04": {
            "month": "2020-04",
            "price": "21.74",
            "revenue": 872902
        },
        "2020-05": {
            "month": "2020-05",
            "price": "24.42",
            "revenue": 858701
        },
        "2020-06": {
            "month": "2020-06",
            "price": "28.47",
            "revenue": 851243
        },
        "2020-07": {
            "month": "2020-07",
            "price": "28.70",
            "revenue": 864343
        },
        "2020-08": {
            "month": "2020-08",
            "price": "33.82",
            "revenue": 916428
        },
        "2020-09": {
            "month": "2020-09",
            "price": "36.50",
            "revenue": 990697
        },
        "2020-10": {
            "month": "2020-10",
            "price": "37.71",
            "revenue": 906334
        },
        "2020-11": {
            "month": "2020-11",
            "price": "40.10",
            "revenue": 1009338
        },
        "2020-12": {
            "month": "2020-12",
            "price": "46.65",
            "revenue": 1079144
        },
        "2021-01": {
            "month": "2021-01",
            "price": "53.41",
            "revenue": 1047936
        },
        "2021-02": {
            "month": "2021-02",
            "price": "52.17",
            "revenue": 921391
        },
        "2021-03": {
            "month": "2021-03",
            "price": "53.03",
            "revenue": 1160152
        },
        "2021-04": {
            "month": "2021-04",
            "price": "58.73",
            "revenue": 1145856
        },
        "2021-05": {
            "month": "2021-05",
            "price": "47.79",
            "revenue": 1217899
        },
        "2021-06": {
            "month": "2021-06",
            "price": "64.51",
            "revenue": 1239243
        },
        "2021-07": {
            "month": "2021-07",
            "price": "101.34",
            "revenue": 1218631
        },
        "2021-08": {
            "month": "2021-08",
            "price": "105.05",
            "revenue": 1232285
        },
        "2021-09": {
            "month": "2021-09",
            "price": "94.06",
            "revenue": 1250975
        },
        "2021-10": {
            "month": "2021-10",
            "price": "95.47",
            "revenue": 1075982
        },
        "2021-11": {
            "month": "2021-11",
            "price": "106.01",
            "revenue": 1193326
        },
        "2021-12": {
            "month": "2021-12",
            "price": "108.05",
            "revenue": 1153692
        },
        "2022-01": {
            "month": "2022-01",
            "price": "94.28",
            "revenue": 1317383
        },
        "2022-02": {
            "month": "2022-02",
            "price": "103.63",
            "revenue": 1103021
        },
        "2022-03": {
            "month": "2022-03",
            "price": "100.43",
            "revenue": 1295734
        },
        "2022-04": {
            "month": "2022-04",
            "price": "86.88",
            "revenue": 1127441
        },
        "2022-05": {
            "month": "2022-05",
            "price": "79.69",
            "revenue": 1157532
        },
        "2022-06": {
            "month": "2022-06",
            "price": "74.10",
            "revenue": 1200120
        },
        "2022-07": {
            "month": "2022-07",
            "price": "60.05",
            "revenue": 1113783
        },
        "2022-08": {
            "month": "2022-08",
            "price": "68.00",
            "revenue": 1004167
        },
        "2022-09": {
            "month": "2022-09",
            "price": "63.95",
            "revenue": 1050617
        },
        "2022-10": {
            "month": "2022-10",
            "price": "54.31",
            "revenue": 981202
        },
        "2022-11": {
            "month": "2022-11",
            "price": "59.26",
            "revenue": 978434
        },
        "2022-12": {
            "month": "2022-12",
            "price": "62.39",
            "revenue": 902868
        },
        "2023-01": {
            "month": "2023-01",
            "price": "62.29",
            "revenue": 848735
        },
        "2023-02": {
            "month": "2023-02",
            "price": "67.48",
            "revenue": 921962
        },
        "2023-03": {
            "month": "2023-03",
            "price": "69.77",
            "revenue": 1091737
        },
        "2023-04": {
            "month": "2023-04",
            "price": "69.06",
            "revenue": 1152876
        },
        "2023-05": {
            "month": "2023-05",
            "price": "67.11",
            "revenue": 1155419
        }
    }
}
