{
    "summary": {
        "stock_name": "連宇",
        "stock_id": "2482",
        "category": "其他電子",
        "main_business": "讀卡機及銷售點終端機之製造、銷售及買賣業務。<br>IC卡讀卡機設備及其週邊設備、零配件之製造、銷售與買賣業務。<br>視訊會議設備及其週邊設備及零配件之製造、銷售、按裝與買賣。",
        "website_url": "https://uicpayworld.com/",
        "ceo": "羅鋇(暫代)",
        "pe_ratio": 11,
        "report_year_from": 2001,
        "report_year_to": 2023,
        "age": 23,
        "eps_negative_percentage": 17,
        "eps_growth_avg": {
            "last_all": -13.55,
            "last_2y": 40.91,
            "last_4y": 20.45,
            "last_8y": 0.3,
            "last_12y": -22.98,
            "last_16y": -18.8,
            "last_20y": -12.31,
            "at_2006_last_3y": 8.8,
            "at_2007_last_3y": 22.41,
            "at_2008_last_3y": -27.2,
            "at_2009_last_3y": 1.86,
            "at_2010_last_3y": -9.42,
            "at_2011_last_3y": -29.73,
            "at_2012_last_3y": -17.62,
            "at_2013_last_3y": -67.62,
            "at_2014_last_3y": -69.54,
            "at_2015_last_3y": -75,
            "at_2016_last_3y": -40,
            "at_2017_last_3y": -40,
            "at_2018_last_3y": -40,
            "at_2019_last_3y": 6.67,
            "at_2020_last_3y": -33.33,
            "at_2021_last_3y": 0,
            "at_2022_last_3y": 33.33,
            "at_2023_last_3y": -6.06,
            "at_2024_last_3y": -6.06,
            "at_2006_last_all": 0.11,
            "at_2007_last_all": 3.86,
            "at_2008_last_all": -10.75,
            "at_2009_last_all": 3.09,
            "at_2010_last_all": -4.12,
            "at_2011_last_all": -9.57,
            "at_2012_last_all": -13.25,
            "at_2013_last_all": -20.48,
            "at_2014_last_all": -20.48,
            "at_2015_last_all": -20.48,
            "at_2016_last_all": -17.36,
            "at_2017_last_all": -23.27,
            "at_2018_last_all": -23.27,
            "at_2019_last_all": -15.05,
            "at_2020_last_all": -20.36,
            "at_2021_last_all": -20.36,
            "at_2022_last_all": -13.28,
            "at_2023_last_all": -13.55,
            "at_2024_last_all": -13.55
        },
        "latest_eps": 3.26,
        "latest_price": 34.3,
        "latest_roe": 21.06,
        "latest_gross_margin": 38.19,
        "latest_equity": 1336119,
        "latest_revenue": 245378,
        "latest_gross_profit": 93708,
        "latest_net_income": 5739,
        "latest_debt_ratio": 23.73,
        "latest_current_ratio": 362.74,
        "latest_account_receivable_turnover_ratio": 1.38,
        "latest_inventory_turnover_ratio": 0.4,
        "latest_reinvestment_rate": -8.9,
        "latest_research_to_sale_ratio": 9.62
    },
    "eps_dividends": {
        "1999": {
            "cash": 0,
            "stock": 2,
            "eps": 0
        },
        "2000": {
            "cash": 0.5,
            "stock": 1.5,
            "eps": 0
        },
        "2001": {
            "cash": 0,
            "stock": 0,
            "eps": 2.02
        },
        "2002": {
            "cash": 0.3,
            "stock": 1,
            "eps": 1.32
        },
        "2003": {
            "cash": 0.8,
            "stock": 0.2,
            "eps": 0.9
        },
        "2004": {
            "cash": 0.8,
            "stock": 0,
            "eps": 2.28
        },
        "2005": {
            "cash": 1.4,
            "stock": 0,
            "eps": 1.91
        },
        "2006": {
            "cash": 0.5,
            "stock": 0.5,
            "eps": 1.59
        },
        "2007": {
            "cash": 0,
            "stock": 0.7,
            "eps": 1.95
        },
        "2008": {
            "cash": 0.82,
            "stock": 0.51,
            "eps": 0.03
        },
        "2009": {
            "cash": 0,
            "stock": 0,
            "eps": 0.76
        },
        "2010": {
            "cash": 0.5,
            "stock": 0,
            "eps": 0.29
        },
        "2011": {
            "cash": 0,
            "stock": 0,
            "eps": 0.12
        },
        "2012": {
            "cash": 0,
            "stock": 0,
            "eps": 0.06
        },
        "2013": {
            "cash": 0,
            "stock": 0,
            "eps": -0.19
        },
        "2014": {
            "cash": 0,
            "stock": 0,
            "eps": -0.17
        },
        "2015": {
            "cash": 0,
            "stock": 0,
            "eps": 0.25
        },
        "2016": {
            "cash": 0.15,
            "stock": 0,
            "eps": 0.3
        },
        "2017": {
            "cash": 0.32,
            "stock": 0,
            "eps": -1.13
        },
        "2018": {
            "cash": 0,
            "stock": 0,
            "eps": 0.06
        },
        "2019": {
            "cash": 0,
            "stock": 0,
            "eps": 0.39
        },
        "2020": {
            "cash": 0,
            "stock": 0,
            "eps": -0.5
        },
        "2021": {
            "cash": 0,
            "stock": 0,
            "eps": 0.09
        },
        "2022": {
            "cash": 0,
            "stock": 0,
            "eps": 2.97
        },
        "2023": {
            "cash": 1.5,
            "stock": 0,
            "eps": 2.43
        }
    },
    "dividends": {
        "1999-05-31": {
            "cash": 0,
            "stock": 2
        },
        "2000-06-12": {
            "cash": 0.5,
            "stock": 1.5
        },
        "2002-05-17": {
            "cash": 0.3,
            "stock": 1
        },
        "2003-03-07": {
            "cash": 0.8,
            "stock": 0.2
        },
        "2004-04-09": {
            "cash": 0.8,
            "stock": 0
        },
        "2005-04-01": {
            "cash": 1.4,
            "stock": 0
        },
        "2006-04-26": {
            "cash": 0.5,
            "stock": 0.5
        },
        "2007-04-26": {
            "cash": 0,
            "stock": 0.7
        },
        "2008-04-29": {
            "cash": 0.82,
            "stock": 0.51
        },
        "2010-04-14": {
            "cash": 0.5,
            "stock": 0
        },
        "2016-09-23": {
            "cash": 0.15,
            "stock": 0
        },
        "2017-09-22": {
            "cash": 0.32,
            "stock": 0
        },
        "2023-08-11": {
            "cash": 1.5,
            "stock": 0
        }
    },
    "prices": {
        "200101": "無",
        "200102": "無",
        "200103": "無",
        "200104": "無",
        "200105": "無",
        "200106": "無",
        "200107": "無",
        "200108": "無",
        "200109": "15.40",
        "200110": "16.39",
        "200111": "21.46",
        "200112": "36.54",
        "200201": "41.12",
        "200202": "38.12",
        "200203": "39.09",
        "200204": "38.20",
        "200205": "27.56",
        "200206": "26.58",
        "200207": "23.00",
        "200208": "21.15",
        "200209": "22.18",
        "200210": "21.47",
        "200211": "22.37",
        "200212": "21.28",
        "200301": "21.77",
        "200302": "21.08",
        "200303": "20.56",
        "200304": "23.17",
        "200305": "22.10",
        "200306": "25.21",
        "200307": "28.40",
        "200308": "22.94",
        "200309": "21.49",
        "200310": "22.40",
        "200311": "22.21",
        "200312": "20.97",
        "200401": "20.61",
        "200402": "24.56",
        "200403": "25.13",
        "200404": "25.47",
        "200405": "23.69",
        "200406": "21.91",
        "200407": "20.23",
        "200408": "19.60",
        "200409": "20.74",
        "200410": "20.97",
        "200411": "21.24",
        "200412": "21.53",
        "200501": "21.25",
        "200502": "22.47",
        "200503": "22.50",
        "200504": "21.02",
        "200505": "20.16",
        "200506": "20.67",
        "200507": "20.58",
        "200508": "19.48",
        "200509": "19.43",
        "200510": "17.70",
        "200511": "17.42",
        "200512": "19.19",
        "200601": "19.32",
        "200602": "18.33",
        "200603": "16.53",
        "200604": "16.86",
        "200605": "16.52",
        "200606": "15.16",
        "200607": "15.12",
        "200608": "15.36",
        "200609": "15.22",
        "200610": "15.88",
        "200611": "16.02",
        "200612": "20.99",
        "200701": "26.85",
        "200702": "32.50",
        "200703": "39.07",
        "200704": "50.71",
        "200705": "48.37",
        "200706": "54.03",
        "200707": "72.18",
        "200708": "67.98",
        "200709": "73.58",
        "200710": "68.79",
        "200711": "53.26",
        "200712": "39.40",
        "200801": "30.84",
        "200802": "33.54",
        "200803": "34.46",
        "200804": "32.68",
        "200805": "31.65",
        "200806": "26.74",
        "200807": "20.61",
        "200808": "22.10",
        "200809": "17.38",
        "200810": "13.50",
        "200811": "12.38",
        "200812": "12.77",
        "200901": "13.02",
        "200902": "12.58",
        "200903": "13.61",
        "200904": "16.73",
        "200905": "16.16",
        "200906": "18.66",
        "200907": "18.97",
        "200908": "19.22",
        "200909": "22.53",
        "200910": "29.33",
        "200911": "26.28",
        "200912": "27.96",
        "201001": "26.63",
        "201002": "21.98",
        "201003": "24.12",
        "201004": "26.23",
        "201005": "21.42",
        "201006": "20.79",
        "201007": "20.93",
        "201008": "21.49",
        "201009": "19.97",
        "201010": "18.87",
        "201011": "16.43",
        "201012": "17.45",
        "201101": "17.52",
        "201102": "16.36",
        "201103": "15.90",
        "201104": "15.72",
        "201105": "15.69",
        "201106": "14.51",
        "201107": "13.09",
        "201108": "11.29",
        "201109": "10.80",
        "201110": "12.14",
        "201111": "11.56",
        "201112": "10.13",
        "201201": "10.19",
        "201202": "12.01",
        "201203": "12.13",
        "201204": "10.57",
        "201205": "10.21",
        "201206": "9.99",
        "201207": "9.92",
        "201208": "10.05",
        "201209": "11.26",
        "201210": "10.73",
        "201211": "10.15",
        "201212": "10.52",
        "201301": "11.11",
        "201302": "11.70",
        "201303": "11.57",
        "201304": "11.44",
        "201305": "11.49",
        "201306": "11.78",
        "201307": "11.65",
        "201308": "13.22",
        "201309": "13.11",
        "201310": "13.80",
        "201311": "15.90",
        "201312": "16.43",
        "201401": "17.30",
        "201402": "16.51",
        "201403": "15.50",
        "201404": "14.16",
        "201405": "14.01",
        "201406": "13.79",
        "201407": "13.72",
        "201408": "13.69",
        "201409": "15.04",
        "201410": "20.31",
        "201411": "22.06",
        "201412": "20.82",
        "201501": "19.20",
        "201502": "17.59",
        "201503": "19.30",
        "201504": "18.76",
        "201505": "18.12",
        "201506": "15.42",
        "201507": "17.40",
        "201508": "13.27",
        "201509": "12.64",
        "201510": "13.90",
        "201511": "14.09",
        "201512": "13.45",
        "201601": "11.76",
        "201602": "12.39",
        "201603": "14.46",
        "201604": "14.29",
        "201605": "12.39",
        "201606": "13.02",
        "201607": "13.81",
        "201608": "13.91",
        "201609": "13.85",
        "201610": "13.85",
        "201611": "13.10",
        "201612": "13.12",
        "201701": "13.06",
        "201702": "13.58",
        "201703": "13.96",
        "201704": "14.29",
        "201705": "13.08",
        "201706": "13.10",
        "201707": "13.18",
        "201708": "13.08",
        "201709": "12.85",
        "201710": "12.67",
        "201711": "12.73",
        "201712": "12.47",
        "201801": "12.31",
        "201802": "12.25",
        "201803": "12.99",
        "201804": "12.77",
        "201805": "12.23",
        "201806": "12.45",
        "201807": "12.56",
        "201808": "12.52",
        "201809": "12.31",
        "201810": "11.99",
        "201811": "11.52",
        "201812": "11.16",
        "201901": "11.02",
        "201902": "11.42",
        "201903": "11.15",
        "201904": "11.10",
        "201905": "10.84",
        "201906": "10.59",
        "201907": "10.57",
        "201908": "10.75",
        "201909": "13.25",
        "201910": "13.73",
        "201911": "12.64",
        "201912": "12.10",
        "202001": "11.83",
        "202002": "12.00",
        "202003": "10.71",
        "202004": "10.00",
        "202005": "10.84",
        "202006": "11.46",
        "202007": "11.58",
        "202008": "10.91",
        "202009": "10.60",
        "202010": "10.19",
        "202011": "10.19",
        "202012": "10.73",
        "202101": "10.65",
        "202102": "10.47",
        "202103": "10.78",
        "202104": "12.84",
        "202105": "11.53",
        "202106": "12.03",
        "202107": "13.10",
        "202108": "12.11",
        "202109": "12.76",
        "202110": "12.74",
        "202111": "14.29",
        "202112": "16.47",
        "202201": "15.38",
        "202202": "15.79",
        "202203": "14.12",
        "202204": "12.59",
        "202205": "16.34",
        "202206": "24.80",
        "202207": "27.42",
        "202208": "26.80",
        "202209": "22.61",
        "202210": "21.46",
        "202211": "23.86",
        "202212": "25.76",
        "202301": "27.53",
        "202302": "43.58",
        "202303": "55.61",
        "202304": "67.54",
        "202305": "65.06",
        "202306": "70.41",
        "202307": "65.46",
        "202308": "51.78",
        "202309": "47.17",
        "202310": "41.67",
        "202311": "39.67",
        "202312": "41.57"
    },
    "quarters": {
        "20011": {
            "year_quarter": 20011,
            "year": 2001,
            "quarter": 1,
            "eps": 0.66,
            "eps_growth_year": null,
            "eps_4q": 2.35,
            "eps_4q_growth_year": 42.31,
            "roe": 4.94,
            "roe_4q": 4.94,
            "gross_profit": 48464,
            "gross_margin": 26.69,
            "gross_margin_4q_avg": 26.69,
            "net_income": 27691,
            "net_income_4q": null,
            "revenue": 181554,
            "revenue_4q": null,
            "common_shares": 420000,
            "book_valuer_per_share": 13.69,
            "book_valuer_per_share_4q_avg": 13.69,
            "equity": 574813,
            "current_ratio": 344.86,
            "debt_ratio": 22.17,
            "inventory_turnover_ratio": 0.95,
            "account_receivable_turnover_ratio": null,
            "reinvestment_rate": null,
            "research_to_sale_ratio": null,
            "price_fair": 0,
            "eps_avg_yearly": 0,
            "eps_latest_yearly": 0,
            "eps_growth_yearly": 0
        },
        "20012": {
            "year_quarter": 20012,
            "year": 2001,
            "quarter": 2,
            "eps": 0.42,
            "eps_growth_year": -20.75,
            "eps_4q": 2.32,
            "eps_4q_growth_year": 58.73,
            "roe": 3,
            "roe_4q": 7.94,
            "gross_profit": 45751,
            "gross_margin": 32.75,
            "gross_margin_4q_avg": 29.72,
            "net_income": 17518,
            "net_income_4q": null,
            "revenue": 139705,
            "revenue_4q": null,
            "common_shares": 420000,
            "book_valuer_per_share": 14.1,
            "book_valuer_per_share_4q_avg": 13.9,
            "equity": 592181,
            "current_ratio": 380.02,
            "debt_ratio": 19.52,
            "inventory_turnover_ratio": 0.7,
            "account_receivable_turnover_ratio": null,
            "reinvestment_rate": null,
            "research_to_sale_ratio": null,
            "price_fair": 0,
            "eps_avg_yearly": 0,
            "eps_latest_yearly": 0,
            "eps_growth_yearly": 0
        },
        "20013": {
            "year_quarter": 20013,
            "year": 2001,
            "quarter": 3,
            "eps": 0.29,
            "eps_growth_year": -50,
            "eps_4q": 1.82,
            "eps_4q_growth_year": 50.77,
            "roe": 2.29,
            "roe_4q": 10.23,
            "gross_profit": 35246,
            "gross_margin": 26.17,
            "gross_margin_4q_avg": 28.54,
            "net_income": 13739,
            "net_income_4q": null,
            "revenue": 134701,
            "revenue_4q": null,
            "common_shares": 467000,
            "book_valuer_per_share": 12.97,
            "book_valuer_per_share_4q_avg": 13.59,
            "equity": 605920,
            "current_ratio": 397.44,
            "debt_ratio": 18.68,
            "inventory_turnover_ratio": 0.8,
            "account_receivable_turnover_ratio": null,
            "reinvestment_rate": null,
            "research_to_sale_ratio": null,
            "price_fair": 0,
            "eps_avg_yearly": 0,
            "eps_latest_yearly": 0,
            "eps_growth_yearly": 0
        },
        "20014": {
            "year_quarter": 20014,
            "year": 2001,
            "quarter": 4,
            "eps": 0.65,
            "eps_growth_year": 0,
            "eps_4q": 1.91,
            "eps_4q_growth_year": 26.64,
            "roe": 4.9,
            "roe_4q": 15.130000000000003,
            "gross_profit": 49186,
            "gross_margin": 33.89,
            "gross_margin_4q_avg": 29.88,
            "net_income": 30446,
            "net_income_4q": null,
            "revenue": 145129,
            "revenue_4q": null,
            "common_shares": 467000,
            "book_valuer_per_share": 13.64,
            "book_valuer_per_share_4q_avg": 13.6,
            "equity": 637098,
            "current_ratio": 459.37,
            "debt_ratio": 17.78,
            "inventory_turnover_ratio": 0.92,
            "account_receivable_turnover_ratio": null,
            "reinvestment_rate": null,
            "research_to_sale_ratio": null,
            "price_fair": 0,
            "eps_avg_yearly": 0,
            "eps_latest_yearly": 0,
            "eps_growth_yearly": 0
        },
        "20021": {
            "year_quarter": 20021,
            "year": 2002,
            "quarter": 1,
            "eps": 0.27,
            "eps_growth_year": -59.09,
            "eps_4q": 1.6,
            "eps_4q_growth_year": -31.81,
            "roe": 1.94,
            "roe_4q": 12.129999999999999,
            "gross_profit": 44881,
            "gross_margin": 31,
            "gross_margin_4q_avg": 30.95,
            "net_income": 12512,
            "net_income_4q": null,
            "revenue": 144784,
            "revenue_4q": null,
            "common_shares": 467000,
            "book_valuer_per_share": 13.91,
            "book_valuer_per_share_4q_avg": 13.66,
            "equity": 649610,
            "current_ratio": 448.06,
            "debt_ratio": 15.95,
            "inventory_turnover_ratio": 1.14,
            "account_receivable_turnover_ratio": null,
            "reinvestment_rate": null,
            "research_to_sale_ratio": null,
            "price_fair": 3.24,
            "eps_avg_yearly": 1.08,
            "eps_latest_yearly": 1.08,
            "eps_growth_yearly": -233.85
        },
        "20022": {
            "year_quarter": 20022,
            "year": 2002,
            "quarter": 2,
            "eps": 0.07,
            "eps_growth_year": -83.33,
            "eps_4q": 1.19,
            "eps_4q_growth_year": -48.62,
            "roe": 0.55,
            "roe_4q": 9.68,
            "gross_profit": 33700,
            "gross_margin": 28.61,
            "gross_margin_4q_avg": 29.92,
            "net_income": 3536,
            "net_income_4q": null,
            "revenue": 117773,
            "revenue_4q": null,
            "common_shares": 467000,
            "book_valuer_per_share": 13.59,
            "book_valuer_per_share_4q_avg": 13.53,
            "equity": 634784,
            "current_ratio": 299.64,
            "debt_ratio": 18.86,
            "inventory_turnover_ratio": 0.93,
            "account_receivable_turnover_ratio": null,
            "reinvestment_rate": null,
            "research_to_sale_ratio": null,
            "price_fair": 2.04,
            "eps_avg_yearly": 0.68,
            "eps_latest_yearly": 0.28,
            "eps_growth_yearly": -265.07
        },
        "20023": {
            "year_quarter": 20023,
            "year": 2002,
            "quarter": 3,
            "eps": 0.48,
            "eps_growth_year": 65.52,
            "eps_4q": 1.37,
            "eps_4q_growth_year": -25.01,
            "roe": 3.88,
            "roe_4q": 11.27,
            "gross_profit": 42881,
            "gross_margin": 21.34,
            "gross_margin_4q_avg": 28.71,
            "net_income": 25191,
            "net_income_4q": null,
            "revenue": 200953,
            "revenue_4q": null,
            "common_shares": 522700,
            "book_valuer_per_share": 12.68,
            "book_valuer_per_share_4q_avg": 13.46,
            "equity": 662846,
            "current_ratio": 323.11,
            "debt_ratio": 17.8,
            "inventory_turnover_ratio": 1.45,
            "account_receivable_turnover_ratio": null,
            "reinvestment_rate": null,
            "research_to_sale_ratio": null,
            "price_fair": 38.27,
            "eps_avg_yearly": 1.09,
            "eps_latest_yearly": 1.92,
            "eps_growth_yearly": 604.24
        },
        "20024": {
            "year_quarter": 20024,
            "year": 2002,
            "quarter": 4,
            "eps": 0.5,
            "eps_growth_year": -23.08,
            "eps_4q": 1.29,
            "eps_4q_growth_year": -32.17,
            "roe": 3.85,
            "roe_4q": 10.22,
            "gross_profit": 46210,
            "gross_margin": 27.72,
            "gross_margin_4q_avg": 27.17,
            "net_income": 25950,
            "net_income_4q": null,
            "revenue": 166725,
            "revenue_4q": null,
            "common_shares": 522700,
            "book_valuer_per_share": 13.12,
            "book_valuer_per_share_4q_avg": 13.33,
            "equity": 685710,
            "current_ratio": 325.1,
            "debt_ratio": 21.45,
            "inventory_turnover_ratio": 0.93,
            "account_receivable_turnover_ratio": null,
            "reinvestment_rate": -11.29,
            "research_to_sale_ratio": null,
            "price_fair": 46.2,
            "eps_avg_yearly": 1.32,
            "eps_latest_yearly": 2,
            "eps_growth_yearly": 457.35
        },
        "20031": {
            "year_quarter": 20031,
            "year": 2003,
            "quarter": 1,
            "eps": 0.11,
            "eps_growth_year": -59.26,
            "eps_4q": 1.16,
            "eps_4q_growth_year": -27.52,
            "roe": 0.83,
            "roe_4q": 9.11,
            "gross_profit": 44088,
            "gross_margin": 23.81,
            "gross_margin_4q_avg": 25.37,
            "net_income": 5724,
            "net_income_4q": null,
            "revenue": 185189,
            "revenue_4q": null,
            "common_shares": 522700,
            "book_valuer_per_share": 13.23,
            "book_valuer_per_share_4q_avg": 13.16,
            "equity": 691429,
            "current_ratio": 285.71,
            "debt_ratio": 20.38,
            "inventory_turnover_ratio": 1.01,
            "account_receivable_turnover_ratio": null,
            "reinvestment_rate": -12.71,
            "research_to_sale_ratio": null,
            "price_fair": 40.04,
            "eps_avg_yearly": 1.14,
            "eps_latest_yearly": 0.44,
            "eps_growth_yearly": 303.48
        },
        "20032": {
            "year_quarter": 20032,
            "year": 2003,
            "quarter": 2,
            "eps": 0.35,
            "eps_growth_year": 400,
            "eps_4q": 1.4,
            "eps_4q_growth_year": 17.81,
            "roe": 2.78,
            "roe_4q": 11.34,
            "gross_profit": 54077,
            "gross_margin": 28.14,
            "gross_margin_4q_avg": 25.25,
            "net_income": 18870,
            "net_income_4q": null,
            "revenue": 192161,
            "revenue_4q": null,
            "common_shares": 541154,
            "book_valuer_per_share": 12.32,
            "book_valuer_per_share_4q_avg": 12.84,
            "equity": 666782,
            "current_ratio": 292,
            "debt_ratio": 19.19,
            "inventory_turnover_ratio": 0.99,
            "account_receivable_turnover_ratio": null,
            "reinvestment_rate": -19.12,
            "research_to_sale_ratio": null,
            "price_fair": 41.53,
            "eps_avg_yearly": 1.19,
            "eps_latest_yearly": 1.4,
            "eps_growth_yearly": 398.35
        },
        "20033": {
            "year_quarter": 20033,
            "year": 2003,
            "quarter": 3,
            "eps": 0.06,
            "eps_growth_year": -87.5,
            "eps_4q": 0.96,
            "eps_4q_growth_year": -29.96,
            "roe": 0.51,
            "roe_4q": 7.970000000000001,
            "gross_profit": 45051,
            "gross_margin": 32.37,
            "gross_margin_4q_avg": 28.01,
            "net_income": 3382,
            "net_income_4q": null,
            "revenue": 139165,
            "revenue_4q": null,
            "common_shares": 541154,
            "book_valuer_per_share": 12.35,
            "book_valuer_per_share_4q_avg": 12.76,
            "equity": 668408,
            "current_ratio": 512.94,
            "debt_ratio": 11.41,
            "inventory_turnover_ratio": 0.72,
            "account_receivable_turnover_ratio": null,
            "reinvestment_rate": -21.78,
            "research_to_sale_ratio": null,
            "price_fair": 36.8,
            "eps_avg_yearly": 1.05,
            "eps_latest_yearly": 0.24,
            "eps_growth_yearly": 294.1
        },
        "20034": {
            "year_quarter": 20034,
            "year": 2003,
            "quarter": 4,
            "eps": 0.38,
            "eps_growth_year": -24,
            "eps_4q": 0.9,
            "eps_4q_growth_year": -30.26,
            "roe": 3.01,
            "roe_4q": 7.129999999999999,
            "gross_profit": 42735,
            "gross_margin": 26.63,
            "gross_margin_4q_avg": 27.74,
            "net_income": 20334,
            "net_income_4q": null,
            "revenue": 160456,
            "revenue_4q": null,
            "common_shares": 541154,
            "book_valuer_per_share": 12.6,
            "book_valuer_per_share_4q_avg": 12.63,
            "equity": 681898,
            "current_ratio": 692.08,
            "debt_ratio": 31.89,
            "inventory_turnover_ratio": 1.08,
            "account_receivable_turnover_ratio": null,
            "reinvestment_rate": -24.59,
            "research_to_sale_ratio": null,
            "price_fair": 38.85,
            "eps_avg_yearly": 1.11,
            "eps_latest_yearly": 1.52,
            "eps_growth_yearly": 524
        },
        "20041": {
            "year_quarter": 20041,
            "year": 2004,
            "quarter": 1,
            "eps": 0.77,
            "eps_growth_year": 600,
            "eps_4q": 1.55,
            "eps_4q_growth_year": 33.25,
            "roe": 5.72,
            "roe_4q": 12.02,
            "gross_profit": 65436,
            "gross_margin": 33.35,
            "gross_margin_4q_avg": 30.12,
            "net_income": 42222,
            "net_income_4q": null,
            "revenue": 196218,
            "revenue_4q": null,
            "common_shares": 541154,
            "book_valuer_per_share": 14.68,
            "book_valuer_per_share_4q_avg": 12.99,
            "equity": 794509,
            "current_ratio": 479.8,
            "debt_ratio": 27.46,
            "inventory_turnover_ratio": 1.12,
            "account_receivable_turnover_ratio": null,
            "reinvestment_rate": -15.15,
            "research_to_sale_ratio": null,
            "price_fair": 46.51,
            "eps_avg_yearly": 1.33,
            "eps_latest_yearly": 3.08,
            "eps_growth_yearly": 511.39
        },
        "20042": {
            "year_quarter": 20042,
            "year": 2004,
            "quarter": 2,
            "eps": 0.35,
            "eps_growth_year": 0,
            "eps_4q": 1.53,
            "eps_4q_growth_year": 8.87,
            "roe": 2.62,
            "roe_4q": 11.86,
            "gross_profit": 44644,
            "gross_margin": 17.1,
            "gross_margin_4q_avg": 27.36,
            "net_income": 19570,
            "net_income_4q": null,
            "revenue": 261125,
            "revenue_4q": null,
            "common_shares": 574903,
            "book_valuer_per_share": 12.2,
            "book_valuer_per_share_4q_avg": 12.96,
            "equity": 701555,
            "current_ratio": 372.51,
            "debt_ratio": 31.56,
            "inventory_turnover_ratio": 1.47,
            "account_receivable_turnover_ratio": null,
            "reinvestment_rate": -10.11,
            "research_to_sale_ratio": null,
            "price_fair": 46.76,
            "eps_avg_yearly": 1.34,
            "eps_latest_yearly": 1.4,
            "eps_growth_yearly": 438.44
        },
        "20043": {
            "year_quarter": 20043,
            "year": 2004,
            "quarter": 3,
            "eps": 0.73,
            "eps_growth_year": 1116.67,
            "eps_4q": 2.24,
            "eps_4q_growth_year": 134.09,
            "roe": 5.51,
            "roe_4q": 16.86,
            "gross_profit": 79740,
            "gross_margin": 24.97,
            "gross_margin_4q_avg": 25.51,
            "net_income": 39715,
            "net_income_4q": null,
            "revenue": 319330,
            "revenue_4q": null,
            "common_shares": 548411,
            "book_valuer_per_share": 13.47,
            "book_valuer_per_share_4q_avg": 13.24,
            "equity": 738842,
            "current_ratio": 389.83,
            "debt_ratio": 28.94,
            "inventory_turnover_ratio": 1.57,
            "account_receivable_turnover_ratio": null,
            "reinvestment_rate": 8.41,
            "research_to_sale_ratio": null,
            "price_fair": 51.8,
            "eps_avg_yearly": 1.48,
            "eps_latest_yearly": 2.92,
            "eps_growth_yearly": 438.06
        },
        "20044": {
            "year_quarter": 20044,
            "year": 2004,
            "quarter": 4,
            "eps": 0.43,
            "eps_growth_year": 13.16,
            "eps_4q": 2.28,
            "eps_4q_growth_year": 152.14,
            "roe": 3.17,
            "roe_4q": 17.02,
            "gross_profit": 73934,
            "gross_margin": 19.75,
            "gross_margin_4q_avg": 23.79,
            "net_income": 23640,
            "net_income_4q": null,
            "revenue": 374256,
            "revenue_4q": null,
            "common_shares": 548411,
            "book_valuer_per_share": 13.74,
            "book_valuer_per_share_4q_avg": 13.52,
            "equity": 753438,
            "current_ratio": 222.25,
            "debt_ratio": 32.72,
            "inventory_turnover_ratio": 1.9,
            "account_receivable_turnover_ratio": null,
            "reinvestment_rate": 1.98,
            "research_to_sale_ratio": null,
            "price_fair": 52.5,
            "eps_avg_yearly": 1.5,
            "eps_latest_yearly": 1.72,
            "eps_growth_yearly": 387.86
        },
        "20051": {
            "year_quarter": 20051,
            "year": 2005,
            "quarter": 1,
            "eps": 0.52,
            "eps_growth_year": -32.47,
            "eps_4q": 2.02,
            "eps_4q_growth_year": 30.55,
            "roe": 3.71,
            "roe_4q": 15.010000000000002,
            "gross_profit": 68633,
            "gross_margin": 25.45,
            "gross_margin_4q_avg": 21.82,
            "net_income": 28763,
            "net_income_4q": null,
            "revenue": 269707,
            "revenue_4q": null,
            "common_shares": 555588,
            "book_valuer_per_share": 14.34,
            "book_valuer_per_share_4q_avg": 13.44,
            "equity": 796922,
            "current_ratio": 216.72,
            "debt_ratio": 28.4,
            "inventory_turnover_ratio": 1.1,
            "account_receivable_turnover_ratio": null,
            "reinvestment_rate": 6.72,
            "research_to_sale_ratio": null,
            "price_fair": 54.06,
            "eps_avg_yearly": 1.54,
            "eps_latest_yearly": 2.08,
            "eps_growth_yearly": 364.46
        },
        "20052": {
            "year_quarter": 20052,
            "year": 2005,
            "quarter": 2,
            "eps": 0.29,
            "eps_growth_year": -17.14,
            "eps_4q": 1.93,
            "eps_4q_growth_year": 26.31,
            "roe": 2.14,
            "roe_4q": 14.53,
            "gross_profit": 56765,
            "gross_margin": 25.47,
            "gross_margin_4q_avg": 23.91,
            "net_income": 16273,
            "net_income_4q": null,
            "revenue": 222859,
            "revenue_4q": null,
            "common_shares": 555588,
            "book_valuer_per_share": 13.02,
            "book_valuer_per_share_4q_avg": 13.64,
            "equity": 723284,
            "current_ratio": 188.49,
            "debt_ratio": 31.07,
            "inventory_turnover_ratio": 0.88,
            "account_receivable_turnover_ratio": null,
            "reinvestment_rate": 9.13,
            "research_to_sale_ratio": null,
            "price_fair": 53.1,
            "eps_avg_yearly": 1.52,
            "eps_latest_yearly": 1.16,
            "eps_growth_yearly": 325.79
        },
        "20053": {
            "year_quarter": 20053,
            "year": 2005,
            "quarter": 3,
            "eps": 0.92,
            "eps_growth_year": 26.03,
            "eps_4q": 2.15,
            "eps_4q_growth_year": -3.94,
            "roe": 7.08,
            "roe_4q": 16.1,
            "gross_profit": 63565,
            "gross_margin": 29.31,
            "gross_margin_4q_avg": 25,
            "net_income": 51315,
            "net_income_4q": null,
            "revenue": 216868,
            "revenue_4q": null,
            "common_shares": 556772,
            "book_valuer_per_share": 13.05,
            "book_valuer_per_share_4q_avg": 13.54,
            "equity": 726381,
            "current_ratio": 189.09,
            "debt_ratio": 29.69,
            "inventory_turnover_ratio": 0.81,
            "account_receivable_turnover_ratio": null,
            "reinvestment_rate": 8.08,
            "research_to_sale_ratio": null,
            "price_fair": 58.15,
            "eps_avg_yearly": 1.66,
            "eps_latest_yearly": 3.68,
            "eps_growth_yearly": 362
        },
        "20054": {
            "year_quarter": 20054,
            "year": 2005,
            "quarter": 4,
            "eps": 0.18,
            "eps_growth_year": -58.14,
            "eps_4q": 1.99,
            "eps_4q_growth_year": -12.66,
            "roe": 1.34,
            "roe_4q": 14.27,
            "gross_profit": 71821,
            "gross_margin": 30.41,
            "gross_margin_4q_avg": 27.66,
            "net_income": 9591,
            "net_income_4q": null,
            "revenue": 236174,
            "revenue_4q": null,
            "common_shares": 556772,
            "book_valuer_per_share": 12.65,
            "book_valuer_per_share_4q_avg": 13.27,
            "equity": 709057,
            "current_ratio": 251.98,
            "debt_ratio": 28.37,
            "inventory_turnover_ratio": 0.81,
            "account_receivable_turnover_ratio": null,
            "reinvestment_rate": 1.96,
            "research_to_sale_ratio": null,
            "price_fair": 56.09,
            "eps_avg_yearly": 1.6,
            "eps_latest_yearly": 0.72,
            "eps_growth_yearly": 319.27
        },
        "20061": {
            "year_quarter": 20061,
            "year": 2006,
            "quarter": 1,
            "eps": 0.32,
            "eps_growth_year": -38.46,
            "eps_4q": 1.8,
            "eps_4q_growth_year": -10.69,
            "roe": 2.33,
            "roe_4q": 12.89,
            "gross_profit": 53224,
            "gross_margin": 25.81,
            "gross_margin_4q_avg": 27.75,
            "net_income": 16650,
            "net_income_4q": null,
            "revenue": 206212,
            "revenue_4q": null,
            "common_shares": 556772,
            "book_valuer_per_share": 12.93,
            "book_valuer_per_share_4q_avg": 12.91,
            "equity": 719761,
            "current_ratio": 221.08,
            "debt_ratio": 27.73,
            "inventory_turnover_ratio": 0.73,
            "account_receivable_turnover_ratio": null,
            "reinvestment_rate": -4.38,
            "research_to_sale_ratio": null,
            "price_fair": 56.53,
            "eps_avg_yearly": 1.62,
            "eps_latest_yearly": 1.28,
            "eps_growth_yearly": 353.33
        },
        "20062": {
            "year_quarter": 20062,
            "year": 2006,
            "quarter": 2,
            "eps": 0.47,
            "eps_growth_year": 62.07,
            "eps_4q": 1.97,
            "eps_4q_growth_year": 2.06,
            "roe": 3.39,
            "roe_4q": 14.14,
            "gross_profit": 57554,
            "gross_margin": 24.72,
            "gross_margin_4q_avg": 27.56,
            "net_income": 24277,
            "net_income_4q": null,
            "revenue": 232806,
            "revenue_4q": null,
            "common_shares": 513182,
            "book_valuer_per_share": 13.89,
            "book_valuer_per_share_4q_avg": 13.13,
            "equity": 712908,
            "current_ratio": 204.74,
            "debt_ratio": 28.97,
            "inventory_turnover_ratio": 0.84,
            "account_receivable_turnover_ratio": null,
            "reinvestment_rate": -6.59,
            "research_to_sale_ratio": null,
            "price_fair": 60.03,
            "eps_avg_yearly": 1.72,
            "eps_latest_yearly": 1.88,
            "eps_growth_yearly": 383.56
        },
        "20063": {
            "year_quarter": 20063,
            "year": 2006,
            "quarter": 3,
            "eps": 0.25,
            "eps_growth_year": -72.83,
            "eps_4q": 1.2,
            "eps_4q_growth_year": -44.28,
            "roe": 1.76,
            "roe_4q": 8.82,
            "gross_profit": 80525,
            "gross_margin": 33.24,
            "gross_margin_4q_avg": 28.55,
            "net_income": 13312,
            "net_income_4q": null,
            "revenue": 242281,
            "revenue_4q": null,
            "common_shares": 578211,
            "book_valuer_per_share": 13.85,
            "book_valuer_per_share_4q_avg": 13.33,
            "equity": 800592,
            "current_ratio": 248.62,
            "debt_ratio": 25.03,
            "inventory_turnover_ratio": 0.79,
            "account_receivable_turnover_ratio": null,
            "reinvestment_rate": -3.73,
            "research_to_sale_ratio": null,
            "price_fair": 58.01,
            "eps_avg_yearly": 1.66,
            "eps_latest_yearly": 1,
            "eps_growth_yearly": 225.43
        },
        "20064": {
            "year_quarter": 20064,
            "year": 2006,
            "quarter": 4,
            "eps": 0.55,
            "eps_growth_year": 205.56,
            "eps_4q": 1.54,
            "eps_4q_growth_year": -22.33,
            "roe": 3.68,
            "roe_4q": 11.16,
            "gross_profit": 76174,
            "gross_margin": 29.05,
            "gross_margin_4q_avg": 28.21,
            "net_income": 30005,
            "net_income_4q": null,
            "revenue": 262180,
            "revenue_4q": null,
            "common_shares": 580845,
            "book_valuer_per_share": 14.22,
            "book_valuer_per_share_4q_avg": 13.72,
            "equity": 828011,
            "current_ratio": 290.81,
            "debt_ratio": 27.81,
            "inventory_turnover_ratio": 0.9,
            "account_receivable_turnover_ratio": null,
            "reinvestment_rate": -2.07,
            "research_to_sale_ratio": null,
            "price_fair": 58.45,
            "eps_avg_yearly": 1.67,
            "eps_latest_yearly": 2.2,
            "eps_growth_yearly": 254.39
        },
        "20071": {
            "year_quarter": 20071,
            "year": 2007,
            "quarter": 1,
            "eps": 0.42,
            "eps_growth_year": 31.25,
            "eps_4q": 1.59,
            "eps_4q_growth_year": -11.61,
            "roe": 2.88,
            "roe_4q": 11.71,
            "gross_profit": 69506,
            "gross_margin": 29.38,
            "gross_margin_4q_avg": 29.1,
            "net_income": 24184,
            "net_income_4q": null,
            "revenue": 236556,
            "revenue_4q": null,
            "common_shares": 581205,
            "book_valuer_per_share": 14.65,
            "book_valuer_per_share_4q_avg": 14.15,
            "equity": 851405,
            "current_ratio": 229.88,
            "debt_ratio": 26.28,
            "inventory_turnover_ratio": 0.79,
            "account_receivable_turnover_ratio": null,
            "reinvestment_rate": -1.91,
            "research_to_sale_ratio": null,
            "price_fair": 61.16,
            "eps_avg_yearly": 1.75,
            "eps_latest_yearly": 1.68,
            "eps_growth_yearly": 267.98
        },
        "20072": {
            "year_quarter": 20072,
            "year": 2007,
            "quarter": 2,
            "eps": 0.83,
            "eps_growth_year": 76.6,
            "eps_4q": 1.98,
            "eps_4q_growth_year": 0.65,
            "roe": 5.57,
            "roe_4q": 13.889999999999999,
            "gross_profit": 92928,
            "gross_margin": 33.95,
            "gross_margin_4q_avg": 31.41,
            "net_income": 48538,
            "net_income_4q": null,
            "revenue": 273723,
            "revenue_4q": null,
            "common_shares": 582402,
            "book_valuer_per_share": 15.29,
            "book_valuer_per_share_4q_avg": 14.5,
            "equity": 890586,
            "current_ratio": 255.31,
            "debt_ratio": 29.01,
            "inventory_turnover_ratio": 0.89,
            "account_receivable_turnover_ratio": null,
            "reinvestment_rate": -2.14,
            "research_to_sale_ratio": null,
            "price_fair": 65.36,
            "eps_avg_yearly": 1.87,
            "eps_latest_yearly": 3.32,
            "eps_growth_yearly": 237.84
        },
        "20073": {
            "year_quarter": 20073,
            "year": 2007,
            "quarter": 3,
            "eps": 0.46,
            "eps_growth_year": 84,
            "eps_4q": 2.09,
            "eps_4q_growth_year": 74.52,
            "roe": 3.2,
            "roe_4q": 15.329999999999998,
            "gross_profit": 76518,
            "gross_margin": 30.86,
            "gross_margin_4q_avg": 30.81,
            "net_income": 28954,
            "net_income_4q": null,
            "revenue": 247975,
            "revenue_4q": null,
            "common_shares": 623170,
            "book_valuer_per_share": 14.72,
            "book_valuer_per_share_4q_avg": 14.72,
            "equity": 917362,
            "current_ratio": 279.46,
            "debt_ratio": 26.16,
            "inventory_turnover_ratio": 0.92,
            "account_receivable_turnover_ratio": null,
            "reinvestment_rate": -1.72,
            "research_to_sale_ratio": null,
            "price_fair": 68.86,
            "eps_avg_yearly": 1.97,
            "eps_latest_yearly": 1.84,
            "eps_growth_yearly": 247.41
        },
        "20074": {
            "year_quarter": 20074,
            "year": 2007,
            "quarter": 4,
            "eps": 0.24,
            "eps_growth_year": -56.36,
            "eps_4q": 1.84,
            "eps_4q_growth_year": 19.14,
            "roe": 1.65,
            "roe_4q": 13.3,
            "gross_profit": 86134,
            "gross_margin": 32.51,
            "gross_margin_4q_avg": 31.68,
            "net_income": 15253,
            "net_income_4q": null,
            "revenue": 264910,
            "revenue_4q": null,
            "common_shares": 623170,
            "book_valuer_per_share": 14.93,
            "book_valuer_per_share_4q_avg": 14.9,
            "equity": 935468,
            "current_ratio": 287.4,
            "debt_ratio": 28.36,
            "inventory_turnover_ratio": 0.99,
            "account_receivable_turnover_ratio": null,
            "reinvestment_rate": 7.86,
            "research_to_sale_ratio": null,
            "price_fair": 67.64,
            "eps_avg_yearly": 1.93,
            "eps_latest_yearly": 0.96,
            "eps_growth_yearly": 102.12
        },
        "20081": {
            "year_quarter": 20081,
            "year": 2008,
            "quarter": 1,
            "eps": -0.31,
            "eps_growth_year": -173.81,
            "eps_4q": 1.15,
            "eps_4q_growth_year": -27.81,
            "roe": -2.17,
            "roe_4q": 8.25,
            "gross_profit": 73456,
            "gross_margin": 34.41,
            "gross_margin_4q_avg": 32.93,
            "net_income": -19876,
            "net_income_4q": null,
            "revenue": 213496,
            "revenue_4q": null,
            "common_shares": 623170,
            "book_valuer_per_share": 14.26,
            "book_valuer_per_share_4q_avg": 14.8,
            "equity": 899356,
            "current_ratio": 285.79,
            "debt_ratio": 28.53,
            "inventory_turnover_ratio": 0.71,
            "account_receivable_turnover_ratio": null,
            "reinvestment_rate": 6.95,
            "research_to_sale_ratio": null,
            "price_fair": 64.96,
            "eps_avg_yearly": 1.86,
            "eps_latest_yearly": 0.96,
            "eps_growth_yearly": 81.56
        },
        "20082": {
            "year_quarter": 20082,
            "year": 2008,
            "quarter": 2,
            "eps": 0.45,
            "eps_growth_year": -45.78,
            "eps_4q": 0.92,
            "eps_4q_growth_year": -53.54,
            "roe": 2.92,
            "roe_4q": 5.6,
            "gross_profit": 107686,
            "gross_margin": 32.65,
            "gross_margin_4q_avg": 32.61,
            "net_income": 25819,
            "net_income_4q": null,
            "revenue": 329825,
            "revenue_4q": null,
            "common_shares": 619100,
            "book_valuer_per_share": 13.86,
            "book_valuer_per_share_4q_avg": 14.44,
            "equity": 866762,
            "current_ratio": 244.7,
            "debt_ratio": 32.41,
            "inventory_turnover_ratio": 1.13,
            "account_receivable_turnover_ratio": null,
            "reinvestment_rate": 3.42,
            "research_to_sale_ratio": null,
            "price_fair": 66.1,
            "eps_avg_yearly": 1.89,
            "eps_latest_yearly": 0.96,
            "eps_growth_yearly": 102.97
        },
        "20083": {
            "year_quarter": 20083,
            "year": 2008,
            "quarter": 3,
            "eps": 0.11,
            "eps_growth_year": -76.09,
            "eps_4q": 0.75,
            "eps_4q_growth_year": -63.97,
            "roe": 0.53,
            "roe_4q": 2.93,
            "gross_profit": 99805,
            "gross_margin": 38.09,
            "gross_margin_4q_avg": 34.42,
            "net_income": 4571,
            "net_income_4q": null,
            "revenue": 262042,
            "revenue_4q": null,
            "common_shares": 650055,
            "book_valuer_per_share": 12.86,
            "book_valuer_per_share_4q_avg": 13.98,
            "equity": 845161,
            "current_ratio": 209.26,
            "debt_ratio": 37.19,
            "inventory_turnover_ratio": 0.76,
            "account_receivable_turnover_ratio": null,
            "reinvestment_rate": -11.96,
            "research_to_sale_ratio": null,
            "price_fair": 59.9,
            "eps_avg_yearly": 1.71,
            "eps_latest_yearly": 0.44,
            "eps_growth_yearly": 50.36
        },
        "20084": {
            "year_quarter": 20084,
            "year": 2008,
            "quarter": 4,
            "eps": -0.22,
            "eps_growth_year": -191.67,
            "eps_4q": 0.01,
            "eps_4q_growth_year": -99.54,
            "roe": -2.16,
            "roe_4q": -0.8800000000000001,
            "gross_profit": 75653,
            "gross_margin": 31.1,
            "gross_margin_4q_avg": 34.06,
            "net_income": -17957,
            "net_income_4q": null,
            "revenue": 243253,
            "revenue_4q": null,
            "common_shares": 620725,
            "book_valuer_per_share": 13.12,
            "book_valuer_per_share_4q_avg": 13.53,
            "equity": 819919,
            "current_ratio": 262.91,
            "debt_ratio": 28.7,
            "inventory_turnover_ratio": 0.68,
            "account_receivable_turnover_ratio": null,
            "reinvestment_rate": -9.07,
            "research_to_sale_ratio": null,
            "price_fair": 59.88,
            "eps_avg_yearly": 1.71,
            "eps_latest_yearly": 0.44,
            "eps_growth_yearly": 66.88
        },
        "20091": {
            "year_quarter": 20091,
            "year": 2009,
            "quarter": 1,
            "eps": 0.09,
            "eps_growth_year": null,
            "eps_4q": 0.94,
            "eps_4q_growth_year": -18.33,
            "roe": 0.31,
            "roe_4q": 1.5999999999999999,
            "gross_profit": 75145,
            "gross_margin": 31.72,
            "gross_margin_4q_avg": 33.39,
            "net_income": 2541,
            "net_income_4q": null,
            "revenue": 236926,
            "revenue_4q": null,
            "common_shares": 620725,
            "book_valuer_per_share": 13.3,
            "book_valuer_per_share_4q_avg": 13.29,
            "equity": 834615,
            "current_ratio": 253.4,
            "debt_ratio": 29.3,
            "inventory_turnover_ratio": 0.65,
            "account_receivable_turnover_ratio": null,
            "reinvestment_rate": -15.2,
            "research_to_sale_ratio": null,
            "price_fair": 58.8,
            "eps_avg_yearly": 1.68,
            "eps_latest_yearly": 0.44,
            "eps_growth_yearly": 65.48
        },
        "20092": {
            "year_quarter": 20092,
            "year": 2009,
            "quarter": 2,
            "eps": 0.34,
            "eps_growth_year": -24.44,
            "eps_4q": 0.34,
            "eps_4q_growth_year": -62.96,
            "roe": 2.38,
            "roe_4q": 1.0599999999999998,
            "gross_profit": 109231,
            "gross_margin": 33.73,
            "gross_margin_4q_avg": 33.66,
            "net_income": 20013,
            "net_income_4q": null,
            "revenue": 323815,
            "revenue_4q": null,
            "common_shares": 620725,
            "book_valuer_per_share": 13.54,
            "book_valuer_per_share_4q_avg": 13.21,
            "equity": 844166,
            "current_ratio": 269.6,
            "debt_ratio": 30.38,
            "inventory_turnover_ratio": 0.9,
            "account_receivable_turnover_ratio": 3.18,
            "reinvestment_rate": -19.16,
            "research_to_sale_ratio": null,
            "price_fair": 59.38,
            "eps_avg_yearly": 1.7,
            "eps_latest_yearly": 1.36,
            "eps_growth_yearly": 172.82
        },
        "20093": {
            "year_quarter": 20093,
            "year": 2009,
            "quarter": 3,
            "eps": 0.26,
            "eps_growth_year": 136.36,
            "eps_4q": 0.46,
            "eps_4q_growth_year": -38.68,
            "roe": 1.92,
            "roe_4q": 2.4499999999999993,
            "gross_profit": 98983,
            "gross_margin": 38.09,
            "gross_margin_4q_avg": 33.66,
            "net_income": 16330,
            "net_income_4q": null,
            "revenue": 259888,
            "revenue_4q": null,
            "common_shares": 620725,
            "book_valuer_per_share": 13.72,
            "book_valuer_per_share_4q_avg": 13.42,
            "equity": 855496,
            "current_ratio": 268.87,
            "debt_ratio": 29.8,
            "inventory_turnover_ratio": 0.69,
            "account_receivable_turnover_ratio": 1.51,
            "reinvestment_rate": -23.42,
            "research_to_sale_ratio": null,
            "price_fair": 51.68,
            "eps_avg_yearly": 1.48,
            "eps_latest_yearly": 1.04,
            "eps_growth_yearly": 92.56
        },
        "20094": {
            "year_quarter": 20094,
            "year": 2009,
            "quarter": 4,
            "eps": 0.07,
            "eps_growth_year": null,
            "eps_4q": 0.71,
            "eps_4q_growth_year": 8361.04,
            "roe": 0.54,
            "roe_4q": 5.1499999999999995,
            "gross_profit": 85931,
            "gross_margin": 33.13,
            "gross_margin_4q_avg": 34.17,
            "net_income": 4652,
            "net_income_4q": null,
            "revenue": 259393,
            "revenue_4q": null,
            "common_shares": 620725,
            "book_valuer_per_share": 13.74,
            "book_valuer_per_share_4q_avg": 13.58,
            "equity": 857381,
            "current_ratio": 276.66,
            "debt_ratio": 28.44,
            "inventory_turnover_ratio": 0.77,
            "account_receivable_turnover_ratio": 1.85,
            "reinvestment_rate": -14.32,
            "research_to_sale_ratio": null,
            "price_fair": 50.4,
            "eps_avg_yearly": 1.44,
            "eps_latest_yearly": 0.28,
            "eps_growth_yearly": 95.01
        },
        "20101": {
            "year_quarter": 20101,
            "year": 2010,
            "quarter": 1,
            "eps": null,
            "eps_growth_year": null,
            "eps_4q": null,
            "eps_4q_growth_year": null,
            "roe": null,
            "roe_4q": 4.84,
            "gross_profit": 77969,
            "gross_margin": null,
            "gross_margin_4q_avg": 26.24,
            "net_income": 1572,
            "net_income_4q": null,
            "revenue": 207322,
            "revenue_4q": null,
            "common_shares": 620725,
            "book_valuer_per_share": 13.75,
            "book_valuer_per_share_4q_avg": 13.69,
            "equity": 857662,
            "current_ratio": 285.18,
            "debt_ratio": 27.73,
            "inventory_turnover_ratio": null,
            "account_receivable_turnover_ratio": null,
            "reinvestment_rate": null,
            "research_to_sale_ratio": null,
            "price_fair": 50.91,
            "eps_avg_yearly": 1.45,
            "eps_latest_yearly": 0.28,
            "eps_growth_yearly": 75.37
        },
        "20102": {
            "year_quarter": 20102,
            "year": 2010,
            "quarter": 2,
            "eps": 0.15,
            "eps_growth_year": -54.68,
            "eps_4q": 0.48,
            "eps_4q_growth_year": 41.52,
            "roe": 1.13,
            "roe_4q": 3.59,
            "gross_profit": 90930,
            "gross_margin": 34.03,
            "gross_margin_4q_avg": 26.31,
            "net_income": 9564,
            "net_income_4q": null,
            "revenue": 267175,
            "revenue_4q": null,
            "common_shares": 620725,
            "book_valuer_per_share": 13.46,
            "book_valuer_per_share_4q_avg": 13.67,
            "equity": 838776,
            "current_ratio": 246.07,
            "debt_ratio": 31.04,
            "inventory_turnover_ratio": 0.81,
            "account_receivable_turnover_ratio": 1.63,
            "reinvestment_rate": 136.39,
            "research_to_sale_ratio": null,
            "price_fair": 49.42,
            "eps_avg_yearly": 1.41,
            "eps_latest_yearly": 0.28,
            "eps_growth_yearly": 64.15
        },
        "20103": {
            "year_quarter": 20103,
            "year": 2010,
            "quarter": 3,
            "eps": 0.13,
            "eps_growth_year": -49.61,
            "eps_4q": 0.35,
            "eps_4q_growth_year": -23.97,
            "roe": 0.97,
            "roe_4q": 2.6399999999999997,
            "gross_profit": 89336,
            "gross_margin": 32.12,
            "gross_margin_4q_avg": 24.82,
            "net_income": 8111,
            "net_income_4q": null,
            "revenue": 278171,
            "revenue_4q": null,
            "common_shares": 620725,
            "book_valuer_per_share": 13.49,
            "book_valuer_per_share_4q_avg": 13.61,
            "equity": 840868,
            "current_ratio": 254.44,
            "debt_ratio": 30.47,
            "inventory_turnover_ratio": 0.87,
            "account_receivable_turnover_ratio": 0.81,
            "reinvestment_rate": 129.11,
            "research_to_sale_ratio": 5.62,
            "price_fair": 47.74,
            "eps_avg_yearly": 1.36,
            "eps_latest_yearly": 0.52,
            "eps_growth_yearly": 77.54
        },
        "20104": {
            "year_quarter": 20104,
            "year": 2010,
            "quarter": 4,
            "eps": 0.01,
            "eps_growth_year": -85.78,
            "eps_4q": 0.3,
            "eps_4q_growth_year": -58.41,
            "roe": 0.07,
            "roe_4q": 2.17,
            "gross_profit": 91430,
            "gross_margin": 36.39,
            "gross_margin_4q_avg": 25.64,
            "net_income": 600,
            "net_income_4q": null,
            "revenue": 251240,
            "revenue_4q": null,
            "common_shares": 620725,
            "book_valuer_per_share": 13.25,
            "book_valuer_per_share_4q_avg": 13.49,
            "equity": 825781,
            "current_ratio": 282.68,
            "debt_ratio": 27.91,
            "inventory_turnover_ratio": 0.76,
            "account_receivable_turnover_ratio": 0.74,
            "reinvestment_rate": 128.89,
            "research_to_sale_ratio": 7.19,
            "price_fair": 3.44,
            "eps_avg_yearly": 1.15,
            "eps_latest_yearly": 0.04,
            "eps_growth_yearly": -7.38
        },
        "20111": {
            "year_quarter": 20111,
            "year": 2011,
            "quarter": 1,
            "eps": 0.2,
            "eps_growth_year": null,
            "eps_4q": 0.49,
            "eps_4q_growth_year": null,
            "roe": 1.48,
            "roe_4q": 3.65,
            "gross_profit": 77871,
            "gross_margin": 33.99,
            "gross_margin_4q_avg": 34.13,
            "net_income": 12334,
            "net_income_4q": null,
            "revenue": 229087,
            "revenue_4q": null,
            "common_shares": 620725,
            "book_valuer_per_share": 13.46,
            "book_valuer_per_share_4q_avg": 13.42,
            "equity": 839303,
            "current_ratio": 291.44,
            "debt_ratio": 26.76,
            "inventory_turnover_ratio": 0.68,
            "account_receivable_turnover_ratio": 0.75,
            "reinvestment_rate": 145.25,
            "research_to_sale_ratio": 8.29,
            "price_fair": 37.1,
            "eps_avg_yearly": 1.06,
            "eps_latest_yearly": 0.8,
            "eps_growth_yearly": 762.08
        },
        "20112": {
            "year_quarter": 20112,
            "year": 2011,
            "quarter": 2,
            "eps": -0,
            "eps_growth_year": -101,
            "eps_4q": 0.34,
            "eps_4q_growth_year": -30.05,
            "roe": -0.01,
            "roe_4q": 2.51,
            "gross_profit": 83036,
            "gross_margin": 36.16,
            "gross_margin_4q_avg": 34.67,
            "net_income": -109,
            "net_income_4q": null,
            "revenue": 229633,
            "revenue_4q": null,
            "common_shares": 620725,
            "book_valuer_per_share": 13.4,
            "book_valuer_per_share_4q_avg": 13.4,
            "equity": 835499,
            "current_ratio": 299.99,
            "debt_ratio": 26.33,
            "inventory_turnover_ratio": 0.63,
            "account_receivable_turnover_ratio": 0.75,
            "reinvestment_rate": 201.51,
            "research_to_sale_ratio": 8.24,
            "price_fair": 28.31,
            "eps_avg_yearly": 0.81,
            "eps_latest_yearly": 0.8,
            "eps_growth_yearly": 803.36
        },
        "20113": {
            "year_quarter": 20113,
            "year": 2011,
            "quarter": 3,
            "eps": 0.29,
            "eps_growth_year": 123.65,
            "eps_4q": 0.5,
            "eps_4q_growth_year": 42.28,
            "roe": 2.14,
            "roe_4q": 3.68,
            "gross_profit": 78440,
            "gross_margin": 34.61,
            "gross_margin_4q_avg": 35.29,
            "net_income": 18159,
            "net_income_4q": null,
            "revenue": 226640,
            "revenue_4q": null,
            "common_shares": 620725,
            "book_valuer_per_share": 13.83,
            "book_valuer_per_share_4q_avg": 13.49,
            "equity": 861928,
            "current_ratio": 345.79,
            "debt_ratio": 23.55,
            "inventory_turnover_ratio": 0.66,
            "account_receivable_turnover_ratio": 0.7,
            "reinvestment_rate": 229.68,
            "research_to_sale_ratio": 9.65,
            "price_fair": 23.8,
            "eps_avg_yearly": 0.68,
            "eps_latest_yearly": 0.8,
            "eps_growth_yearly": 926.07
        },
        "20114": {
            "year_quarter": 20114,
            "year": 2011,
            "quarter": 4,
            "eps": -0.37,
            "eps_growth_year": -3777.7,
            "eps_4q": 0.12,
            "eps_4q_growth_year": -58,
            "roe": -2.76,
            "roe_4q": 0.8500000000000003,
            "gross_profit": 53534,
            "gross_margin": 34.49,
            "gross_margin_4q_avg": 34.81,
            "net_income": -23490,
            "net_income_4q": null,
            "revenue": 155209,
            "revenue_4q": null,
            "common_shares": 620725,
            "book_valuer_per_share": 13.49,
            "book_valuer_per_share_4q_avg": 13.55,
            "equity": 839960,
            "current_ratio": 379.51,
            "debt_ratio": 22.25,
            "inventory_turnover_ratio": 0.47,
            "account_receivable_turnover_ratio": 0.52,
            "reinvestment_rate": 225.72,
            "research_to_sale_ratio": 10.47,
            "price_fair": 22.4,
            "eps_avg_yearly": 0.64,
            "eps_latest_yearly": 0.8,
            "eps_growth_yearly": 1085.7
        },
        "20121": {
            "year_quarter": 20121,
            "year": 2012,
            "quarter": 1,
            "eps": 0.03,
            "eps_growth_year": -85,
            "eps_4q": -0.05,
            "eps_4q_growth_year": -109.75,
            "roe": 0.2,
            "roe_4q": -0.4299999999999995,
            "gross_profit": 83357,
            "gross_margin": 35.32,
            "gross_margin_4q_avg": 35.15,
            "net_income": 1649,
            "net_income_4q": null,
            "revenue": 236020,
            "revenue_4q": null,
            "common_shares": 620725,
            "book_valuer_per_share": 13.45,
            "book_valuer_per_share_4q_avg": 13.54,
            "equity": 837498,
            "current_ratio": 389.68,
            "debt_ratio": 22.11,
            "inventory_turnover_ratio": 0.74,
            "account_receivable_turnover_ratio": 0.8,
            "reinvestment_rate": 166.19,
            "research_to_sale_ratio": 11.74,
            "price_fair": 22.4,
            "eps_avg_yearly": 0.64,
            "eps_latest_yearly": 0.8,
            "eps_growth_yearly": 1085.7
        },
        "20122": {
            "year_quarter": 20122,
            "year": 2012,
            "quarter": 2,
            "eps": 0.05,
            "eps_growth_year": null,
            "eps_4q": 0,
            "eps_4q_growth_year": -99.79,
            "roe": 0.34,
            "roe_4q": -0.07999999999999963,
            "gross_profit": 87696,
            "gross_margin": 37.19,
            "gross_margin_4q_avg": 35.4,
            "net_income": 2861,
            "net_income_4q": null,
            "revenue": 235833,
            "revenue_4q": null,
            "common_shares": 620725,
            "book_valuer_per_share": 13.52,
            "book_valuer_per_share_4q_avg": 13.57,
            "equity": 841637,
            "current_ratio": 369.32,
            "debt_ratio": 23.65,
            "inventory_turnover_ratio": 0.8,
            "account_receivable_turnover_ratio": 0.74,
            "reinvestment_rate": 220.75,
            "research_to_sale_ratio": 10.73,
            "price_fair": 20.48,
            "eps_avg_yearly": 0.59,
            "eps_latest_yearly": 0.2,
            "eps_growth_yearly": 983.32
        },
        "20123": {
            "year_quarter": 20123,
            "year": 2012,
            "quarter": 3,
            "eps": -0.11,
            "eps_growth_year": -137.62,
            "eps_4q": -0.4,
            "eps_4q_growth_year": -180.5,
            "roe": -0.82,
            "roe_4q": -3.0399999999999996,
            "gross_profit": 66769,
            "gross_margin": 40.85,
            "gross_margin_4q_avg": 36.96,
            "net_income": -6843,
            "net_income_4q": null,
            "revenue": 163457,
            "revenue_4q": null,
            "common_shares": 620725,
            "book_valuer_per_share": 13.36,
            "book_valuer_per_share_4q_avg": 13.46,
            "equity": 832131,
            "current_ratio": 376.05,
            "debt_ratio": 23.15,
            "inventory_turnover_ratio": 0.51,
            "account_receivable_turnover_ratio": 0.59,
            "reinvestment_rate": -96.07,
            "research_to_sale_ratio": 16.67,
            "price_fair": 21.2,
            "eps_avg_yearly": 0.61,
            "eps_latest_yearly": 0.2,
            "eps_growth_yearly": 1166.97
        },
        "20124": {
            "year_quarter": 20124,
            "year": 2012,
            "quarter": 4,
            "eps": 0.09,
            "eps_growth_year": null,
            "eps_4q": 0.05,
            "eps_4q_growth_year": -59.49,
            "roe": 0.63,
            "roe_4q": 0.3500000000000001,
            "gross_profit": 68606,
            "gross_margin": 36.53,
            "gross_margin_4q_avg": 37.47,
            "net_income": 5272,
            "net_income_4q": null,
            "revenue": 187799,
            "revenue_4q": null,
            "common_shares": 620725,
            "book_valuer_per_share": 13.41,
            "book_valuer_per_share_4q_avg": 13.44,
            "equity": 834755,
            "current_ratio": 410.91,
            "debt_ratio": 20.87,
            "inventory_turnover_ratio": 0.6,
            "account_receivable_turnover_ratio": 0.83,
            "reinvestment_rate": -69.28,
            "research_to_sale_ratio": 11.12,
            "price_fair": 21.2,
            "eps_avg_yearly": 0.61,
            "eps_latest_yearly": 0.2,
            "eps_growth_yearly": 1166.97
        },
        "20131": {
            "year_quarter": 20131,
            "year": 2013,
            "quarter": 1,
            "eps": 0.08,
            "eps_growth_year": 166.67,
            "eps_4q": 0.1,
            "eps_4q_growth_year": null,
            "roe": 0.6,
            "roe_4q": 0.75,
            "gross_profit": 56193,
            "gross_margin": 39.32,
            "gross_margin_4q_avg": 38.47,
            "net_income": 4973,
            "net_income_4q": null,
            "revenue": 142921,
            "revenue_4q": null,
            "common_shares": 620725,
            "book_valuer_per_share": 13.43,
            "book_valuer_per_share_4q_avg": 13.43,
            "equity": 836480,
            "current_ratio": 431.86,
            "debt_ratio": 21.63,
            "inventory_turnover_ratio": 0.44,
            "account_receivable_turnover_ratio": 0.96,
            "reinvestment_rate": -41.66,
            "research_to_sale_ratio": 15.3,
            "price_fair": 19.95,
            "eps_avg_yearly": 0.57,
            "eps_latest_yearly": 0.32,
            "eps_growth_yearly": 1015.54
        },
        "20132": {
            "year_quarter": 20132,
            "year": 2013,
            "quarter": 2,
            "eps": -0.02,
            "eps_growth_year": -142.3,
            "eps_4q": 0.04,
            "eps_4q_growth_year": 5526.09,
            "roe": -0.16,
            "roe_4q": 0.2499999999999999,
            "gross_profit": 70119,
            "gross_margin": 32.72,
            "gross_margin_4q_avg": 37.36,
            "net_income": -1313,
            "net_income_4q": null,
            "revenue": 214291,
            "revenue_4q": null,
            "common_shares": 620725,
            "book_valuer_per_share": 13.43,
            "book_valuer_per_share_4q_avg": 13.41,
            "equity": 835846,
            "current_ratio": 423.08,
            "debt_ratio": 21.92,
            "inventory_turnover_ratio": 0.72,
            "account_receivable_turnover_ratio": 2.48,
            "reinvestment_rate": -49.47,
            "research_to_sale_ratio": 12.16,
            "price_fair": 16,
            "eps_avg_yearly": 0.46,
            "eps_latest_yearly": 0.32,
            "eps_growth_yearly": 1001.89
        },
        "20133": {
            "year_quarter": 20133,
            "year": 2013,
            "quarter": 3,
            "eps": -0.04,
            "eps_growth_year": null,
            "eps_4q": 0.11,
            "eps_4q_growth_year": null,
            "roe": -0.27,
            "roe_4q": 0.7999999999999999,
            "gross_profit": 68933,
            "gross_margin": 43.5,
            "gross_margin_4q_avg": 38.02,
            "net_income": -2234,
            "net_income_4q": null,
            "revenue": 158478,
            "revenue_4q": null,
            "common_shares": 620725,
            "book_valuer_per_share": 13.36,
            "book_valuer_per_share_4q_avg": 13.41,
            "equity": 831813,
            "current_ratio": 382.48,
            "debt_ratio": 21.78,
            "inventory_turnover_ratio": 0.44,
            "account_receivable_turnover_ratio": 2.01,
            "reinvestment_rate": -79.43,
            "research_to_sale_ratio": 16.38,
            "price_fair": 12.6,
            "eps_avg_yearly": 0.36,
            "eps_latest_yearly": 0.32,
            "eps_growth_yearly": 1184.56
        },
        "20134": {
            "year_quarter": 20134,
            "year": 2013,
            "quarter": 4,
            "eps": -0.21,
            "eps_growth_year": -337.43,
            "eps_4q": -0.18,
            "eps_4q_growth_year": -454.08,
            "roe": -1.54,
            "roe_4q": -1.37,
            "gross_profit": 72699,
            "gross_margin": 37.35,
            "gross_margin_4q_avg": 38.22,
            "net_income": -12765,
            "net_income_4q": null,
            "revenue": 194637,
            "revenue_4q": null,
            "common_shares": 620725,
            "book_valuer_per_share": 13.19,
            "book_valuer_per_share_4q_avg": 13.35,
            "equity": 821158,
            "current_ratio": 395.14,
            "debt_ratio": 20.19,
            "inventory_turnover_ratio": 0.6,
            "account_receivable_turnover_ratio": 2.8,
            "reinvestment_rate": -140.77,
            "research_to_sale_ratio": 20.99,
            "price_fair": 13.16,
            "eps_avg_yearly": 0.38,
            "eps_latest_yearly": 0.32,
            "eps_growth_yearly": 1479.93
        },
        "20141": {
            "year_quarter": 20141,
            "year": 2014,
            "quarter": 1,
            "eps": -0.05,
            "eps_growth_year": -162.5,
            "eps_4q": -0.31,
            "eps_4q_growth_year": -396.71,
            "roe": -0.38,
            "roe_4q": -2.35,
            "gross_profit": 60450,
            "gross_margin": 43.6,
            "gross_margin_4q_avg": 39.29,
            "net_income": -3144,
            "net_income_4q": null,
            "revenue": 138661,
            "revenue_4q": null,
            "common_shares": 620725,
            "book_valuer_per_share": 13.19,
            "book_valuer_per_share_4q_avg": 13.29,
            "equity": 820770,
            "current_ratio": 386.9,
            "debt_ratio": 20.63,
            "inventory_turnover_ratio": 0.39,
            "account_receivable_turnover_ratio": 2.18,
            "reinvestment_rate": -156.12,
            "research_to_sale_ratio": 20.23,
            "price_fair": 13.16,
            "eps_avg_yearly": 0.38,
            "eps_latest_yearly": 0.32,
            "eps_growth_yearly": 1479.93
        },
        "20142": {
            "year_quarter": 20142,
            "year": 2014,
            "quarter": 2,
            "eps": -0.33,
            "eps_growth_year": null,
            "eps_4q": -0.62,
            "eps_4q_growth_year": -1665.02,
            "roe": -2.57,
            "roe_4q": -4.76,
            "gross_profit": 50344,
            "gross_margin": 27.15,
            "gross_margin_4q_avg": 37.9,
            "net_income": -20763,
            "net_income_4q": null,
            "revenue": 185450,
            "revenue_4q": null,
            "common_shares": 620725,
            "book_valuer_per_share": 12.81,
            "book_valuer_per_share_4q_avg": 13.14,
            "equity": 797427,
            "current_ratio": 376.04,
            "debt_ratio": 20.83,
            "inventory_turnover_ratio": 0.69,
            "account_receivable_turnover_ratio": 2.98,
            "reinvestment_rate": null,
            "research_to_sale_ratio": 17.64,
            "price_fair": 13.16,
            "eps_avg_yearly": 0.38,
            "eps_latest_yearly": 0.32,
            "eps_growth_yearly": 1479.93
        },
        "20143": {
            "year_quarter": 20143,
            "year": 2014,
            "quarter": 3,
            "eps": 0.06,
            "eps_growth_year": null,
            "eps_4q": -0.52,
            "eps_4q_growth_year": -558.87,
            "roe": 0.48,
            "roe_4q": -4.01,
            "gross_profit": 70505,
            "gross_margin": 35.2,
            "gross_margin_4q_avg": 35.83,
            "net_income": 3860,
            "net_income_4q": null,
            "revenue": 200321,
            "revenue_4q": null,
            "common_shares": 620725,
            "book_valuer_per_share": 12.9,
            "book_valuer_per_share_4q_avg": 13.02,
            "equity": 802929,
            "current_ratio": 348.86,
            "debt_ratio": 22.31,
            "inventory_turnover_ratio": 0.73,
            "account_receivable_turnover_ratio": 3,
            "reinvestment_rate": null,
            "research_to_sale_ratio": 14.56,
            "price_fair": 11.9,
            "eps_avg_yearly": 0.34,
            "eps_latest_yearly": 0.32,
            "eps_growth_yearly": 1863.25
        },
        "20144": {
            "year_quarter": 20144,
            "year": 2014,
            "quarter": 4,
            "eps": 0.15,
            "eps_growth_year": null,
            "eps_4q": -0.17,
            "eps_4q_growth_year": null,
            "roe": 1.1,
            "roe_4q": -1.3699999999999997,
            "gross_profit": 78989,
            "gross_margin": 37.85,
            "gross_margin_4q_avg": 35.95,
            "net_income": 8920,
            "net_income_4q": null,
            "revenue": 208674,
            "revenue_4q": null,
            "common_shares": 620725,
            "book_valuer_per_share": 13.08,
            "book_valuer_per_share_4q_avg": 13,
            "equity": 814035,
            "current_ratio": 372.38,
            "debt_ratio": 21.29,
            "inventory_turnover_ratio": 0.71,
            "account_receivable_turnover_ratio": 2.48,
            "reinvestment_rate": null,
            "research_to_sale_ratio": 17.89,
            "price_fair": 16.8,
            "eps_avg_yearly": 0.48,
            "eps_latest_yearly": 0.6,
            "eps_growth_yearly": 2105.56
        },
        "20151": {
            "year_quarter": 20151,
            "year": 2015,
            "quarter": 1,
            "eps": 0.09,
            "eps_growth_year": null,
            "eps_4q": -0.04,
            "eps_4q_growth_year": null,
            "roe": 0.65,
            "roe_4q": -0.33999999999999986,
            "gross_profit": 86895,
            "gross_margin": 41.86,
            "gross_margin_4q_avg": 35.52,
            "net_income": 5291,
            "net_income_4q": null,
            "revenue": 207563,
            "revenue_4q": null,
            "common_shares": 620725,
            "book_valuer_per_share": 13.14,
            "book_valuer_per_share_4q_avg": 12.98,
            "equity": 817416,
            "current_ratio": 410.96,
            "debt_ratio": 19.45,
            "inventory_turnover_ratio": 0.66,
            "account_receivable_turnover_ratio": 1.88,
            "reinvestment_rate": null,
            "research_to_sale_ratio": 14.75,
            "price_fair": 12.95,
            "eps_avg_yearly": 0.37,
            "eps_latest_yearly": 0.36,
            "eps_growth_yearly": 165.56
        },
        "20152": {
            "year_quarter": 20152,
            "year": 2015,
            "quarter": 2,
            "eps": 0.16,
            "eps_growth_year": null,
            "eps_4q": 0.46,
            "eps_4q_growth_year": null,
            "roe": 1.23,
            "roe_4q": 3.46,
            "gross_profit": 94618,
            "gross_margin": 42.5,
            "gross_margin_4q_avg": 39.35,
            "net_income": 10094,
            "net_income_4q": null,
            "revenue": 222622,
            "revenue_4q": null,
            "common_shares": 620725,
            "book_valuer_per_share": 13.28,
            "book_valuer_per_share_4q_avg": 13.1,
            "equity": 825853,
            "current_ratio": 353.57,
            "debt_ratio": 20.76,
            "inventory_turnover_ratio": 0.71,
            "account_receivable_turnover_ratio": 2.06,
            "reinvestment_rate": null,
            "research_to_sale_ratio": 16.16,
            "price_fair": 14.84,
            "eps_avg_yearly": 0.42,
            "eps_latest_yearly": 0.64,
            "eps_growth_yearly": 194.67
        },
        "20153": {
            "year_quarter": 20153,
            "year": 2015,
            "quarter": 3,
            "eps": 0.39,
            "eps_growth_year": 550,
            "eps_4q": 0.78,
            "eps_4q_growth_year": null,
            "roe": 2.85,
            "roe_4q": 5.83,
            "gross_profit": 95744,
            "gross_margin": 41.03,
            "gross_margin_4q_avg": 40.81,
            "net_income": 24014,
            "net_income_4q": null,
            "revenue": 233351,
            "revenue_4q": null,
            "common_shares": 620725,
            "book_valuer_per_share": 13.81,
            "book_valuer_per_share_4q_avg": 13.33,
            "equity": 858663,
            "current_ratio": 353.59,
            "debt_ratio": 24.42,
            "inventory_turnover_ratio": 0.86,
            "account_receivable_turnover_ratio": 2.36,
            "reinvestment_rate": null,
            "research_to_sale_ratio": 16.13,
            "price_fair": 21.47,
            "eps_avg_yearly": 0.61,
            "eps_latest_yearly": 1.56,
            "eps_growth_yearly": 258.06
        },
        "20154": {
            "year_quarter": 20154,
            "year": 2015,
            "quarter": 4,
            "eps": -0.39,
            "eps_growth_year": -366.55,
            "eps_4q": 0.25,
            "eps_4q_growth_year": null,
            "roe": -2.99,
            "roe_4q": 1.7399999999999998,
            "gross_profit": 82953,
            "gross_margin": 45.8,
            "gross_margin_4q_avg": 42.8,
            "net_income": -25272,
            "net_income_4q": null,
            "revenue": 181104,
            "revenue_4q": null,
            "common_shares": 620725,
            "book_valuer_per_share": 13.39,
            "book_valuer_per_share_4q_avg": 13.41,
            "equity": 832168,
            "current_ratio": 343.06,
            "debt_ratio": 24.55,
            "inventory_turnover_ratio": 0.75,
            "account_receivable_turnover_ratio": 2,
            "reinvestment_rate": null,
            "research_to_sale_ratio": 21.62,
            "price_fair": 21.47,
            "eps_avg_yearly": 0.61,
            "eps_latest_yearly": 1.56,
            "eps_growth_yearly": 258.06
        },
        "20161": {
            "year_quarter": 20161,
            "year": 2016,
            "quarter": 1,
            "eps": 0.15,
            "eps_growth_year": 66.67,
            "eps_4q": 0.31,
            "eps_4q_growth_year": null,
            "roe": 1.08,
            "roe_4q": 2.17,
            "gross_profit": 104735,
            "gross_margin": 50.36,
            "gross_margin_4q_avg": 44.92,
            "net_income": 9049,
            "net_income_4q": null,
            "revenue": 207972,
            "revenue_4q": null,
            "common_shares": 620725,
            "book_valuer_per_share": 13.5,
            "book_valuer_per_share_4q_avg": 13.5,
            "equity": 838830,
            "current_ratio": 328.89,
            "debt_ratio": 25.39,
            "inventory_turnover_ratio": 0.79,
            "account_receivable_turnover_ratio": 2.29,
            "reinvestment_rate": -2522.98,
            "research_to_sale_ratio": 14.78,
            "price_fair": 21.47,
            "eps_avg_yearly": 0.61,
            "eps_latest_yearly": 1.56,
            "eps_growth_yearly": 258.06
        },
        "20162": {
            "year_quarter": 20162,
            "year": 2016,
            "quarter": 2,
            "eps": 0.06,
            "eps_growth_year": -62.5,
            "eps_4q": 0.21,
            "eps_4q_growth_year": -54.27,
            "roe": 0.45,
            "roe_4q": 1.39,
            "gross_profit": 94703,
            "gross_margin": 43.45,
            "gross_margin_4q_avg": 45.16,
            "net_income": 3754,
            "net_income_4q": null,
            "revenue": 217979,
            "revenue_4q": null,
            "common_shares": 620725,
            "book_valuer_per_share": 13.42,
            "book_valuer_per_share_4q_avg": 13.53,
            "equity": 833561,
            "current_ratio": 291.58,
            "debt_ratio": 27.9,
            "inventory_turnover_ratio": 0.78,
            "account_receivable_turnover_ratio": 2.41,
            "reinvestment_rate": -1960.92,
            "research_to_sale_ratio": 20.74,
            "price_fair": 21.7,
            "eps_avg_yearly": 0.62,
            "eps_latest_yearly": 0.24,
            "eps_growth_yearly": 173.61
        },
        "20163": {
            "year_quarter": 20163,
            "year": 2016,
            "quarter": 3,
            "eps": -0.01,
            "eps_growth_year": -102.56,
            "eps_4q": -0.19,
            "eps_4q_growth_year": -123.8,
            "roe": -0.09,
            "roe_4q": -1.5500000000000003,
            "gross_profit": 105348,
            "gross_margin": 42.52,
            "gross_margin_4q_avg": 45.53,
            "net_income": -743,
            "net_income_4q": null,
            "revenue": 247768,
            "revenue_4q": null,
            "common_shares": 620725,
            "book_valuer_per_share": 13.35,
            "book_valuer_per_share_4q_avg": 13.42,
            "equity": 828941,
            "current_ratio": 326.95,
            "debt_ratio": 25.49,
            "inventory_turnover_ratio": 0.91,
            "account_receivable_turnover_ratio": 2.35,
            "reinvestment_rate": 670.18,
            "research_to_sale_ratio": 18.33,
            "price_fair": 21.7,
            "eps_avg_yearly": 0.62,
            "eps_latest_yearly": 0.24,
            "eps_growth_yearly": 173.61
        },
        "20164": {
            "year_quarter": 20164,
            "year": 2016,
            "quarter": 4,
            "eps": 0.1,
            "eps_growth_year": null,
            "eps_4q": 0.3,
            "eps_4q_growth_year": 20.22,
            "roe": 0.74,
            "roe_4q": 2.18,
            "gross_profit": 106733,
            "gross_margin": 50.21,
            "gross_margin_4q_avg": 46.64,
            "net_income": 6185,
            "net_income_4q": null,
            "revenue": 212587,
            "revenue_4q": null,
            "common_shares": 620725,
            "book_valuer_per_share": 13.47,
            "book_valuer_per_share_4q_avg": 13.44,
            "equity": 836775,
            "current_ratio": 307.75,
            "debt_ratio": 26.92,
            "inventory_turnover_ratio": 0.73,
            "account_receivable_turnover_ratio": 1.57,
            "reinvestment_rate": 764.81,
            "research_to_sale_ratio": 23.13,
            "price_fair": 21.7,
            "eps_avg_yearly": 0.62,
            "eps_latest_yearly": 0.24,
            "eps_growth_yearly": 173.61
        },
        "20171": {
            "year_quarter": 20171,
            "year": 2017,
            "quarter": 1,
            "eps": -0.49,
            "eps_growth_year": -426.67,
            "eps_4q": -0.34,
            "eps_4q_growth_year": -208.86,
            "roe": -3.77,
            "roe_4q": -2.67,
            "gross_profit": 86779,
            "gross_margin": 46.59,
            "gross_margin_4q_avg": 45.69,
            "net_income": -30790,
            "net_income_4q": null,
            "revenue": 186254,
            "revenue_4q": null,
            "common_shares": 620725,
            "book_valuer_per_share": 12.85,
            "book_valuer_per_share_4q_avg": 13.27,
            "equity": 798117,
            "current_ratio": 324.53,
            "debt_ratio": 25.66,
            "inventory_turnover_ratio": 0.62,
            "account_receivable_turnover_ratio": 1.58,
            "reinvestment_rate": null,
            "research_to_sale_ratio": 27.04,
            "price_fair": 23.8,
            "eps_avg_yearly": 0.68,
            "eps_latest_yearly": 0.24,
            "eps_growth_yearly": 217.22
        },
        "20172": {
            "year_quarter": 20172,
            "year": 2017,
            "quarter": 2,
            "eps": -0.18,
            "eps_growth_year": -400,
            "eps_4q": -0.58,
            "eps_4q_growth_year": -375.08,
            "roe": -1.41,
            "roe_4q": -4.529999999999999,
            "gross_profit": 87699,
            "gross_margin": 41.26,
            "gross_margin_4q_avg": 45.15,
            "net_income": -11019,
            "net_income_4q": null,
            "revenue": 212546,
            "revenue_4q": null,
            "common_shares": 620725,
            "book_valuer_per_share": 12.37,
            "book_valuer_per_share_4q_avg": 13.01,
            "equity": 767798,
            "current_ratio": 287.62,
            "debt_ratio": 28.01,
            "inventory_turnover_ratio": 0.78,
            "account_receivable_turnover_ratio": 1.9,
            "reinvestment_rate": null,
            "research_to_sale_ratio": 21.9,
            "price_fair": 23.8,
            "eps_avg_yearly": 0.68,
            "eps_latest_yearly": 0.24,
            "eps_growth_yearly": 217.22
        },
        "20173": {
            "year_quarter": 20173,
            "year": 2017,
            "quarter": 3,
            "eps": -0.22,
            "eps_growth_year": null,
            "eps_4q": -0.79,
            "eps_4q_growth_year": null,
            "roe": -1.79,
            "roe_4q": -6.23,
            "gross_profit": 88884,
            "gross_margin": 44.42,
            "gross_margin_4q_avg": 45.62,
            "net_income": -13587,
            "net_income_4q": null,
            "revenue": 200104,
            "revenue_4q": null,
            "common_shares": 620725,
            "book_valuer_per_share": 12.14,
            "book_valuer_per_share_4q_avg": 12.71,
            "equity": 753827,
            "current_ratio": 261.04,
            "debt_ratio": 30.32,
            "inventory_turnover_ratio": 0.6,
            "account_receivable_turnover_ratio": 1.72,
            "reinvestment_rate": null,
            "research_to_sale_ratio": 23.4,
            "price_fair": 23.8,
            "eps_avg_yearly": 0.68,
            "eps_latest_yearly": 0.24,
            "eps_growth_yearly": 217.22
        },
        "20174": {
            "year_quarter": 20174,
            "year": 2017,
            "quarter": 4,
            "eps": -0.24,
            "eps_growth_year": -333.09,
            "eps_4q": -1.13,
            "eps_4q_growth_year": -472.28,
            "roe": -1.97,
            "roe_4q": -8.94,
            "gross_profit": 85179,
            "gross_margin": 35.64,
            "gross_margin_4q_avg": 41.98,
            "net_income": -14678,
            "net_income_4q": null,
            "revenue": 239014,
            "revenue_4q": null,
            "common_shares": 620725,
            "book_valuer_per_share": 11.87,
            "book_valuer_per_share_4q_avg": 12.31,
            "equity": 736778,
            "current_ratio": 244.7,
            "debt_ratio": 32.41,
            "inventory_turnover_ratio": 0.71,
            "account_receivable_turnover_ratio": 1.99,
            "reinvestment_rate": null,
            "research_to_sale_ratio": 19.09,
            "price_fair": 23.8,
            "eps_avg_yearly": 0.68,
            "eps_latest_yearly": 0.24,
            "eps_growth_yearly": 217.22
        },
        "20181": {
            "year_quarter": 20181,
            "year": 2018,
            "quarter": 1,
            "eps": -0.2,
            "eps_growth_year": null,
            "eps_4q": -0.83,
            "eps_4q_growth_year": null,
            "roe": -1.69,
            "roe_4q": -6.86,
            "gross_profit": 92642,
            "gross_margin": 39.84,
            "gross_margin_4q_avg": 40.29,
            "net_income": -12319,
            "net_income_4q": null,
            "revenue": 232538,
            "revenue_4q": null,
            "common_shares": 620725,
            "book_valuer_per_share": 11.63,
            "book_valuer_per_share_4q_avg": 12,
            "equity": 721893,
            "current_ratio": 221.68,
            "debt_ratio": 35.33,
            "inventory_turnover_ratio": 0.55,
            "account_receivable_turnover_ratio": 1.96,
            "reinvestment_rate": null,
            "research_to_sale_ratio": 19.38,
            "price_fair": 23.8,
            "eps_avg_yearly": 0.68,
            "eps_latest_yearly": 0.24,
            "eps_growth_yearly": 217.22
        },
        "20182": {
            "year_quarter": 20182,
            "year": 2018,
            "quarter": 2,
            "eps": 0.1,
            "eps_growth_year": null,
            "eps_4q": -0.55,
            "eps_4q_growth_year": null,
            "roe": 0.86,
            "roe_4q": -4.59,
            "gross_profit": 99749,
            "gross_margin": 35.91,
            "gross_margin_4q_avg": 38.95,
            "net_income": 6240,
            "net_income_4q": null,
            "revenue": 277795,
            "revenue_4q": null,
            "common_shares": 620725,
            "book_valuer_per_share": 11.81,
            "book_valuer_per_share_4q_avg": 11.86,
            "equity": 733477,
            "current_ratio": 227.89,
            "debt_ratio": 34.72,
            "inventory_turnover_ratio": 0.62,
            "account_receivable_turnover_ratio": 2.29,
            "reinvestment_rate": null,
            "research_to_sale_ratio": 16.79,
            "price_fair": 23.8,
            "eps_avg_yearly": 0.68,
            "eps_latest_yearly": 0.24,
            "eps_growth_yearly": 217.22
        },
        "20183": {
            "year_quarter": 20183,
            "year": 2018,
            "quarter": 3,
            "eps": -0.02,
            "eps_growth_year": null,
            "eps_4q": -0.36,
            "eps_4q_growth_year": null,
            "roe": -0.24,
            "roe_4q": -3.04,
            "gross_profit": 97064,
            "gross_margin": 38.79,
            "gross_margin_4q_avg": 37.55,
            "net_income": -1724,
            "net_income_4q": null,
            "revenue": 250208,
            "revenue_4q": null,
            "common_shares": 620725,
            "book_valuer_per_share": 11.79,
            "book_valuer_per_share_4q_avg": 11.78,
            "equity": 731979,
            "current_ratio": 233.93,
            "debt_ratio": 34.37,
            "inventory_turnover_ratio": 0.56,
            "account_receivable_turnover_ratio": 1.86,
            "reinvestment_rate": null,
            "research_to_sale_ratio": 16.98,
            "price_fair": 23.8,
            "eps_avg_yearly": 0.68,
            "eps_latest_yearly": 0.24,
            "eps_growth_yearly": 217.22
        },
        "20184": {
            "year_quarter": 20184,
            "year": 2018,
            "quarter": 4,
            "eps": 0.18,
            "eps_growth_year": null,
            "eps_4q": 0.06,
            "eps_4q_growth_year": null,
            "roe": 1.51,
            "roe_4q": 0.43999999999999995,
            "gross_profit": 111320,
            "gross_margin": 43.94,
            "gross_margin_4q_avg": 39.62,
            "net_income": 11139,
            "net_income_4q": null,
            "revenue": 253332,
            "revenue_4q": null,
            "common_shares": 620725,
            "book_valuer_per_share": 11.98,
            "book_valuer_per_share_4q_avg": 11.8,
            "equity": 743478,
            "current_ratio": 239.22,
            "debt_ratio": 33.7,
            "inventory_turnover_ratio": 0.55,
            "account_receivable_turnover_ratio": 1.91,
            "reinvestment_rate": null,
            "research_to_sale_ratio": 18,
            "price_fair": 24.5,
            "eps_avg_yearly": 0.7,
            "eps_latest_yearly": 0.24,
            "eps_growth_yearly": 121.53
        },
        "20191": {
            "year_quarter": 20191,
            "year": 2019,
            "quarter": 1,
            "eps": -0.14,
            "eps_growth_year": null,
            "eps_4q": 0.11,
            "eps_4q_growth_year": null,
            "roe": -1.2,
            "roe_4q": 0.93,
            "gross_profit": 87987,
            "gross_margin": 38.87,
            "gross_margin_4q_avg": 39.38,
            "net_income": -8873,
            "net_income_4q": null,
            "revenue": 226386,
            "revenue_4q": null,
            "common_shares": 620725,
            "book_valuer_per_share": 11.82,
            "book_valuer_per_share_4q_avg": 11.85,
            "equity": 733742,
            "current_ratio": 212.8,
            "debt_ratio": 37.16,
            "inventory_turnover_ratio": 0.54,
            "account_receivable_turnover_ratio": 1.85,
            "reinvestment_rate": null,
            "research_to_sale_ratio": 20.3,
            "price_fair": 28.47,
            "eps_avg_yearly": 0.81,
            "eps_latest_yearly": 0.24,
            "eps_growth_yearly": 215.37
        },
        "20192": {
            "year_quarter": 20192,
            "year": 2019,
            "quarter": 2,
            "eps": 0.31,
            "eps_growth_year": 210,
            "eps_4q": 0.33,
            "eps_4q_growth_year": null,
            "roe": 2.63,
            "roe_4q": 2.7,
            "gross_profit": 109453,
            "gross_margin": 41.01,
            "gross_margin_4q_avg": 40.65,
            "net_income": 19585,
            "net_income_4q": null,
            "revenue": 266906,
            "revenue_4q": null,
            "common_shares": 620725,
            "book_valuer_per_share": 12.15,
            "book_valuer_per_share_4q_avg": 11.94,
            "equity": 754129,
            "current_ratio": 218.59,
            "debt_ratio": 36.48,
            "inventory_turnover_ratio": 0.58,
            "account_receivable_turnover_ratio": 2.55,
            "reinvestment_rate": null,
            "research_to_sale_ratio": 14.21,
            "price_fair": 31.5,
            "eps_avg_yearly": 0.9,
            "eps_latest_yearly": 0.24,
            "eps_growth_yearly": 167.5
        },
        "20193": {
            "year_quarter": 20193,
            "year": 2019,
            "quarter": 3,
            "eps": 0.22,
            "eps_growth_year": null,
            "eps_4q": 0.57,
            "eps_4q_growth_year": null,
            "roe": 1.77,
            "roe_4q": 4.71,
            "gross_profit": 110784,
            "gross_margin": 42.47,
            "gross_margin_4q_avg": 41.57,
            "net_income": 13440,
            "net_income_4q": null,
            "revenue": 260841,
            "revenue_4q": null,
            "common_shares": 620725,
            "book_valuer_per_share": 12.38,
            "book_valuer_per_share_4q_avg": 12.08,
            "equity": 768650,
            "current_ratio": 230.31,
            "debt_ratio": 35.47,
            "inventory_turnover_ratio": 0.54,
            "account_receivable_turnover_ratio": 2.35,
            "reinvestment_rate": null,
            "research_to_sale_ratio": 13.67,
            "price_fair": 1.68,
            "eps_avg_yearly": 0.56,
            "eps_latest_yearly": 0.88,
            "eps_growth_yearly": -178.06
        },
        "20194": {
            "year_quarter": 20194,
            "year": 2019,
            "quarter": 4,
            "eps": -0,
            "eps_growth_year": -102.6,
            "eps_4q": 0.39,
            "eps_4q_growth_year": 587.55,
            "roe": -0.04,
            "roe_4q": 3.1599999999999993,
            "gross_profit": 102192,
            "gross_margin": 43.94,
            "gross_margin_4q_avg": 41.57,
            "net_income": -303,
            "net_income_4q": null,
            "revenue": 232594,
            "revenue_4q": null,
            "common_shares": 620725,
            "book_valuer_per_share": 12.32,
            "book_valuer_per_share_4q_avg": 12.17,
            "equity": 764805,
            "current_ratio": 232.38,
            "debt_ratio": 35.02,
            "inventory_turnover_ratio": 0.47,
            "account_receivable_turnover_ratio": 2.13,
            "reinvestment_rate": null,
            "research_to_sale_ratio": 17,
            "price_fair": 1.68,
            "eps_avg_yearly": 0.56,
            "eps_latest_yearly": 0.88,
            "eps_growth_yearly": -178.06
        },
        "20201": {
            "year_quarter": 20201,
            "year": 2020,
            "quarter": 1,
            "eps": 0.26,
            "eps_growth_year": null,
            "eps_4q": 0.79,
            "eps_4q_growth_year": 606.72,
            "roe": 2.08,
            "roe_4q": 6.4399999999999995,
            "gross_profit": 117558,
            "gross_margin": 46.37,
            "gross_margin_4q_avg": 43.45,
            "net_income": 16057,
            "net_income_4q": null,
            "revenue": 253532,
            "revenue_4q": null,
            "common_shares": 620725,
            "book_valuer_per_share": 12.59,
            "book_valuer_per_share_4q_avg": 12.36,
            "equity": 781519,
            "current_ratio": 220.79,
            "debt_ratio": 36.97,
            "inventory_turnover_ratio": 0.47,
            "account_receivable_turnover_ratio": 2.34,
            "reinvestment_rate": null,
            "research_to_sale_ratio": 15.94,
            "price_fair": 1.68,
            "eps_avg_yearly": 0.56,
            "eps_latest_yearly": 0.88,
            "eps_growth_yearly": -178.06
        },
        "20202": {
            "year_quarter": 20202,
            "year": 2020,
            "quarter": 2,
            "eps": -0.14,
            "eps_growth_year": -145.16,
            "eps_4q": 0.33,
            "eps_4q_growth_year": 0.95,
            "roe": -1.14,
            "roe_4q": 2.67,
            "gross_profit": 67935,
            "gross_margin": 33.01,
            "gross_margin_4q_avg": 41.45,
            "net_income": -8812,
            "net_income_4q": null,
            "revenue": 205809,
            "revenue_4q": null,
            "common_shares": 620725,
            "book_valuer_per_share": 12.42,
            "book_valuer_per_share_4q_avg": 12.43,
            "equity": 770904,
            "current_ratio": 243.35,
            "debt_ratio": 34.46,
            "inventory_turnover_ratio": 0.48,
            "account_receivable_turnover_ratio": 1.88,
            "reinvestment_rate": null,
            "research_to_sale_ratio": 17.33,
            "price_fair": 2.64,
            "eps_avg_yearly": 0.88,
            "eps_latest_yearly": 0.88,
            "eps_growth_yearly": -116.13
        },
        "20203": {
            "year_quarter": 20203,
            "year": 2020,
            "quarter": 3,
            "eps": -0.38,
            "eps_growth_year": -272.73,
            "eps_4q": -0.26,
            "eps_4q_growth_year": -146.12,
            "roe": -3.07,
            "roe_4q": -2.17,
            "gross_profit": 65141,
            "gross_margin": 35.3,
            "gross_margin_4q_avg": 39.66,
            "net_income": -23299,
            "net_income_4q": null,
            "revenue": 184533,
            "revenue_4q": null,
            "common_shares": 620725,
            "book_valuer_per_share": 12.02,
            "book_valuer_per_share_4q_avg": 12.34,
            "equity": 746137,
            "current_ratio": 218.24,
            "debt_ratio": 38.38,
            "inventory_turnover_ratio": 0.43,
            "account_receivable_turnover_ratio": 2.32,
            "reinvestment_rate": null,
            "research_to_sale_ratio": 19.46,
            "price_fair": 2.64,
            "eps_avg_yearly": 0.88,
            "eps_latest_yearly": 0.88,
            "eps_growth_yearly": -116.13
        },
        "20204": {
            "year_quarter": 20204,
            "year": 2020,
            "quarter": 4,
            "eps": -0.24,
            "eps_growth_year": null,
            "eps_4q": -0.5,
            "eps_4q_growth_year": -228.55,
            "roe": -2,
            "roe_4q": -4.13,
            "gross_profit": 67600,
            "gross_margin": 39.35,
            "gross_margin_4q_avg": 38.51,
            "net_income": -14721,
            "net_income_4q": null,
            "revenue": 171784,
            "revenue_4q": null,
            "common_shares": 620725,
            "book_valuer_per_share": 11.75,
            "book_valuer_per_share_4q_avg": 12.2,
            "equity": 729516,
            "current_ratio": 233.47,
            "debt_ratio": 35.94,
            "inventory_turnover_ratio": 0.38,
            "account_receivable_turnover_ratio": 2.87,
            "reinvestment_rate": null,
            "research_to_sale_ratio": 21.58,
            "price_fair": 2.64,
            "eps_avg_yearly": 0.88,
            "eps_latest_yearly": 0.88,
            "eps_growth_yearly": -116.13
        },
        "20211": {
            "year_quarter": 20211,
            "year": 2021,
            "quarter": 1,
            "eps": -0.43,
            "eps_growth_year": -265.38,
            "eps_4q": -1.18,
            "eps_4q_growth_year": -249.96,
            "roe": -3.69,
            "roe_4q": -9.9,
            "gross_profit": 67090,
            "gross_margin": 33.41,
            "gross_margin_4q_avg": 35.27,
            "net_income": -26427,
            "net_income_4q": null,
            "revenue": 200831,
            "revenue_4q": null,
            "common_shares": 620725,
            "book_valuer_per_share": 11.33,
            "book_valuer_per_share_4q_avg": 11.88,
            "equity": 703207,
            "current_ratio": 218.43,
            "debt_ratio": 38.6,
            "inventory_turnover_ratio": 0.5,
            "account_receivable_turnover_ratio": 3.04,
            "reinvestment_rate": null,
            "research_to_sale_ratio": 21.66,
            "price_fair": 2.64,
            "eps_avg_yearly": 0.88,
            "eps_latest_yearly": 0.88,
            "eps_growth_yearly": -116.13
        },
        "20212": {
            "year_quarter": 20212,
            "year": 2021,
            "quarter": 2,
            "eps": 0.04,
            "eps_growth_year": null,
            "eps_4q": -1.01,
            "eps_4q_growth_year": -405.7,
            "roe": 0.28,
            "roe_4q": -8.48,
            "gross_profit": 76879,
            "gross_margin": 38.21,
            "gross_margin_4q_avg": 36.57,
            "net_income": 1969,
            "net_income_4q": null,
            "revenue": 201220,
            "revenue_4q": null,
            "common_shares": 620725,
            "book_valuer_per_share": 11.33,
            "book_valuer_per_share_4q_avg": 11.61,
            "equity": 703427,
            "current_ratio": 219.09,
            "debt_ratio": 38.15,
            "inventory_turnover_ratio": 0.44,
            "account_receivable_turnover_ratio": 2.23,
            "reinvestment_rate": null,
            "research_to_sale_ratio": 11.03,
            "price_fair": 2.64,
            "eps_avg_yearly": 0.88,
            "eps_latest_yearly": 0.88,
            "eps_growth_yearly": -116.13
        },
        "20213": {
            "year_quarter": 20213,
            "year": 2021,
            "quarter": 3,
            "eps": 0.31,
            "eps_growth_year": null,
            "eps_4q": -0.32,
            "eps_4q_growth_year": null,
            "roe": 2.67,
            "roe_4q": -2.7399999999999998,
            "gross_profit": 85771,
            "gross_margin": 37.17,
            "gross_margin_4q_avg": 37.04,
            "net_income": 19478,
            "net_income_4q": null,
            "revenue": 230741,
            "revenue_4q": null,
            "common_shares": 620725,
            "book_valuer_per_share": 12.14,
            "book_valuer_per_share_4q_avg": 11.64,
            "equity": 753510,
            "current_ratio": 528.75,
            "debt_ratio": 35.9,
            "inventory_turnover_ratio": 0.53,
            "account_receivable_turnover_ratio": 2.63,
            "reinvestment_rate": null,
            "research_to_sale_ratio": 8.44,
            "price_fair": 37.1,
            "eps_avg_yearly": 1.06,
            "eps_latest_yearly": 1.24,
            "eps_growth_yearly": 1291.94
        },
        "20214": {
            "year_quarter": 20214,
            "year": 2021,
            "quarter": 4,
            "eps": 0.17,
            "eps_growth_year": null,
            "eps_4q": 0.1,
            "eps_4q_growth_year": null,
            "roe": 1.44,
            "roe_4q": 0.6999999999999997,
            "gross_profit": 74518,
            "gross_margin": 38.33,
            "gross_margin_4q_avg": 36.78,
            "net_income": 11510,
            "net_income_4q": null,
            "revenue": 194413,
            "revenue_4q": null,
            "common_shares": 620725,
            "book_valuer_per_share": 13.57,
            "book_valuer_per_share_4q_avg": 12.09,
            "equity": 842131,
            "current_ratio": 456.67,
            "debt_ratio": 28.71,
            "inventory_turnover_ratio": 0.5,
            "account_receivable_turnover_ratio": 2.61,
            "reinvestment_rate": -2412.46,
            "research_to_sale_ratio": 8.25,
            "price_fair": 32.67,
            "eps_avg_yearly": 0.93,
            "eps_latest_yearly": 0.68,
            "eps_growth_yearly": 801.08
        },
        "20221": {
            "year_quarter": 20221,
            "year": 2022,
            "quarter": 1,
            "eps": 0.84,
            "eps_growth_year": null,
            "eps_4q": 1.32,
            "eps_4q_growth_year": null,
            "roe": 6.78,
            "roe_4q": 11.17,
            "gross_profit": 53089,
            "gross_margin": 39.36,
            "gross_margin_4q_avg": 38.27,
            "net_income": 58713,
            "net_income_4q": null,
            "revenue": 134878,
            "revenue_4q": null,
            "common_shares": 620725,
            "book_valuer_per_share": 14.34,
            "book_valuer_per_share_4q_avg": 12.85,
            "equity": 889904,
            "current_ratio": 478.55,
            "debt_ratio": 27.28,
            "inventory_turnover_ratio": 0.32,
            "account_receivable_turnover_ratio": 1.91,
            "reinvestment_rate": -172.61,
            "research_to_sale_ratio": 14.98,
            "price_fair": 53.9,
            "eps_avg_yearly": 1.54,
            "eps_latest_yearly": 3.36,
            "eps_growth_yearly": 994.92
        },
        "20222": {
            "year_quarter": 20222,
            "year": 2022,
            "quarter": 2,
            "eps": 0.54,
            "eps_growth_year": 1250,
            "eps_4q": 1.7,
            "eps_4q_growth_year": null,
            "roe": 4.06,
            "roe_4q": 14.95,
            "gross_profit": 146026,
            "gross_margin": 39.81,
            "gross_margin_4q_avg": 38.67,
            "net_income": 37982,
            "net_income_4q": null,
            "revenue": 366827,
            "revenue_4q": null,
            "common_shares": 696377,
            "book_valuer_per_share": 14.08,
            "book_valuer_per_share_4q_avg": 13.53,
            "equity": 980366,
            "current_ratio": 443.94,
            "debt_ratio": 23.9,
            "inventory_turnover_ratio": 0.71,
            "account_receivable_turnover_ratio": 3.24,
            "reinvestment_rate": -37.95,
            "research_to_sale_ratio": 5.38,
            "price_fair": 58.24,
            "eps_avg_yearly": 1.66,
            "eps_latest_yearly": 2.16,
            "eps_growth_yearly": 767.37
        },
        "20223": {
            "year_quarter": 20223,
            "year": 2022,
            "quarter": 3,
            "eps": 0.76,
            "eps_growth_year": 145.16,
            "eps_4q": 2.15,
            "eps_4q_growth_year": null,
            "roe": 5.72,
            "roe_4q": 18,
            "gross_profit": 123042,
            "gross_margin": 40.04,
            "gross_margin_4q_avg": 39.39,
            "net_income": 58696,
            "net_income_4q": null,
            "revenue": 307292,
            "revenue_4q": null,
            "common_shares": 751713,
            "book_valuer_per_share": 14.28,
            "book_valuer_per_share_4q_avg": 14.07,
            "equity": 1073531,
            "current_ratio": 426.21,
            "debt_ratio": 22.65,
            "inventory_turnover_ratio": 0.53,
            "account_receivable_turnover_ratio": 1.94,
            "reinvestment_rate": -27.13,
            "research_to_sale_ratio": 6.97,
            "price_fair": 66.27,
            "eps_avg_yearly": 1.89,
            "eps_latest_yearly": 3.04,
            "eps_growth_yearly": 666.63
        },
        "20224": {
            "year_quarter": 20224,
            "year": 2022,
            "quarter": 4,
            "eps": 0.83,
            "eps_growth_year": 396.42,
            "eps_4q": 2.83,
            "eps_4q_growth_year": 2872.79,
            "roe": 5.8,
            "roe_4q": 22.36,
            "gross_profit": 204664,
            "gross_margin": 45.61,
            "gross_margin_4q_avg": 41.21,
            "net_income": 64436,
            "net_income_4q": null,
            "revenue": 448738,
            "revenue_4q": null,
            "common_shares": 775270,
            "book_valuer_per_share": 14.84,
            "book_valuer_per_share_4q_avg": 14.39,
            "equity": 1150335,
            "current_ratio": 395.91,
            "debt_ratio": 23.13,
            "inventory_turnover_ratio": 0.69,
            "account_receivable_turnover_ratio": 2.46,
            "reinvestment_rate": -26.26,
            "research_to_sale_ratio": 3.47,
            "price_fair": 73.4,
            "eps_avg_yearly": 2.1,
            "eps_latest_yearly": 3.32,
            "eps_growth_yearly": 576.66
        },
        "20231": {
            "year_quarter": 20231,
            "year": 2023,
            "quarter": 1,
            "eps": 1.12,
            "eps_growth_year": 33.33,
            "eps_4q": 3.19,
            "eps_4q_growth_year": 141.97,
            "roe": 7.28,
            "roe_4q": 22.86,
            "gross_profit": 212756,
            "gross_margin": 43.01,
            "gross_margin_4q_avg": 42.12,
            "net_income": 86911,
            "net_income_4q": null,
            "revenue": 494611,
            "revenue_4q": null,
            "common_shares": 777562,
            "book_valuer_per_share": 15.92,
            "book_valuer_per_share_4q_avg": 14.78,
            "equity": 1237737,
            "current_ratio": 368.39,
            "debt_ratio": 25.04,
            "inventory_turnover_ratio": 0.77,
            "account_receivable_turnover_ratio": 2.03,
            "reinvestment_rate": -18.02,
            "research_to_sale_ratio": 3.82,
            "price_fair": 83.83,
            "eps_avg_yearly": 2.4,
            "eps_latest_yearly": 4.48,
            "eps_growth_yearly": 522.05
        },
        "20232": {
            "year_quarter": 20232,
            "year": 2023,
            "quarter": 2,
            "eps": 1.24,
            "eps_growth_year": 129.63,
            "eps_4q": 3.94,
            "eps_4q_growth_year": 131.83,
            "roe": 7.86,
            "roe_4q": 26.66,
            "gross_profit": 207294,
            "gross_margin": 44.68,
            "gross_margin_4q_avg": 43.34,
            "net_income": 96668,
            "net_income_4q": null,
            "revenue": 463937,
            "revenue_4q": null,
            "common_shares": 778511,
            "book_valuer_per_share": 15.68,
            "book_valuer_per_share_4q_avg": 15.18,
            "equity": 1220717,
            "current_ratio": 296.08,
            "debt_ratio": 30.61,
            "inventory_turnover_ratio": 0.68,
            "account_receivable_turnover_ratio": 1.84,
            "reinvestment_rate": -9.69,
            "research_to_sale_ratio": 6.5,
            "price_fair": 93.8,
            "eps_avg_yearly": 2.68,
            "eps_latest_yearly": 4.96,
            "eps_growth_yearly": 468.81
        },
        "20233": {
            "year_quarter": 20233,
            "year": 2023,
            "quarter": 3,
            "eps": 0.07,
            "eps_growth_year": -90.79,
            "eps_4q": 3.26,
            "eps_4q_growth_year": 51.34,
            "roe": 0.45,
            "roe_4q": 21.39,
            "gross_profit": 93708,
            "gross_margin": 38.19,
            "gross_margin_4q_avg": 42.87,
            "net_income": 5739,
            "net_income_4q": null,
            "revenue": 245378,
            "revenue_4q": null,
            "common_shares": 778827,
            "book_valuer_per_share": 17.16,
            "book_valuer_per_share_4q_avg": 15.9,
            "equity": 1336119,
            "current_ratio": 362.74,
            "debt_ratio": 23.73,
            "inventory_turnover_ratio": 0.4,
            "account_receivable_turnover_ratio": 1.38,
            "reinvestment_rate": -8.9,
            "research_to_sale_ratio": 9.62,
            "price_fair": 91.47,
            "eps_avg_yearly": 2.61,
            "eps_latest_yearly": 0.28,
            "eps_growth_yearly": 439.77
        }
    },
    "months": {
        "2001-09": {
            "month": "2001-09",
            "price": "15.40",
            "revenue": 37168
        },
        "2001-10": {
            "month": "2001-10",
            "price": "16.39",
            "revenue": 28885
        },
        "2001-11": {
            "month": "2001-11",
            "price": "21.46",
            "revenue": 53673
        },
        "2001-12": {
            "month": "2001-12",
            "price": "36.54",
            "revenue": 63635
        },
        "2002-01": {
            "month": "2002-01",
            "price": "41.12",
            "revenue": 48516
        },
        "2002-02": {
            "month": "2002-02",
            "price": "38.12",
            "revenue": 61048
        },
        "2002-03": {
            "month": "2002-03",
            "price": "39.09",
            "revenue": 36118
        },
        "2002-04": {
            "month": "2002-04",
            "price": "38.20",
            "revenue": 45242
        },
        "2002-05": {
            "month": "2002-05",
            "price": "27.56",
            "revenue": 34089
        },
        "2002-06": {
            "month": "2002-06",
            "price": "26.58",
            "revenue": 39916
        },
        "2002-07": {
            "month": "2002-07",
            "price": "23.00",
            "revenue": 50300
        },
        "2002-08": {
            "month": "2002-08",
            "price": "21.15",
            "revenue": 83439
        },
        "2002-09": {
            "month": "2002-09",
            "price": "22.18",
            "revenue": 67746
        },
        "2002-10": {
            "month": "2002-10",
            "price": "21.47",
            "revenue": 46698
        },
        "2002-11": {
            "month": "2002-11",
            "price": "22.37",
            "revenue": 51303
        },
        "2002-12": {
            "month": "2002-12",
            "price": "21.28",
            "revenue": 70312
        },
        "2003-01": {
            "month": "2003-01",
            "price": "21.77",
            "revenue": 51414
        },
        "2003-02": {
            "month": "2003-02",
            "price": "21.08",
            "revenue": 37804
        },
        "2003-03": {
            "month": "2003-03",
            "price": "20.56",
            "revenue": 98109
        },
        "2003-04": {
            "month": "2003-04",
            "price": "23.17",
            "revenue": 76392
        },
        "2003-05": {
            "month": "2003-05",
            "price": "22.10",
            "revenue": 73174
        },
        "2003-06": {
            "month": "2003-06",
            "price": "25.21",
            "revenue": 41231
        },
        "2003-07": {
            "month": "2003-07",
            "price": "28.40",
            "revenue": 51723
        },
        "2003-08": {
            "month": "2003-08",
            "price": "22.94",
            "revenue": 48474
        },
        "2003-09": {
            "month": "2003-09",
            "price": "21.49",
            "revenue": 39426
        },
        "2003-10": {
            "month": "2003-10",
            "price": "22.40",
            "revenue": 45940
        },
        "2003-11": {
            "month": "2003-11",
            "price": "22.21",
            "revenue": 51679
        },
        "2003-12": {
            "month": "2003-12",
            "price": "20.97",
            "revenue": 63640
        },
        "2004-01": {
            "month": "2004-01",
            "price": "20.61",
            "revenue": 55108
        },
        "2004-02": {
            "month": "2004-02",
            "price": "24.56",
            "revenue": 54917
        },
        "2004-03": {
            "month": "2004-03",
            "price": "25.13",
            "revenue": 87905
        },
        "2004-04": {
            "month": "2004-04",
            "price": "25.47",
            "revenue": 68024
        },
        "2004-05": {
            "month": "2004-05",
            "price": "23.69",
            "revenue": 95223
        },
        "2004-06": {
            "month": "2004-06",
            "price": "21.91",
            "revenue": 99588
        },
        "2004-07": {
            "month": "2004-07",
            "price": "20.23",
            "revenue": 92068
        },
        "2004-08": {
            "month": "2004-08",
            "price": "19.60",
            "revenue": 85157
        },
        "2004-09": {
            "month": "2004-09",
            "price": "20.74",
            "revenue": 142105
        },
        "2004-10": {
            "month": "2004-10",
            "price": "20.97",
            "revenue": 70678
        },
        "2004-11": {
            "month": "2004-11",
            "price": "21.24",
            "revenue": 136145
        },
        "2004-12": {
            "month": "2004-12",
            "price": "21.53",
            "revenue": 168431
        },
        "2005-01": {
            "month": "2005-01",
            "price": "21.25",
            "revenue": 81925
        },
        "2005-02": {
            "month": "2005-02",
            "price": "22.47",
            "revenue": 90526
        },
        "2005-03": {
            "month": "2005-03",
            "price": "22.50",
            "revenue": 98216
        },
        "2005-04": {
            "month": "2005-04",
            "price": "21.02",
            "revenue": 80433
        },
        "2005-05": {
            "month": "2005-05",
            "price": "20.16",
            "revenue": 65278
        },
        "2005-06": {
            "month": "2005-06",
            "price": "20.67",
            "revenue": 78216
        },
        "2005-07": {
            "month": "2005-07",
            "price": "20.58",
            "revenue": 56147
        },
        "2005-08": {
            "month": "2005-08",
            "price": "19.48",
            "revenue": 58768
        },
        "2005-09": {
            "month": "2005-09",
            "price": "19.43",
            "revenue": 103516
        },
        "2005-10": {
            "month": "2005-10",
            "price": "17.70",
            "revenue": 74333
        },
        "2005-11": {
            "month": "2005-11",
            "price": "17.42",
            "revenue": 87121
        },
        "2005-12": {
            "month": "2005-12",
            "price": "19.19",
            "revenue": 77339
        },
        "2006-01": {
            "month": "2006-01",
            "price": "19.32",
            "revenue": 61265
        },
        "2006-02": {
            "month": "2006-02",
            "price": "18.33",
            "revenue": 60909
        },
        "2006-03": {
            "month": "2006-03",
            "price": "16.53",
            "revenue": 85551
        },
        "2006-04": {
            "month": "2006-04",
            "price": "16.86",
            "revenue": 68304
        },
        "2006-05": {
            "month": "2006-05",
            "price": "16.52",
            "revenue": 70075
        },
        "2006-06": {
            "month": "2006-06",
            "price": "15.16",
            "revenue": 92914
        },
        "2006-07": {
            "month": "2006-07",
            "price": "15.12",
            "revenue": 63893
        },
        "2006-08": {
            "month": "2006-08",
            "price": "15.36",
            "revenue": 83653
        },
        "2006-09": {
            "month": "2006-09",
            "price": "15.22",
            "revenue": 94735
        },
        "2006-10": {
            "month": "2006-10",
            "price": "15.88",
            "revenue": 77045
        },
        "2006-11": {
            "month": "2006-11",
            "price": "16.02",
            "revenue": 98371
        },
        "2006-12": {
            "month": "2006-12",
            "price": "20.99",
            "revenue": 86764
        },
        "2007-01": {
            "month": "2007-01",
            "price": "26.85",
            "revenue": 70457
        },
        "2007-02": {
            "month": "2007-02",
            "price": "32.50",
            "revenue": 58531
        },
        "2007-03": {
            "month": "2007-03",
            "price": "39.07",
            "revenue": 107568
        },
        "2007-04": {
            "month": "2007-04",
            "price": "50.71",
            "revenue": 88959
        },
        "2007-05": {
            "month": "2007-05",
            "price": "48.37",
            "revenue": 82043
        },
        "2007-06": {
            "month": "2007-06",
            "price": "54.03",
            "revenue": 102721
        },
        "2007-07": {
            "month": "2007-07",
            "price": "72.18",
            "revenue": 89832
        },
        "2007-08": {
            "month": "2007-08",
            "price": "67.98",
            "revenue": 85037
        },
        "2007-09": {
            "month": "2007-09",
            "price": "73.58",
            "revenue": 73106
        },
        "2007-10": {
            "month": "2007-10",
            "price": "68.79",
            "revenue": 84561
        },
        "2007-11": {
            "month": "2007-11",
            "price": "53.26",
            "revenue": 71392
        },
        "2007-12": {
            "month": "2007-12",
            "price": "39.40",
            "revenue": 108956
        },
        "2008-01": {
            "month": "2008-01",
            "price": "30.84",
            "revenue": 72268
        },
        "2008-02": {
            "month": "2008-02",
            "price": "33.54",
            "revenue": 56995
        },
        "2008-03": {
            "month": "2008-03",
            "price": "34.46",
            "revenue": 53885
        },
        "2008-04": {
            "month": "2008-04",
            "price": "32.68",
            "revenue": 85971
        },
        "2008-05": {
            "month": "2008-05",
            "price": "31.65",
            "revenue": 81157
        },
        "2008-06": {
            "month": "2008-06",
            "price": "26.74",
            "revenue": 91680
        },
        "2008-07": {
            "month": "2008-07",
            "price": "20.61",
            "revenue": 75651
        },
        "2008-08": {
            "month": "2008-08",
            "price": "22.10",
            "revenue": 97375
        },
        "2008-09": {
            "month": "2008-09",
            "price": "17.38",
            "revenue": 85787
        },
        "2008-10": {
            "month": "2008-10",
            "price": "13.50",
            "revenue": 81495
        },
        "2008-11": {
            "month": "2008-11",
            "price": "12.38",
            "revenue": 61855
        },
        "2008-12": {
            "month": "2008-12",
            "price": "12.77",
            "revenue": 80545
        },
        "2009-01": {
            "month": "2009-01",
            "price": "13.02",
            "revenue": 38626
        },
        "2009-02": {
            "month": "2009-02",
            "price": "12.58",
            "revenue": 60836
        },
        "2009-03": {
            "month": "2009-03",
            "price": "13.61",
            "revenue": 93514
        },
        "2009-04": {
            "month": "2009-04",
            "price": "16.73",
            "revenue": 88600
        },
        "2009-05": {
            "month": "2009-05",
            "price": "16.16",
            "revenue": 94214
        },
        "2009-06": {
            "month": "2009-06",
            "price": "18.66",
            "revenue": 96098
        },
        "2009-07": {
            "month": "2009-07",
            "price": "18.97",
            "revenue": 82350
        },
        "2009-08": {
            "month": "2009-08",
            "price": "19.22",
            "revenue": 69901
        },
        "2009-09": {
            "month": "2009-09",
            "price": "22.53",
            "revenue": 88624
        },
        "2009-10": {
            "month": "2009-10",
            "price": "29.33",
            "revenue": 83314
        },
        "2009-11": {
            "month": "2009-11",
            "price": "26.28",
            "revenue": 67711
        },
        "2009-12": {
            "month": "2009-12",
            "price": "27.96",
            "revenue": 70927
        },
        "2010-01": {
            "month": "2010-01",
            "price": "26.63",
            "revenue": 56280
        },
        "2010-02": {
            "month": "2010-02",
            "price": "21.98",
            "revenue": 53321
        },
        "2010-03": {
            "month": "2010-03",
            "price": "24.12",
            "revenue": 64608
        },
        "2010-04": {
            "month": "2010-04",
            "price": "26.23",
            "revenue": 68854
        },
        "2010-05": {
            "month": "2010-05",
            "price": "21.42",
            "revenue": 82183
        },
        "2010-06": {
            "month": "2010-06",
            "price": "20.79",
            "revenue": 77904
        },
        "2010-07": {
            "month": "2010-07",
            "price": "20.93",
            "revenue": 92875
        },
        "2010-08": {
            "month": "2010-08",
            "price": "21.49",
            "revenue": 93170
        },
        "2010-09": {
            "month": "2010-09",
            "price": "19.97",
            "revenue": 80763
        },
        "2010-10": {
            "month": "2010-10",
            "price": "18.87",
            "revenue": 66085
        },
        "2010-11": {
            "month": "2010-11",
            "price": "16.43",
            "revenue": 78674
        },
        "2010-12": {
            "month": "2010-12",
            "price": "17.45",
            "revenue": 88904
        },
        "2011-01": {
            "month": "2011-01",
            "price": "17.52",
            "revenue": 70642
        },
        "2011-02": {
            "month": "2011-02",
            "price": "16.36",
            "revenue": 64603
        },
        "2011-03": {
            "month": "2011-03",
            "price": "15.90",
            "revenue": 71192
        },
        "2011-04": {
            "month": "2011-04",
            "price": "15.72",
            "revenue": 67189
        },
        "2011-05": {
            "month": "2011-05",
            "price": "15.69",
            "revenue": 76440
        },
        "2011-06": {
            "month": "2011-06",
            "price": "14.51",
            "revenue": 69139
        },
        "2011-07": {
            "month": "2011-07",
            "price": "13.09",
            "revenue": 63267
        },
        "2011-08": {
            "month": "2011-08",
            "price": "11.29",
            "revenue": 70481
        },
        "2011-09": {
            "month": "2011-09",
            "price": "10.80",
            "revenue": 64837
        },
        "2011-10": {
            "month": "2011-10",
            "price": "12.14",
            "revenue": 48030
        },
        "2011-11": {
            "month": "2011-11",
            "price": "11.56",
            "revenue": 43504
        },
        "2011-12": {
            "month": "2011-12",
            "price": "10.13",
            "revenue": 80752
        },
        "2012-01": {
            "month": "2012-01",
            "price": "10.19",
            "revenue": 52140
        },
        "2012-02": {
            "month": "2012-02",
            "price": "12.01",
            "revenue": 51537
        },
        "2012-03": {
            "month": "2012-03",
            "price": "12.13",
            "revenue": 63034
        },
        "2012-04": {
            "month": "2012-04",
            "price": "10.57",
            "revenue": 54977
        },
        "2012-05": {
            "month": "2012-05",
            "price": "10.21",
            "revenue": 58922
        },
        "2012-06": {
            "month": "2012-06",
            "price": "9.99",
            "revenue": 62528
        },
        "2012-07": {
            "month": "2012-07",
            "price": "9.92",
            "revenue": 47482
        },
        "2012-08": {
            "month": "2012-08",
            "price": "10.05",
            "revenue": 47850
        },
        "2012-09": {
            "month": "2012-09",
            "price": "11.26",
            "revenue": 58170
        },
        "2012-10": {
            "month": "2012-10",
            "price": "10.73",
            "revenue": 50313
        },
        "2012-11": {
            "month": "2012-11",
            "price": "10.15",
            "revenue": 53807
        },
        "2012-12": {
            "month": "2012-12",
            "price": "10.52",
            "revenue": 47863
        },
        "2013-01": {
            "month": "2013-01",
            "price": "11.11",
            "revenue": 40139
        },
        "2013-02": {
            "month": "2013-02",
            "price": "11.70",
            "revenue": 42038
        },
        "2013-03": {
            "month": "2013-03",
            "price": "11.57",
            "revenue": 61683
        },
        "2013-04": {
            "month": "2013-04",
            "price": "11.44",
            "revenue": 69465
        },
        "2013-05": {
            "month": "2013-05",
            "price": "11.49",
            "revenue": 80765
        },
        "2013-06": {
            "month": "2013-06",
            "price": "11.78",
            "revenue": 64180
        },
        "2013-07": {
            "month": "2013-07",
            "price": "11.65",
            "revenue": 52120
        },
        "2013-08": {
            "month": "2013-08",
            "price": "13.22",
            "revenue": 62627
        },
        "2013-09": {
            "month": "2013-09",
            "price": "13.11",
            "revenue": 43480
        },
        "2013-10": {
            "month": "2013-10",
            "price": "13.80",
            "revenue": 75292
        },
        "2013-11": {
            "month": "2013-11",
            "price": "15.90",
            "revenue": 66065
        },
        "2013-12": {
            "month": "2013-12",
            "price": "16.43",
            "revenue": 51142
        },
        "2014-01": {
            "month": "2014-01",
            "price": "17.30",
            "revenue": 54574
        },
        "2014-02": {
            "month": "2014-02",
            "price": "16.51",
            "revenue": 37721
        },
        "2014-03": {
            "month": "2014-03",
            "price": "15.50",
            "revenue": 46446
        },
        "2014-04": {
            "month": "2014-04",
            "price": "14.16",
            "revenue": 69571
        },
        "2014-05": {
            "month": "2014-05",
            "price": "14.01",
            "revenue": 52502
        },
        "2014-06": {
            "month": "2014-06",
            "price": "13.79",
            "revenue": 64614
        },
        "2014-07": {
            "month": "2014-07",
            "price": "13.72",
            "revenue": 88669
        },
        "2014-08": {
            "month": "2014-08",
            "price": "13.69",
            "revenue": 50710
        },
        "2014-09": {
            "month": "2014-09",
            "price": "15.04",
            "revenue": 59430
        },
        "2014-10": {
            "month": "2014-10",
            "price": "20.31",
            "revenue": 64188
        },
        "2014-11": {
            "month": "2014-11",
            "price": "22.06",
            "revenue": 69790
        },
        "2014-12": {
            "month": "2014-12",
            "price": "20.82",
            "revenue": 80319
        },
        "2015-01": {
            "month": "2015-01",
            "price": "19.20",
            "revenue": 62210
        },
        "2015-02": {
            "month": "2015-02",
            "price": "17.59",
            "revenue": 33200
        },
        "2015-03": {
            "month": "2015-03",
            "price": "19.30",
            "revenue": 110958
        },
        "2015-04": {
            "month": "2015-04",
            "price": "18.76",
            "revenue": 79663
        },
        "2015-05": {
            "month": "2015-05",
            "price": "18.12",
            "revenue": 73782
        },
        "2015-06": {
            "month": "2015-06",
            "price": "15.42",
            "revenue": 69989
        },
        "2015-07": {
            "month": "2015-07",
            "price": "17.40",
            "revenue": 81266
        },
        "2015-08": {
            "month": "2015-08",
            "price": "13.27",
            "revenue": 73108
        },
        "2015-09": {
            "month": "2015-09",
            "price": "12.64",
            "revenue": 78109
        },
        "2015-10": {
            "month": "2015-10",
            "price": "13.90",
            "revenue": 45934
        },
        "2015-11": {
            "month": "2015-11",
            "price": "14.09",
            "revenue": 54479
        },
        "2015-12": {
            "month": "2015-12",
            "price": "13.45",
            "revenue": 80624
        },
        "2016-01": {
            "month": "2016-01",
            "price": "11.76",
            "revenue": 61878
        },
        "2016-02": {
            "month": "2016-02",
            "price": "12.39",
            "revenue": 49101
        },
        "2016-03": {
            "month": "2016-03",
            "price": "14.46",
            "revenue": 97059
        },
        "2016-04": {
            "month": "2016-04",
            "price": "14.29",
            "revenue": 69757
        },
        "2016-05": {
            "month": "2016-05",
            "price": "12.39",
            "revenue": 82734
        },
        "2016-06": {
            "month": "2016-06",
            "price": "13.02",
            "revenue": 68744
        },
        "2016-07": {
            "month": "2016-07",
            "price": "13.81",
            "revenue": 85113
        },
        "2016-08": {
            "month": "2016-08",
            "price": "13.91",
            "revenue": 71796
        },
        "2016-09": {
            "month": "2016-09",
            "price": "13.85",
            "revenue": 87297
        },
        "2016-10": {
            "month": "2016-10",
            "price": "13.85",
            "revenue": 50223
        },
        "2016-11": {
            "month": "2016-11",
            "price": "13.10",
            "revenue": 70603
        },
        "2016-12": {
            "month": "2016-12",
            "price": "13.12",
            "revenue": 95093
        },
        "2017-01": {
            "month": "2017-01",
            "price": "13.06",
            "revenue": 57626
        },
        "2017-02": {
            "month": "2017-02",
            "price": "13.58",
            "revenue": 55126
        },
        "2017-03": {
            "month": "2017-03",
            "price": "13.96",
            "revenue": 70403
        },
        "2017-04": {
            "month": "2017-04",
            "price": "14.29",
            "revenue": 54962
        },
        "2017-05": {
            "month": "2017-05",
            "price": "13.08",
            "revenue": 66245
        },
        "2017-06": {
            "month": "2017-06",
            "price": "13.10",
            "revenue": 93353
        },
        "2017-07": {
            "month": "2017-07",
            "price": "13.18",
            "revenue": 66979
        },
        "2017-08": {
            "month": "2017-08",
            "price": "13.08",
            "revenue": 70333
        },
        "2017-09": {
            "month": "2017-09",
            "price": "12.85",
            "revenue": 61640
        },
        "2017-10": {
            "month": "2017-10",
            "price": "12.67",
            "revenue": 74537
        },
        "2017-11": {
            "month": "2017-11",
            "price": "12.73",
            "revenue": 65094
        },
        "2017-12": {
            "month": "2017-12",
            "price": "12.47",
            "revenue": 99892
        },
        "2018-01": {
            "month": "2018-01",
            "price": "12.31",
            "revenue": 77377
        },
        "2018-02": {
            "month": "2018-02",
            "price": "12.25",
            "revenue": 79690
        },
        "2018-03": {
            "month": "2018-03",
            "price": "12.99",
            "revenue": 75471
        },
        "2018-04": {
            "month": "2018-04",
            "price": "12.77",
            "revenue": 75925
        },
        "2018-05": {
            "month": "2018-05",
            "price": "12.23",
            "revenue": 99377
        },
        "2018-06": {
            "month": "2018-06",
            "price": "12.45",
            "revenue": 101528
        },
        "2018-07": {
            "month": "2018-07",
            "price": "12.56",
            "revenue": 89456
        },
        "2018-08": {
            "month": "2018-08",
            "price": "12.52",
            "revenue": 84617
        },
        "2018-09": {
            "month": "2018-09",
            "price": "12.31",
            "revenue": 75655
        },
        "2018-10": {
            "month": "2018-10",
            "price": "11.99",
            "revenue": 87694
        },
        "2018-11": {
            "month": "2018-11",
            "price": "11.52",
            "revenue": 87561
        },
        "2018-12": {
            "month": "2018-12",
            "price": "11.16",
            "revenue": 78995
        },
        "2019-01": {
            "month": "2019-01",
            "price": "11.02",
            "revenue": 83003
        },
        "2019-02": {
            "month": "2019-02",
            "price": "11.42",
            "revenue": 64599
        },
        "2019-03": {
            "month": "2019-03",
            "price": "11.15",
            "revenue": 78774
        },
        "2019-04": {
            "month": "2019-04",
            "price": "11.10",
            "revenue": 84091
        },
        "2019-05": {
            "month": "2019-05",
            "price": "10.84",
            "revenue": 87707
        },
        "2019-06": {
            "month": "2019-06",
            "price": "10.59",
            "revenue": 95178
        },
        "2019-07": {
            "month": "2019-07",
            "price": "10.57",
            "revenue": 80272
        },
        "2019-08": {
            "month": "2019-08",
            "price": "10.75",
            "revenue": 96100
        },
        "2019-09": {
            "month": "2019-09",
            "price": "13.25",
            "revenue": 87979
        },
        "2019-10": {
            "month": "2019-10",
            "price": "13.73",
            "revenue": 84756
        },
        "2019-11": {
            "month": "2019-11",
            "price": "12.64",
            "revenue": 74478
        },
        "2019-12": {
            "month": "2019-12",
            "price": "12.10",
            "revenue": 69795
        },
        "2020-01": {
            "month": "2020-01",
            "price": "11.83",
            "revenue": 97576
        },
        "2020-02": {
            "month": "2020-02",
            "price": "12.00",
            "revenue": 79529
        },
        "2020-03": {
            "month": "2020-03",
            "price": "10.71",
            "revenue": 76488
        },
        "2020-04": {
            "month": "2020-04",
            "price": "10.00",
            "revenue": 72390
        },
        "2020-05": {
            "month": "2020-05",
            "price": "10.84",
            "revenue": 66795
        },
        "2020-06": {
            "month": "2020-06",
            "price": "11.46",
            "revenue": 66672
        },
        "2020-07": {
            "month": "2020-07",
            "price": "11.58",
            "revenue": 62460
        },
        "2020-08": {
            "month": "2020-08",
            "price": "10.91",
            "revenue": 67587
        },
        "2020-09": {
            "month": "2020-09",
            "price": "10.60",
            "revenue": 54136
        },
        "2020-10": {
            "month": "2020-10",
            "price": "10.19",
            "revenue": 59396
        },
        "2020-11": {
            "month": "2020-11",
            "price": "10.19",
            "revenue": 65656
        },
        "2020-12": {
            "month": "2020-12",
            "price": "10.73",
            "revenue": 46853
        },
        "2021-01": {
            "month": "2021-01",
            "price": "10.65",
            "revenue": 74119
        },
        "2021-02": {
            "month": "2021-02",
            "price": "10.47",
            "revenue": 62772
        },
        "2021-03": {
            "month": "2021-03",
            "price": "10.78",
            "revenue": 63856
        },
        "2021-04": {
            "month": "2021-04",
            "price": "12.84",
            "revenue": 66909
        },
        "2021-05": {
            "month": "2021-05",
            "price": "11.53",
            "revenue": 52375
        },
        "2021-06": {
            "month": "2021-06",
            "price": "12.03",
            "revenue": 81609
        },
        "2021-07": {
            "month": "2021-07",
            "price": "13.10",
            "revenue": 67775
        },
        "2021-08": {
            "month": "2021-08",
            "price": "12.11",
            "revenue": 85143
        },
        "2021-09": {
            "month": "2021-09",
            "price": "12.76",
            "revenue": 78982
        },
        "2021-10": {
            "month": "2021-10",
            "price": "12.74",
            "revenue": 62352
        },
        "2021-11": {
            "month": "2021-11",
            "price": "14.29",
            "revenue": 49843
        },
        "2021-12": {
            "month": "2021-12",
            "price": "16.47",
            "revenue": 81885
        },
        "2022-01": {
            "month": "2022-01",
            "price": "15.38",
            "revenue": 56257
        },
        "2022-02": {
            "month": "2022-02",
            "price": "15.79",
            "revenue": 21422
        },
        "2022-03": {
            "month": "2022-03",
            "price": "14.12",
            "revenue": 57328
        },
        "2022-04": {
            "month": "2022-04",
            "price": "12.59",
            "revenue": 129740
        },
        "2022-05": {
            "month": "2022-05",
            "price": "16.34",
            "revenue": 139424
        },
        "2022-06": {
            "month": "2022-06",
            "price": "24.80",
            "revenue": 98334
        },
        "2022-07": {
            "month": "2022-07",
            "price": "27.42",
            "revenue": 85375
        },
        "2022-08": {
            "month": "2022-08",
            "price": "26.80",
            "revenue": 114766
        },
        "2022-09": {
            "month": "2022-09",
            "price": "22.61",
            "revenue": 107942
        },
        "2022-10": {
            "month": "2022-10",
            "price": "21.46",
            "revenue": 138693
        },
        "2022-11": {
            "month": "2022-11",
            "price": "23.86",
            "revenue": 152305
        },
        "2022-12": {
            "month": "2022-12",
            "price": "25.76",
            "revenue": 159535
        },
        "2023-01": {
            "month": "2023-01",
            "price": "27.53",
            "revenue": 153658
        },
        "2023-02": {
            "month": "2023-02",
            "price": "43.58",
            "revenue": 159426
        },
        "2023-03": {
            "month": "2023-03",
            "price": "55.61",
            "revenue": 181795
        },
        "2023-04": {
            "month": "2023-04",
            "price": "67.54",
            "revenue": 162578
        },
        "2023-05": {
            "month": "2023-05",
            "price": "65.06",
            "revenue": 160700
        },
        "2023-06": {
            "month": "2023-06",
            "price": "70.41",
            "revenue": 140372
        },
        "2023-07": {
            "month": "2023-07",
            "price": "65.46",
            "revenue": 73902
        },
        "2023-08": {
            "month": "2023-08",
            "price": "51.78",
            "revenue": 84327
        },
        "2023-09": {
            "month": "2023-09",
            "price": "47.17",
            "revenue": 86223
        },
        "2023-10": {
            "month": "2023-10",
            "price": "41.67",
            "revenue": 83149
        },
        "2023-11": {
            "month": "2023-11",
            "price": "39.67",
            "revenue": 86216
        },
        "2023-12": {
            "month": "2023-12",
            "price": "41.57",
            "revenue": 66396
        }
    }
}
