{
    "summary": {
        "stock_name": "百容",
        "stock_id": "2483",
        "category": "電子零組件",
        "main_business": "半導體導線架<br>程式開關<br>步進馬達",
        "website_url": "http://www.ece.com.tw",
        "ceo": "廖本林",
        "pe_ratio": 28,
        "report_year_from": 2001,
        "report_year_to": 2023,
        "age": 22,
        "eps_negative_percentage": 9,
        "eps_growth_avg": {
            "last_all": -7.51,
            "last_2y": 16.13,
            "last_4y": 9.7,
            "last_8y": 9.55,
            "last_12y": -0.19,
            "last_16y": -7.95,
            "last_20y": -7.51,
            "at_2006_last_3y": 7.2,
            "at_2007_last_3y": -5.4,
            "at_2008_last_3y": -22.74,
            "at_2009_last_3y": -31.24,
            "at_2010_last_3y": -9.46,
            "at_2011_last_3y": -20.22,
            "at_2012_last_3y": -30.38,
            "at_2013_last_3y": -29.4,
            "at_2014_last_3y": -46.67,
            "at_2015_last_3y": -15.23,
            "at_2016_last_3y": 15.79,
            "at_2017_last_3y": 9.36,
            "at_2018_last_3y": -1.82,
            "at_2019_last_3y": -4.19,
            "at_2020_last_3y": -14.52,
            "at_2021_last_3y": 9.63,
            "at_2022_last_3y": 11.26,
            "at_2023_last_3y": 11.26,
            "at_2006_last_all": -2.04,
            "at_2007_last_all": -9.22,
            "at_2008_last_all": -16.38,
            "at_2009_last_all": -18.5,
            "at_2010_last_all": -5.34,
            "at_2011_last_all": -13.62,
            "at_2012_last_all": -21.47,
            "at_2013_last_all": -21.47,
            "at_2014_last_all": -15.67,
            "at_2015_last_all": -13.99,
            "at_2016_last_all": -13.49,
            "at_2017_last_all": -13.25,
            "at_2018_last_all": -12.21,
            "at_2019_last_all": -11.69,
            "at_2020_last_all": -13.72,
            "at_2021_last_all": -8.44,
            "at_2022_last_all": -7.51,
            "at_2023_last_all": -7.51
        },
        "latest_eps": 1,
        "latest_price": 27.9,
        "latest_roe": 4.42,
        "latest_gross_margin": 15.2,
        "latest_equity": 2525646,
        "latest_revenue": 443499,
        "latest_gross_profit": 67397,
        "latest_net_income": -3497,
        "latest_debt_ratio": 43.43,
        "latest_current_ratio": 118.33,
        "latest_account_receivable_turnover_ratio": 1.23,
        "latest_inventory_turnover_ratio": 0.83,
        "latest_reinvestment_rate": 168.4,
        "latest_research_to_sale_ratio": 5.22
    },
    "eps_dividends": {
        "1998": {
            "cash": 0,
            "stock": 3,
            "eps": 0
        },
        "1999": {
            "cash": 0,
            "stock": 3,
            "eps": 0
        },
        "2000": {
            "cash": 0,
            "stock": 3,
            "eps": 0
        },
        "2001": {
            "cash": 0.5,
            "stock": 2.5,
            "eps": 2.18
        },
        "2002": {
            "cash": 0.6,
            "stock": 0.6,
            "eps": 1.33
        },
        "2003": {
            "cash": 1,
            "stock": 0,
            "eps": 1.4
        },
        "2004": {
            "cash": 0.2,
            "stock": 1,
            "eps": 1.54
        },
        "2005": {
            "cash": 0.8,
            "stock": 0,
            "eps": 1.55
        },
        "2006": {
            "cash": 0.8,
            "stock": 0,
            "eps": 1.75
        },
        "2007": {
            "cash": 1.19,
            "stock": 0,
            "eps": 0.96
        },
        "2008": {
            "cash": 0.81,
            "stock": 0,
            "eps": 0.39
        },
        "2009": {
            "cash": 0.31,
            "stock": 0,
            "eps": 0.26
        },
        "2010": {
            "cash": 0.51,
            "stock": 0,
            "eps": 1.27
        },
        "2011": {
            "cash": 1.1,
            "stock": 0,
            "eps": 0.15
        },
        "2012": {
            "cash": 0,
            "stock": 0,
            "eps": -0.15
        },
        "2013": {
            "cash": 0.3,
            "stock": 0,
            "eps": 1.1
        },
        "2014": {
            "cash": 1.5,
            "stock": 0,
            "eps": 1.63
        },
        "2015": {
            "cash": 1.3,
            "stock": 0,
            "eps": 1.73
        },
        "2016": {
            "cash": 1.3,
            "stock": 0,
            "eps": 1.61
        },
        "2017": {
            "cash": 1.3,
            "stock": 0,
            "eps": 1.45
        },
        "2018": {
            "cash": 1.3,
            "stock": 0,
            "eps": 1.5
        },
        "2019": {
            "cash": 1.3,
            "stock": 0,
            "eps": 1.45
        },
        "2020": {
            "cash": 1,
            "stock": 0,
            "eps": 0.75
        },
        "2021": {
            "cash": 0.7,
            "stock": 0,
            "eps": 1.4
        },
        "2022": {
            "cash": 1,
            "stock": 0,
            "eps": 1.54
        },
        "2023": {
            "cash": 1,
            "stock": 0,
            "eps": -0.04
        }
    },
    "dividends": {
        "1998-05-09": {
            "cash": 0,
            "stock": 3
        },
        "1999-05-15": {
            "cash": 0,
            "stock": 3
        },
        "2000-05-05": {
            "cash": 0,
            "stock": 3
        },
        "2001-04-09": {
            "cash": 0.5,
            "stock": 2.5
        },
        "2002-06-20": {
            "cash": 0.6,
            "stock": 0.6
        },
        "2003-03-28": {
            "cash": 1,
            "stock": 0
        },
        "2004-04-02": {
            "cash": 0.2,
            "stock": 1
        },
        "2005-04-20": {
            "cash": 0.8,
            "stock": 0
        },
        "2006-03-22": {
            "cash": 0.8,
            "stock": 0
        },
        "2007-03-14": {
            "cash": 1.19,
            "stock": 0
        },
        "2008-03-20": {
            "cash": 0.81,
            "stock": 0
        },
        "2009-03-20": {
            "cash": 0.31,
            "stock": 0
        },
        "2010-03-17": {
            "cash": 0.51,
            "stock": 0
        },
        "2011-01-01": {
            "cash": 0.3,
            "stock": 0
        },
        "2011-03-18": {
            "cash": 0.8,
            "stock": 0
        },
        "2013-03-20": {
            "cash": 0.3,
            "stock": 0
        },
        "2014-06-12": {
            "cash": 1.5,
            "stock": 0
        },
        "2015-08-03": {
            "cash": 1.3,
            "stock": 0
        },
        "2016-08-15": {
            "cash": 1.3,
            "stock": 0
        },
        "2017-08-04": {
            "cash": 1.3,
            "stock": 0
        },
        "2018-07-31": {
            "cash": 1.3,
            "stock": 0
        },
        "2019-08-14": {
            "cash": 1.3,
            "stock": 0
        },
        "2020-04-17": {
            "cash": 1,
            "stock": 0
        },
        "2021-05-03": {
            "cash": 0.7,
            "stock": 0
        },
        "2022-05-05": {
            "cash": 1,
            "stock": 0
        },
        "2023-05-04": {
            "cash": 1,
            "stock": 0
        }
    },
    "prices": {
        "200101": "無",
        "200102": "無",
        "200103": "無",
        "200104": "無",
        "200105": "無",
        "200106": "無",
        "200107": "無",
        "200108": "無",
        "200109": "22.70",
        "200110": "22.70",
        "200111": "27.09",
        "200112": "31.40",
        "200201": "38.64",
        "200202": "36.18",
        "200203": "36.17",
        "200204": "37.24",
        "200205": "35.13",
        "200206": "29.96",
        "200207": "27.37",
        "200208": "25.06",
        "200209": "24.60",
        "200210": "21.34",
        "200211": "22.44",
        "200212": "23.74",
        "200301": "23.15",
        "200302": "20.36",
        "200303": "20.13",
        "200304": "21.52",
        "200305": "21.54",
        "200306": "24.49",
        "200307": "26.97",
        "200308": "28.66",
        "200309": "24.33",
        "200310": "23.77",
        "200311": "24.14",
        "200312": "23.98",
        "200401": "24.49",
        "200402": "25.96",
        "200403": "24.40",
        "200404": "24.81",
        "200405": "21.18",
        "200406": "19.95",
        "200407": "17.95",
        "200408": "16.60",
        "200409": "17.00",
        "200410": "16.25",
        "200411": "16.18",
        "200412": "16.97",
        "200501": "17.12",
        "200502": "17.65",
        "200503": "18.00",
        "200504": "17.94",
        "200505": "17.36",
        "200506": "17.79",
        "200507": "18.00",
        "200508": "17.29",
        "200509": "16.68",
        "200510": "16.48",
        "200511": "16.26",
        "200512": "17.39",
        "200601": "18.19",
        "200602": "17.56",
        "200603": "17.21",
        "200604": "18.51",
        "200605": "18.39",
        "200606": "18.02",
        "200607": "20.16",
        "200608": "18.72",
        "200609": "17.82",
        "200610": "21.77",
        "200611": "25.58",
        "200612": "26.16",
        "200701": "25.16",
        "200702": "24.62",
        "200703": "25.80",
        "200704": "25.39",
        "200705": "23.58",
        "200706": "25.13",
        "200707": "25.86",
        "200708": "22.69",
        "200709": "21.66",
        "200710": "21.67",
        "200711": "19.08",
        "200712": "17.15",
        "200801": "15.58",
        "200802": "14.64",
        "200803": "15.19",
        "200804": "16.35",
        "200805": "15.64",
        "200806": "14.16",
        "200807": "12.86",
        "200808": "12.30",
        "200809": "11.03",
        "200810": "9.70",
        "200811": "8.35",
        "200812": "8.21",
        "200901": "7.89",
        "200902": "7.45",
        "200903": "8.30",
        "200904": "9.79",
        "200905": "10.26",
        "200906": "10.12",
        "200907": "10.27",
        "200908": "10.72",
        "200909": "11.41",
        "200910": "12.53",
        "200911": "13.91",
        "200912": "16.96",
        "201001": "16.30",
        "201002": "15.28",
        "201003": "17.65",
        "201004": "17.87",
        "201005": "16.46",
        "201006": "17.05",
        "201007": "17.05",
        "201008": "18.24",
        "201009": "21.38",
        "201010": "19.66",
        "201011": "17.53",
        "201012": "18.37",
        "201101": "19.29",
        "201102": "20.06",
        "201103": "17.63",
        "201104": "18.47",
        "201105": "17.30",
        "201106": "17.38",
        "201107": "16.04",
        "201108": "13.03",
        "201109": "12.03",
        "201110": "11.64",
        "201111": "11.03",
        "201112": "10.31",
        "201201": "11.41",
        "201202": "12.38",
        "201203": "13.18",
        "201204": "12.18",
        "201205": "11.70",
        "201206": "11.16",
        "201207": "10.80",
        "201208": "10.65",
        "201209": "11.38",
        "201210": "10.75",
        "201211": "10.10",
        "201212": "10.45",
        "201301": "10.83",
        "201302": "11.05",
        "201303": "12.11",
        "201304": "12.37",
        "201305": "12.94",
        "201306": "12.82",
        "201307": "12.57",
        "201308": "13.81",
        "201309": "14.58",
        "201310": "15.36",
        "201311": "14.75",
        "201312": "18.31",
        "201401": "20.26",
        "201402": "21.39",
        "201403": "24.00",
        "201404": "23.26",
        "201405": "21.49",
        "201406": "22.54",
        "201407": "20.79",
        "201408": "20.29",
        "201409": "20.57",
        "201410": "19.12",
        "201411": "19.30",
        "201412": "21.08",
        "201501": "24.77",
        "201502": "24.07",
        "201503": "26.63",
        "201504": "25.30",
        "201505": "22.10",
        "201506": "19.50",
        "201507": "16.68",
        "201508": "16.58",
        "201509": "16.85",
        "201510": "17.49",
        "201511": "19.83",
        "201512": "18.84",
        "201601": "17.22",
        "201602": "18.37",
        "201603": "18.99",
        "201604": "18.49",
        "201605": "17.77",
        "201606": "17.98",
        "201607": "17.72",
        "201608": "17.64",
        "201609": "17.53",
        "201610": "17.20",
        "201611": "16.84",
        "201612": "17.19",
        "201701": "17.22",
        "201702": "17.82",
        "201703": "18.42",
        "201704": "18.79",
        "201705": "18.47",
        "201706": "18.70",
        "201707": "18.18",
        "201708": "18.15",
        "201709": "20.88",
        "201710": "24.16",
        "201711": "25.83",
        "201712": "23.86",
        "201801": "24.35",
        "201802": "22.50",
        "201803": "22.87",
        "201804": "22.67",
        "201805": "21.75",
        "201806": "22.06",
        "201807": "20.45",
        "201808": "20.42",
        "201809": "20.06",
        "201810": "18.26",
        "201811": "17.59",
        "201812": "18.41",
        "201901": "18.75",
        "201902": "19.28",
        "201903": "20.18",
        "201904": "20.36",
        "201905": "20.67",
        "201906": "20.71",
        "201907": "20.68",
        "201908": "20.11",
        "201909": "20.54",
        "201910": "20.11",
        "201911": "20.48",
        "201912": "20.59",
        "202001": "20.44",
        "202002": "20.12",
        "202003": "17.56",
        "202004": "17.52",
        "202005": "19.43",
        "202006": "19.40",
        "202007": "19.07",
        "202008": "19.02",
        "202009": "18.93",
        "202010": "19.12",
        "202011": "19.17",
        "202012": "19.65",
        "202101": "19.86",
        "202102": "19.62",
        "202103": "20.57",
        "202104": "21.77",
        "202105": "20.12",
        "202106": "20.81",
        "202107": "25.57",
        "202108": "25.80",
        "202109": "26.83",
        "202110": "24.04",
        "202111": "24.45",
        "202112": "24.73",
        "202201": "24.97",
        "202202": "24.25",
        "202203": "23.71",
        "202204": "23.06",
        "202205": "23.58",
        "202206": "25.72",
        "202207": "25.25",
        "202208": "24.41",
        "202209": "28.91",
        "202210": "25.28",
        "202211": "24.43",
        "202212": "24.78",
        "202301": "24.26",
        "202302": "25.56",
        "202303": "26.13",
        "202304": "27.09",
        "202305": "27.22"
    },
    "quarters": {
        "20011": {
            "year_quarter": 20011,
            "year": 2001,
            "quarter": 1,
            "eps": 0.65,
            "eps_growth_year": -17.72,
            "eps_4q": 3.11,
            "eps_4q_growth_year": 10.31,
            "roe": 3.06,
            "roe_4q": 3.06,
            "gross_profit": 64186,
            "gross_margin": 41.36,
            "gross_margin_4q_avg": 41.36,
            "net_income": 38377,
            "revenue": 155177,
            "common_shares": 589675,
            "book_valuer_per_share": 21.58,
            "book_valuer_per_share_4q_avg": 21.58,
            "equity": 1272550,
            "current_ratio": 674.73,
            "debt_ratio": 8.06,
            "inventory_turnover_ratio": 0.63,
            "account_receivable_turnover_ratio": null,
            "reinvestment_rate": null,
            "research_to_sale_ratio": null,
            "price_fair": 0,
            "eps_avg_yearly": 0,
            "eps_latest_yearly": 0,
            "eps_growth_yearly": 0
        },
        "20012": {
            "year_quarter": 20012,
            "year": 2001,
            "quarter": 2,
            "eps": 0.83,
            "eps_growth_year": -15.31,
            "eps_4q": 3.04,
            "eps_4q_growth_year": 12.6,
            "roe": 3.84,
            "roe_4q": 6.9,
            "gross_profit": 51065,
            "gross_margin": 41.39,
            "gross_margin_4q_avg": 41.38,
            "net_income": 49169,
            "revenue": 123363,
            "common_shares": 589675,
            "book_valuer_per_share": 21.88,
            "book_valuer_per_share_4q_avg": 21.73,
            "equity": 1290269,
            "current_ratio": 591.9,
            "debt_ratio": 8.17,
            "inventory_turnover_ratio": 0.5,
            "account_receivable_turnover_ratio": null,
            "reinvestment_rate": null,
            "research_to_sale_ratio": null,
            "price_fair": 0,
            "eps_avg_yearly": 0,
            "eps_latest_yearly": 0,
            "eps_growth_yearly": 0
        },
        "20013": {
            "year_quarter": 20013,
            "year": 2001,
            "quarter": 3,
            "eps": 0.39,
            "eps_growth_year": -53.57,
            "eps_4q": 2.14,
            "eps_4q_growth_year": -27.9,
            "roe": 2.15,
            "roe_4q": 9.05,
            "gross_profit": 47652,
            "gross_margin": 40.25,
            "gross_margin_4q_avg": 41,
            "net_income": 29695,
            "revenue": 118402,
            "common_shares": 789539,
            "book_valuer_per_share": 18.66,
            "book_valuer_per_share_4q_avg": 20.71,
            "equity": 1472967,
            "current_ratio": 1054.87,
            "debt_ratio": 4.76,
            "inventory_turnover_ratio": 0.51,
            "account_receivable_turnover_ratio": null,
            "reinvestment_rate": null,
            "research_to_sale_ratio": null,
            "price_fair": 0,
            "eps_avg_yearly": 0,
            "eps_latest_yearly": 0,
            "eps_growth_yearly": 0
        },
        "20014": {
            "year_quarter": 20014,
            "year": 2001,
            "quarter": 4,
            "eps": 0.31,
            "eps_growth_year": -61.25,
            "eps_4q": 1.88,
            "eps_4q_growth_year": -40.02,
            "roe": 1.57,
            "roe_4q": 10.62,
            "gross_profit": 43949,
            "gross_margin": 37.5,
            "gross_margin_4q_avg": 40.13,
            "net_income": 23206,
            "revenue": 117212,
            "common_shares": 789539,
            "book_valuer_per_share": 18.52,
            "book_valuer_per_share_4q_avg": 20.16,
            "equity": 1475217,
            "current_ratio": 817.44,
            "debt_ratio": 5.68,
            "inventory_turnover_ratio": 0.61,
            "account_receivable_turnover_ratio": null,
            "reinvestment_rate": null,
            "research_to_sale_ratio": null,
            "price_fair": 0,
            "eps_avg_yearly": 0,
            "eps_latest_yearly": 0,
            "eps_growth_yearly": 0
        },
        "20021": {
            "year_quarter": 20021,
            "year": 2002,
            "quarter": 1,
            "eps": 0.39,
            "eps_growth_year": -40,
            "eps_4q": 1.7,
            "eps_4q_growth_year": -45.23,
            "roe": 2.04,
            "roe_4q": 9.6,
            "gross_profit": 49927,
            "gross_margin": 41.84,
            "gross_margin_4q_avg": 40.25,
            "net_income": 30307,
            "revenue": 119336,
            "common_shares": 789539,
            "book_valuer_per_share": 18.9,
            "book_valuer_per_share_4q_avg": 19.49,
            "equity": 1492410,
            "current_ratio": 851.26,
            "debt_ratio": 5.23,
            "inventory_turnover_ratio": 0.66,
            "account_receivable_turnover_ratio": null,
            "reinvestment_rate": null,
            "research_to_sale_ratio": null,
            "price_fair": 54.6,
            "eps_avg_yearly": 1.56,
            "eps_latest_yearly": 1.56,
            "eps_growth_yearly": 103.23
        },
        "20022": {
            "year_quarter": 20022,
            "year": 2002,
            "quarter": 2,
            "eps": 0.29,
            "eps_growth_year": -65.06,
            "eps_4q": 1.38,
            "eps_4q_growth_year": -54.62,
            "roe": 1.5,
            "roe_4q": 7.26,
            "gross_profit": 59714,
            "gross_margin": 44.65,
            "gross_margin_4q_avg": 41.06,
            "net_income": 22177,
            "revenue": 133734,
            "common_shares": 789539,
            "book_valuer_per_share": 18.55,
            "book_valuer_per_share_4q_avg": 18.66,
            "equity": 1464859,
            "current_ratio": 497.37,
            "debt_ratio": 9.18,
            "inventory_turnover_ratio": 0.77,
            "account_receivable_turnover_ratio": null,
            "reinvestment_rate": null,
            "research_to_sale_ratio": null,
            "price_fair": 13.6,
            "eps_avg_yearly": 1.36,
            "eps_latest_yearly": 1.16,
            "eps_growth_yearly": 0.33
        },
        "20023": {
            "year_quarter": 20023,
            "year": 2002,
            "quarter": 3,
            "eps": 0.31,
            "eps_growth_year": -20.51,
            "eps_4q": 1.24,
            "eps_4q_growth_year": -41.8,
            "roe": 1.7,
            "roe_4q": 6.8100000000000005,
            "gross_profit": 51616,
            "gross_margin": 41.75,
            "gross_margin_4q_avg": 41.44,
            "net_income": 25130,
            "revenue": 123628,
            "common_shares": 840344,
            "book_valuer_per_share": 17.75,
            "book_valuer_per_share_4q_avg": 18.43,
            "equity": 1491542,
            "current_ratio": 810.07,
            "debt_ratio": 5.5,
            "inventory_turnover_ratio": 0.76,
            "account_receivable_turnover_ratio": null,
            "reinvestment_rate": null,
            "research_to_sale_ratio": null,
            "price_fair": 25.63,
            "eps_avg_yearly": 1.32,
            "eps_latest_yearly": 1.24,
            "eps_growth_yearly": 9.42
        },
        "20024": {
            "year_quarter": 20024,
            "year": 2002,
            "quarter": 4,
            "eps": 0.34,
            "eps_growth_year": 9.68,
            "eps_4q": 1.28,
            "eps_4q_growth_year": -31.53,
            "roe": 1.85,
            "roe_4q": 7.09,
            "gross_profit": 50418,
            "gross_margin": 41.88,
            "gross_margin_4q_avg": 42.53,
            "net_income": 27936,
            "revenue": 120381,
            "common_shares": 840344,
            "book_valuer_per_share": 17.98,
            "book_valuer_per_share_4q_avg": 18.3,
            "equity": 1525174,
            "current_ratio": 686.69,
            "debt_ratio": 6.77,
            "inventory_turnover_ratio": 0.71,
            "account_receivable_turnover_ratio": null,
            "reinvestment_rate": 38.12,
            "research_to_sale_ratio": null,
            "price_fair": 35.56,
            "eps_avg_yearly": 1.33,
            "eps_latest_yearly": 1.36,
            "eps_growth_yearly": 16.74
        },
        "20031": {
            "year_quarter": 20031,
            "year": 2003,
            "quarter": 1,
            "eps": 0.36,
            "eps_growth_year": -7.69,
            "eps_4q": 1.29,
            "eps_4q_growth_year": -24.13,
            "roe": 1.9,
            "roe_4q": 6.95,
            "gross_profit": 54394,
            "gross_margin": 41.22,
            "gross_margin_4q_avg": 42.38,
            "net_income": 29053,
            "revenue": 131948,
            "common_shares": 840344,
            "book_valuer_per_share": 18.27,
            "book_valuer_per_share_4q_avg": 18.14,
            "equity": 1535716,
            "current_ratio": 715.45,
            "debt_ratio": 6.07,
            "inventory_turnover_ratio": 0.79,
            "account_receivable_turnover_ratio": null,
            "reinvestment_rate": 37.46,
            "research_to_sale_ratio": null,
            "price_fair": 37.99,
            "eps_avg_yearly": 1.35,
            "eps_latest_yearly": 1.44,
            "eps_growth_yearly": 18.1
        },
        "20032": {
            "year_quarter": 20032,
            "year": 2003,
            "quarter": 2,
            "eps": 0.43,
            "eps_growth_year": 48.28,
            "eps_4q": 1.43,
            "eps_4q_growth_year": 3.76,
            "roe": 2.34,
            "roe_4q": 7.79,
            "gross_profit": 59171,
            "gross_margin": 40.12,
            "gross_margin_4q_avg": 41.24,
            "net_income": 35317,
            "revenue": 147475,
            "common_shares": 840344,
            "book_valuer_per_share": 17.65,
            "book_valuer_per_share_4q_avg": 17.91,
            "equity": 1483086,
            "current_ratio": 357.69,
            "debt_ratio": 12.03,
            "inventory_turnover_ratio": 0.91,
            "account_receivable_turnover_ratio": null,
            "reinvestment_rate": 39.32,
            "research_to_sale_ratio": null,
            "price_fair": 49.47,
            "eps_avg_yearly": 1.41,
            "eps_latest_yearly": 1.72,
            "eps_growth_yearly": 28.04
        },
        "20033": {
            "year_quarter": 20033,
            "year": 2003,
            "quarter": 3,
            "eps": 0.33,
            "eps_growth_year": 6.45,
            "eps_4q": 1.46,
            "eps_4q_growth_year": 17.74,
            "roe": 1.8,
            "roe_4q": 7.889999999999999,
            "gross_profit": 45821,
            "gross_margin": 33.68,
            "gross_margin_4q_avg": 39.23,
            "net_income": 26854,
            "revenue": 136066,
            "common_shares": 840344,
            "book_valuer_per_share": 17.96,
            "book_valuer_per_share_4q_avg": 17.97,
            "equity": 1508879,
            "current_ratio": 663.99,
            "debt_ratio": 6.08,
            "inventory_turnover_ratio": 0.93,
            "account_receivable_turnover_ratio": null,
            "reinvestment_rate": 38.88,
            "research_to_sale_ratio": null,
            "price_fair": 29.05,
            "eps_avg_yearly": 1.4,
            "eps_latest_yearly": 1.32,
            "eps_growth_yearly": 10.75
        },
        "20034": {
            "year_quarter": 20034,
            "year": 2003,
            "quarter": 4,
            "eps": 0.28,
            "eps_growth_year": -17.65,
            "eps_4q": 1.39,
            "eps_4q_growth_year": 8.55,
            "roe": 1.5,
            "roe_4q": 7.539999999999999,
            "gross_profit": 48184,
            "gross_margin": 34.63,
            "gross_margin_4q_avg": 37.41,
            "net_income": 22919,
            "revenue": 139150,
            "common_shares": 840344,
            "book_valuer_per_share": 18.26,
            "book_valuer_per_share_4q_avg": 18.04,
            "equity": 1547319,
            "current_ratio": 587.04,
            "debt_ratio": 7.55,
            "inventory_turnover_ratio": 0.92,
            "account_receivable_turnover_ratio": null,
            "reinvestment_rate": 36.53,
            "research_to_sale_ratio": null,
            "price_fair": 16.15,
            "eps_avg_yearly": 1.37,
            "eps_latest_yearly": 1.12,
            "eps_growth_yearly": 1.83
        },
        "20041": {
            "year_quarter": 20041,
            "year": 2004,
            "quarter": 1,
            "eps": 0.35,
            "eps_growth_year": -2.78,
            "eps_4q": 1.38,
            "eps_4q_growth_year": 6.71,
            "roe": 1.86,
            "roe_4q": 7.5,
            "gross_profit": 57308,
            "gross_margin": 38.33,
            "gross_margin_4q_avg": 36.69,
            "net_income": 28942,
            "revenue": 149501,
            "common_shares": 840344,
            "book_valuer_per_share": 18.59,
            "book_valuer_per_share_4q_avg": 18.12,
            "equity": 1562063,
            "current_ratio": 618.02,
            "debt_ratio": 6.89,
            "inventory_turnover_ratio": 0.91,
            "account_receivable_turnover_ratio": null,
            "reinvestment_rate": 35.65,
            "research_to_sale_ratio": null,
            "price_fair": 31.12,
            "eps_avg_yearly": 1.37,
            "eps_latest_yearly": 1.4,
            "eps_growth_yearly": 12.74
        },
        "20042": {
            "year_quarter": 20042,
            "year": 2004,
            "quarter": 2,
            "eps": 0.42,
            "eps_growth_year": -2.33,
            "eps_4q": 1.39,
            "eps_4q_growth_year": -2.96,
            "roe": 1.9,
            "roe_4q": 7.06,
            "gross_profit": 62734,
            "gross_margin": 38.86,
            "gross_margin_4q_avg": 36.38,
            "net_income": 34168,
            "revenue": 161455,
            "common_shares": 1072978,
            "book_valuer_per_share": 18.94,
            "book_valuer_per_share_4q_avg": 18.44,
            "equity": 2031695,
            "current_ratio": 237.56,
            "debt_ratio": 21.14,
            "inventory_turnover_ratio": 0.56,
            "account_receivable_turnover_ratio": null,
            "reinvestment_rate": 107.42,
            "research_to_sale_ratio": null,
            "price_fair": 41.25,
            "eps_avg_yearly": 1.4,
            "eps_latest_yearly": 1.68,
            "eps_growth_yearly": 19.46
        },
        "20043": {
            "year_quarter": 20043,
            "year": 2004,
            "quarter": 3,
            "eps": 0.45,
            "eps_growth_year": 36.36,
            "eps_4q": 1.31,
            "eps_4q_growth_year": -10.44,
            "roe": 2.19,
            "roe_4q": 7.45,
            "gross_profit": 99581,
            "gross_margin": 37.11,
            "gross_margin_4q_avg": 37.23,
            "net_income": 44939,
            "revenue": 268374,
            "common_shares": 1179418,
            "book_valuer_per_share": 17.62,
            "book_valuer_per_share_4q_avg": 18.35,
            "equity": 2078239,
            "current_ratio": 333.98,
            "debt_ratio": 17.49,
            "inventory_turnover_ratio": 0.66,
            "account_receivable_turnover_ratio": null,
            "reinvestment_rate": 105.12,
            "research_to_sale_ratio": null,
            "price_fair": 43.51,
            "eps_avg_yearly": 1.44,
            "eps_latest_yearly": 1.8,
            "eps_growth_yearly": 20.29
        },
        "20044": {
            "year_quarter": 20044,
            "year": 2004,
            "quarter": 4,
            "eps": 0.32,
            "eps_growth_year": 14.29,
            "eps_4q": 1.37,
            "eps_4q_growth_year": -1.73,
            "roe": 1.59,
            "roe_4q": 7.54,
            "gross_profit": 95445,
            "gross_margin": 35.17,
            "gross_margin_4q_avg": 37.37,
            "net_income": 32919,
            "revenue": 271390,
            "common_shares": 1154408,
            "book_valuer_per_share": 17.81,
            "book_valuer_per_share_4q_avg": 18.24,
            "equity": 2068959,
            "current_ratio": 333.98,
            "debt_ratio": 16.41,
            "inventory_turnover_ratio": 0.65,
            "account_receivable_turnover_ratio": null,
            "reinvestment_rate": 111.21,
            "research_to_sale_ratio": null,
            "price_fair": 27,
            "eps_avg_yearly": 1.42,
            "eps_latest_yearly": 1.28,
            "eps_growth_yearly": 8.97
        },
        "20051": {
            "year_quarter": 20051,
            "year": 2005,
            "quarter": 1,
            "eps": 0.08,
            "eps_growth_year": -77.14,
            "eps_4q": 1,
            "eps_4q_growth_year": -27.15,
            "roe": 0.47,
            "roe_4q": 6.15,
            "gross_profit": 80395,
            "gross_margin": 30.34,
            "gross_margin_4q_avg": 35.37,
            "net_income": 9693,
            "revenue": 265016,
            "common_shares": 1154408,
            "book_valuer_per_share": 17.64,
            "book_valuer_per_share_4q_avg": 18,
            "equity": 2035860,
            "current_ratio": 185.98,
            "debt_ratio": 17.96,
            "inventory_turnover_ratio": 0.69,
            "account_receivable_turnover_ratio": null,
            "reinvestment_rate": 119.71,
            "research_to_sale_ratio": null,
            "price_fair": 4.02,
            "eps_avg_yearly": 1.34,
            "eps_latest_yearly": 0.32,
            "eps_growth_yearly": -14.8
        },
        "20052": {
            "year_quarter": 20052,
            "year": 2005,
            "quarter": 2,
            "eps": 0.36,
            "eps_growth_year": -14.29,
            "eps_4q": 1.13,
            "eps_4q_growth_year": -18.37,
            "roe": 2.03,
            "roe_4q": 6.279999999999999,
            "gross_profit": 90227,
            "gross_margin": 32.01,
            "gross_margin_4q_avg": 33.66,
            "net_income": 40793,
            "revenue": 281831,
            "common_shares": 1154408,
            "book_valuer_per_share": 17.13,
            "book_valuer_per_share_4q_avg": 17.55,
            "equity": 1977451,
            "current_ratio": 159.19,
            "debt_ratio": 21.43,
            "inventory_turnover_ratio": 0.75,
            "account_receivable_turnover_ratio": null,
            "reinvestment_rate": 99.59,
            "research_to_sale_ratio": null,
            "price_fair": 47.1,
            "eps_avg_yearly": 1.35,
            "eps_latest_yearly": 1.44,
            "eps_growth_yearly": 86.26
        },
        "20053": {
            "year_quarter": 20053,
            "year": 2005,
            "quarter": 3,
            "eps": 0.65,
            "eps_growth_year": 44.44,
            "eps_4q": 1.4,
            "eps_4q_growth_year": 6.66,
            "roe": 3.58,
            "roe_4q": 7.669999999999999,
            "gross_profit": 101985,
            "gross_margin": 33.71,
            "gross_margin_4q_avg": 32.81,
            "net_income": 72400,
            "revenue": 302559,
            "common_shares": 1154408,
            "book_valuer_per_share": 17.93,
            "book_valuer_per_share_4q_avg": 17.63,
            "equity": 2069951,
            "current_ratio": 150.77,
            "debt_ratio": 21.71,
            "inventory_turnover_ratio": 0.76,
            "account_receivable_turnover_ratio": null,
            "reinvestment_rate": 86.17,
            "research_to_sale_ratio": null,
            "price_fair": 50.03,
            "eps_avg_yearly": 1.43,
            "eps_latest_yearly": 2.6,
            "eps_growth_yearly": 101.99
        },
        "20054": {
            "year_quarter": 20054,
            "year": 2005,
            "quarter": 4,
            "eps": 0.46,
            "eps_growth_year": 43.75,
            "eps_4q": 1.57,
            "eps_4q_growth_year": 14.27,
            "roe": 2.4,
            "roe_4q": 8.48,
            "gross_profit": 87233,
            "gross_margin": 29.43,
            "gross_margin_4q_avg": 31.37,
            "net_income": 51113,
            "revenue": 296360,
            "common_shares": 1154408,
            "book_valuer_per_share": 18.88,
            "book_valuer_per_share_4q_avg": 17.9,
            "equity": 2195859,
            "current_ratio": 257.11,
            "debt_ratio": 24.43,
            "inventory_turnover_ratio": 0.63,
            "account_receivable_turnover_ratio": null,
            "reinvestment_rate": 136.45,
            "research_to_sale_ratio": null,
            "price_fair": 50.93,
            "eps_avg_yearly": 1.46,
            "eps_latest_yearly": 1.84,
            "eps_growth_yearly": 88.31
        },
        "20061": {
            "year_quarter": 20061,
            "year": 2006,
            "quarter": 1,
            "eps": 0.28,
            "eps_growth_year": 250,
            "eps_4q": 1.71,
            "eps_4q_growth_year": 70.29,
            "roe": 1.46,
            "roe_4q": 9.469999999999999,
            "gross_profit": 89967,
            "gross_margin": 30.73,
            "gross_margin_4q_avg": 31.47,
            "net_income": 32155,
            "revenue": 292743,
            "common_shares": 1154408,
            "book_valuer_per_share": 19.19,
            "book_valuer_per_share_4q_avg": 18.28,
            "equity": 2214842,
            "current_ratio": 213.87,
            "debt_ratio": 15.04,
            "inventory_turnover_ratio": 0.6,
            "account_receivable_turnover_ratio": null,
            "reinvestment_rate": 72.48,
            "research_to_sale_ratio": null,
            "price_fair": 49.96,
            "eps_avg_yearly": 1.43,
            "eps_latest_yearly": 1.12,
            "eps_growth_yearly": 72.08
        },
        "20062": {
            "year_quarter": 20062,
            "year": 2006,
            "quarter": 2,
            "eps": 0.38,
            "eps_growth_year": 5.56,
            "eps_4q": 1.73,
            "eps_4q_growth_year": 52.55,
            "roe": 2,
            "roe_4q": 9.44,
            "gross_profit": 117968,
            "gross_margin": 32.87,
            "gross_margin_4q_avg": 31.69,
            "net_income": 43886,
            "revenue": 358882,
            "common_shares": 1154408,
            "book_valuer_per_share": 18.8,
            "book_valuer_per_share_4q_avg": 18.7,
            "equity": 2170679,
            "current_ratio": 170.92,
            "debt_ratio": 19.37,
            "inventory_turnover_ratio": 0.88,
            "account_receivable_turnover_ratio": null,
            "reinvestment_rate": 66.58,
            "research_to_sale_ratio": null,
            "price_fair": 50.75,
            "eps_avg_yearly": 1.45,
            "eps_latest_yearly": 1.52,
            "eps_growth_yearly": 87.41
        },
        "20063": {
            "year_quarter": 20063,
            "year": 2006,
            "quarter": 3,
            "eps": 0.69,
            "eps_growth_year": 6.15,
            "eps_4q": 1.8,
            "eps_4q_growth_year": 28.39,
            "roe": 3.57,
            "roe_4q": 9.43,
            "gross_profit": 126064,
            "gross_margin": 34.75,
            "gross_margin_4q_avg": 31.95,
            "net_income": 79337,
            "revenue": 362809,
            "common_shares": 1154408,
            "book_valuer_per_share": 19.72,
            "book_valuer_per_share_4q_avg": 19.15,
            "equity": 2276112,
            "current_ratio": 188.74,
            "debt_ratio": 23.22,
            "inventory_turnover_ratio": 0.84,
            "account_receivable_turnover_ratio": null,
            "reinvestment_rate": 60.1,
            "research_to_sale_ratio": null,
            "price_fair": 54.08,
            "eps_avg_yearly": 1.55,
            "eps_latest_yearly": 2.76,
            "eps_growth_yearly": 106.08
        },
        "20064": {
            "year_quarter": 20064,
            "year": 2006,
            "quarter": 4,
            "eps": 0.4,
            "eps_growth_year": -13.04,
            "eps_4q": 1.76,
            "eps_4q_growth_year": 12.13,
            "roe": 1.98,
            "roe_4q": 9.01,
            "gross_profit": 110833,
            "gross_margin": 32.41,
            "gross_margin_4q_avg": 32.69,
            "net_income": 45839,
            "revenue": 341950,
            "common_shares": 1162338,
            "book_valuer_per_share": 20.12,
            "book_valuer_per_share_4q_avg": 19.46,
            "equity": 2352982,
            "current_ratio": 279.98,
            "debt_ratio": 26.17,
            "inventory_turnover_ratio": 0.58,
            "account_receivable_turnover_ratio": null,
            "reinvestment_rate": 112.89,
            "research_to_sale_ratio": null,
            "price_fair": 54.6,
            "eps_avg_yearly": 1.56,
            "eps_latest_yearly": 1.6,
            "eps_growth_yearly": 93.16
        },
        "20071": {
            "year_quarter": 20071,
            "year": 2007,
            "quarter": 1,
            "eps": 0.29,
            "eps_growth_year": 3.57,
            "eps_4q": 1.73,
            "eps_4q_growth_year": 1.14,
            "roe": 1.44,
            "roe_4q": 8.99,
            "gross_profit": 82770,
            "gross_margin": 26.56,
            "gross_margin_4q_avg": 31.65,
            "net_income": 34041,
            "revenue": 311621,
            "common_shares": 1166608,
            "book_valuer_per_share": 20.46,
            "book_valuer_per_share_4q_avg": 19.78,
            "equity": 2387346,
            "current_ratio": 246.39,
            "debt_ratio": 18.66,
            "inventory_turnover_ratio": 0.55,
            "account_receivable_turnover_ratio": null,
            "reinvestment_rate": 52.26,
            "research_to_sale_ratio": null,
            "price_fair": 53.99,
            "eps_avg_yearly": 1.54,
            "eps_latest_yearly": 1.16,
            "eps_growth_yearly": 84.81
        },
        "20072": {
            "year_quarter": 20072,
            "year": 2007,
            "quarter": 2,
            "eps": 0.34,
            "eps_growth_year": -10.53,
            "eps_4q": 1.7,
            "eps_4q_growth_year": -1.34,
            "roe": 1.7,
            "roe_4q": 8.69,
            "gross_profit": 95008,
            "gross_margin": 26.47,
            "gross_margin_4q_avg": 30.05,
            "net_income": 39667,
            "revenue": 358983,
            "common_shares": 1167528,
            "book_valuer_per_share": 19.56,
            "book_valuer_per_share_4q_avg": 19.97,
            "equity": 2283526,
            "current_ratio": 196.71,
            "debt_ratio": 21.91,
            "inventory_turnover_ratio": 0.83,
            "account_receivable_turnover_ratio": null,
            "reinvestment_rate": 46.76,
            "research_to_sale_ratio": null,
            "price_fair": 53.2,
            "eps_avg_yearly": 1.52,
            "eps_latest_yearly": 1.36,
            "eps_growth_yearly": 84.26
        },
        "20073": {
            "year_quarter": 20073,
            "year": 2007,
            "quarter": 3,
            "eps": 0.52,
            "eps_growth_year": -24.64,
            "eps_4q": 1.55,
            "eps_4q_growth_year": -13.6,
            "roe": 2.61,
            "roe_4q": 7.73,
            "gross_profit": 99033,
            "gross_margin": 26.68,
            "gross_margin_4q_avg": 28.03,
            "net_income": 60260,
            "revenue": 371142,
            "common_shares": 1168048,
            "book_valuer_per_share": 20.05,
            "book_valuer_per_share_4q_avg": 20.05,
            "equity": 2341958,
            "current_ratio": 229.78,
            "debt_ratio": 18.26,
            "inventory_turnover_ratio": 0.87,
            "account_receivable_turnover_ratio": null,
            "reinvestment_rate": 41.63,
            "research_to_sale_ratio": null,
            "price_fair": 54.86,
            "eps_avg_yearly": 1.57,
            "eps_latest_yearly": 2.08,
            "eps_growth_yearly": 103.31
        },
        "20074": {
            "year_quarter": 20074,
            "year": 2007,
            "quarter": 4,
            "eps": -0.19,
            "eps_growth_year": -147.5,
            "eps_4q": 0.95,
            "eps_4q_growth_year": -45.81,
            "roe": -0.96,
            "roe_4q": 4.789999999999999,
            "gross_profit": 81416,
            "gross_margin": 24.15,
            "gross_margin_4q_avg": 25.97,
            "net_income": -22366,
            "revenue": 337183,
            "common_shares": 1169088,
            "book_valuer_per_share": 19.87,
            "book_valuer_per_share_4q_avg": 19.99,
            "equity": 2338039,
            "current_ratio": 298.07,
            "debt_ratio": 21.95,
            "inventory_turnover_ratio": 0.65,
            "account_receivable_turnover_ratio": null,
            "reinvestment_rate": 107.84,
            "research_to_sale_ratio": null,
            "price_fair": 55.91,
            "eps_avg_yearly": 1.6,
            "eps_latest_yearly": 2.08,
            "eps_growth_yearly": 114.24
        },
        "20081": {
            "year_quarter": 20081,
            "year": 2008,
            "quarter": 1,
            "eps": -0.16,
            "eps_growth_year": -155.17,
            "eps_4q": 0.48,
            "eps_4q_growth_year": -72.31,
            "roe": -0.84,
            "roe_4q": 2.51,
            "gross_profit": 103168,
            "gross_margin": 22.03,
            "gross_margin_4q_avg": 24.83,
            "net_income": -19518,
            "revenue": 468275,
            "common_shares": 1169658,
            "book_valuer_per_share": 19.57,
            "book_valuer_per_share_4q_avg": 19.76,
            "equity": 2304190,
            "current_ratio": 342.35,
            "debt_ratio": 19.35,
            "inventory_turnover_ratio": 0.81,
            "account_receivable_turnover_ratio": null,
            "reinvestment_rate": 114.76,
            "research_to_sale_ratio": null,
            "price_fair": 56.4,
            "eps_avg_yearly": 1.61,
            "eps_latest_yearly": 2.08,
            "eps_growth_yearly": 115.26
        },
        "20082": {
            "year_quarter": 20082,
            "year": 2008,
            "quarter": 2,
            "eps": 0.22,
            "eps_growth_year": -35.29,
            "eps_4q": 0.37,
            "eps_4q_growth_year": -78.07,
            "roe": 1.16,
            "roe_4q": 1.9699999999999998,
            "gross_profit": 100412,
            "gross_margin": 19.27,
            "gross_margin_4q_avg": 23.03,
            "net_income": 26171,
            "revenue": 521019,
            "common_shares": 1169658,
            "book_valuer_per_share": 18.91,
            "book_valuer_per_share_4q_avg": 19.6,
            "equity": 2227535,
            "current_ratio": 263.88,
            "debt_ratio": 24.25,
            "inventory_turnover_ratio": 1,
            "account_receivable_turnover_ratio": null,
            "reinvestment_rate": 49.86,
            "research_to_sale_ratio": null,
            "price_fair": 56.22,
            "eps_avg_yearly": 1.61,
            "eps_latest_yearly": 2.08,
            "eps_growth_yearly": 117.97
        },
        "20083": {
            "year_quarter": 20083,
            "year": 2008,
            "quarter": 3,
            "eps": 0.39,
            "eps_growth_year": -25,
            "eps_4q": 0.25,
            "eps_4q_growth_year": -83.69,
            "roe": 2.01,
            "roe_4q": 1.37,
            "gross_profit": 105454,
            "gross_margin": 20.39,
            "gross_margin_4q_avg": 21.46,
            "net_income": 45467,
            "revenue": 517094,
            "common_shares": 1169658,
            "book_valuer_per_share": 19.45,
            "book_valuer_per_share_4q_avg": 19.45,
            "equity": 2290693,
            "current_ratio": 302,
            "debt_ratio": 20.41,
            "inventory_turnover_ratio": 0.97,
            "account_receivable_turnover_ratio": null,
            "reinvestment_rate": 55.14,
            "research_to_sale_ratio": null,
            "price_fair": 55.57,
            "eps_avg_yearly": 1.59,
            "eps_latest_yearly": 1.56,
            "eps_growth_yearly": 139.55
        },
        "20084": {
            "year_quarter": 20084,
            "year": 2008,
            "quarter": 4,
            "eps": -0.06,
            "eps_growth_year": null,
            "eps_4q": 0.38,
            "eps_4q_growth_year": -59.59,
            "roe": -0.29,
            "roe_4q": 2.04,
            "gross_profit": 14974,
            "gross_margin": 4.32,
            "gross_margin_4q_avg": 16.5,
            "net_income": -6559,
            "revenue": 346565,
            "common_shares": 1169658,
            "book_valuer_per_share": 19.26,
            "book_valuer_per_share_4q_avg": 19.3,
            "equity": 2269037,
            "current_ratio": 312.86,
            "debt_ratio": 18.02,
            "inventory_turnover_ratio": 0.78,
            "account_receivable_turnover_ratio": 1.59,
            "reinvestment_rate": 49.97,
            "research_to_sale_ratio": null,
            "price_fair": 56.47,
            "eps_avg_yearly": 1.61,
            "eps_latest_yearly": 1.56,
            "eps_growth_yearly": 160.8
        },
        "20091": {
            "year_quarter": 20091,
            "year": 2009,
            "quarter": 1,
            "eps": -0.32,
            "eps_growth_year": null,
            "eps_4q": 0.23,
            "eps_4q_growth_year": -51.18,
            "roe": -1.61,
            "roe_4q": 1.2699999999999996,
            "gross_profit": 865,
            "gross_margin": 0.34,
            "gross_margin_4q_avg": 11.08,
            "net_income": -36504,
            "revenue": 258042,
            "common_shares": 1169658,
            "book_valuer_per_share": 19.12,
            "book_valuer_per_share_4q_avg": 19.19,
            "equity": 2252717,
            "current_ratio": 469.51,
            "debt_ratio": 10.85,
            "inventory_turnover_ratio": 0.71,
            "account_receivable_turnover_ratio": 0.72,
            "reinvestment_rate": 48.59,
            "research_to_sale_ratio": null,
            "price_fair": 60.58,
            "eps_avg_yearly": 1.73,
            "eps_latest_yearly": 1.56,
            "eps_growth_yearly": 202.7
        },
        "20092": {
            "year_quarter": 20092,
            "year": 2009,
            "quarter": 2,
            "eps": -0.11,
            "eps_growth_year": -150,
            "eps_4q": -0.1,
            "eps_4q_growth_year": -126.06,
            "roe": -0.58,
            "roe_4q": -0.4700000000000002,
            "gross_profit": 68812,
            "gross_margin": 19.16,
            "gross_margin_4q_avg": 11.05,
            "net_income": -12833,
            "revenue": 359220,
            "common_shares": 1169658,
            "book_valuer_per_share": 18.6,
            "book_valuer_per_share_4q_avg": 19.11,
            "equity": 2188392,
            "current_ratio": 340.92,
            "debt_ratio": 16.98,
            "inventory_turnover_ratio": 0.95,
            "account_receivable_turnover_ratio": 1.1,
            "reinvestment_rate": 47.5,
            "research_to_sale_ratio": null,
            "price_fair": 61.6,
            "eps_avg_yearly": 1.76,
            "eps_latest_yearly": 1.56,
            "eps_growth_yearly": 82.97
        },
        "20093": {
            "year_quarter": 20093,
            "year": 2009,
            "quarter": 3,
            "eps": 0.47,
            "eps_growth_year": 20.51,
            "eps_4q": -0.03,
            "eps_4q_growth_year": -112.53,
            "roe": 2.41,
            "roe_4q": -0.07,
            "gross_profit": 119031,
            "gross_margin": 27.94,
            "gross_margin_4q_avg": 12.94,
            "net_income": 53302,
            "revenue": 426053,
            "common_shares": 1169658,
            "book_valuer_per_share": 19.02,
            "book_valuer_per_share_4q_avg": 19,
            "equity": 2237053,
            "current_ratio": 318.67,
            "debt_ratio": 17.9,
            "inventory_turnover_ratio": 0.98,
            "account_receivable_turnover_ratio": 1.1,
            "reinvestment_rate": 46.98,
            "research_to_sale_ratio": null,
            "price_fair": 58.33,
            "eps_avg_yearly": 1.67,
            "eps_latest_yearly": 1.56,
            "eps_growth_yearly": 56.38
        },
        "20094": {
            "year_quarter": 20094,
            "year": 2009,
            "quarter": 4,
            "eps": 0.22,
            "eps_growth_year": null,
            "eps_4q": 0.25,
            "eps_4q_growth_year": -35.15,
            "roe": 1.08,
            "roe_4q": 1.3,
            "gross_profit": 99454,
            "gross_margin": 22.87,
            "gross_margin_4q_avg": 17.58,
            "net_income": 24394,
            "revenue": 434882,
            "common_shares": 1169658,
            "book_valuer_per_share": 19.8,
            "book_valuer_per_share_4q_avg": 19.14,
            "equity": 2267099,
            "current_ratio": 282.97,
            "debt_ratio": 19.07,
            "inventory_turnover_ratio": 0.98,
            "account_receivable_turnover_ratio": 2.04,
            "reinvestment_rate": 21.67,
            "research_to_sale_ratio": null,
            "price_fair": 54.6,
            "eps_avg_yearly": 1.56,
            "eps_latest_yearly": 0.88,
            "eps_growth_yearly": 45.73
        },
        "20101": {
            "year_quarter": 20101,
            "year": 2010,
            "quarter": 1,
            "eps": 0.14,
            "eps_growth_year": null,
            "eps_4q": 0.72,
            "eps_4q_growth_year": 205.74,
            "roe": 0.73,
            "roe_4q": 3.6400000000000006,
            "gross_profit": 90415,
            "gross_margin": 21.81,
            "gross_margin_4q_avg": 22.95,
            "net_income": 16730,
            "revenue": 414613,
            "common_shares": 1171378,
            "book_valuer_per_share": 20,
            "book_valuer_per_share_4q_avg": 19.36,
            "equity": 2291867,
            "current_ratio": 278.31,
            "debt_ratio": 19.64,
            "inventory_turnover_ratio": 0.86,
            "account_receivable_turnover_ratio": 1,
            "reinvestment_rate": 115.83,
            "research_to_sale_ratio": 3.47,
            "price_fair": 52.42,
            "eps_avg_yearly": 1.5,
            "eps_latest_yearly": 0.56,
            "eps_growth_yearly": 46.96
        },
        "20102": {
            "year_quarter": 20102,
            "year": 2010,
            "quarter": 2,
            "eps": 1.05,
            "eps_growth_year": null,
            "eps_4q": 1.88,
            "eps_4q_growth_year": null,
            "roe": 5.19,
            "roe_4q": 9.41,
            "gross_profit": 108865,
            "gross_margin": 20.55,
            "gross_margin_4q_avg": 23.29,
            "net_income": 120626,
            "revenue": 529716,
            "common_shares": 1172248,
            "book_valuer_per_share": 20.53,
            "book_valuer_per_share_4q_avg": 19.84,
            "equity": 2352868,
            "current_ratio": 302.88,
            "debt_ratio": 19.81,
            "inventory_turnover_ratio": 1.04,
            "account_receivable_turnover_ratio": 1.13,
            "reinvestment_rate": 76.2,
            "research_to_sale_ratio": 2.77,
            "price_fair": 62.84,
            "eps_avg_yearly": 1.8,
            "eps_latest_yearly": 4.2,
            "eps_growth_yearly": 319.98
        },
        "20103": {
            "year_quarter": 20103,
            "year": 2010,
            "quarter": 3,
            "eps": 0.39,
            "eps_growth_year": -16.73,
            "eps_4q": 1.81,
            "eps_4q_growth_year": null,
            "roe": 1.9,
            "roe_4q": 8.9,
            "gross_profit": 125181,
            "gross_margin": 21.27,
            "gross_margin_4q_avg": 21.63,
            "net_income": 45158,
            "revenue": 588509,
            "common_shares": 1172598,
            "book_valuer_per_share": 20.91,
            "book_valuer_per_share_4q_avg": 20.31,
            "equity": 2404070,
            "current_ratio": 317.49,
            "debt_ratio": 18.77,
            "inventory_turnover_ratio": 1.09,
            "account_receivable_turnover_ratio": 1.08,
            "reinvestment_rate": 87.29,
            "research_to_sale_ratio": 2.64,
            "price_fair": 58.18,
            "eps_avg_yearly": 1.66,
            "eps_latest_yearly": 1.56,
            "eps_growth_yearly": 255.78
        },
        "20104": {
            "year_quarter": 20104,
            "year": 2010,
            "quarter": 4,
            "eps": -0.31,
            "eps_growth_year": -240.87,
            "eps_4q": 1.27,
            "eps_4q_growth_year": 410.53,
            "roe": -1.51,
            "roe_4q": 6.3100000000000005,
            "gross_profit": 99979,
            "gross_margin": 20.15,
            "gross_margin_4q_avg": 20.95,
            "net_income": -35791,
            "revenue": 496250,
            "common_shares": 1176298,
            "book_valuer_per_share": 20.34,
            "book_valuer_per_share_4q_avg": 20.45,
            "equity": 2344821,
            "current_ratio": 314.88,
            "debt_ratio": 18.62,
            "inventory_turnover_ratio": 0.88,
            "account_receivable_turnover_ratio": 0.94,
            "reinvestment_rate": -3.36,
            "research_to_sale_ratio": 3.69,
            "price_fair": 58.45,
            "eps_avg_yearly": 1.67,
            "eps_latest_yearly": 1.56,
            "eps_growth_yearly": 308.77
        },
        "20111": {
            "year_quarter": 20111,
            "year": 2011,
            "quarter": 1,
            "eps": 0.25,
            "eps_growth_year": 78.57,
            "eps_4q": 1.38,
            "eps_4q_growth_year": 93.41,
            "roe": 1.25,
            "roe_4q": 6.83,
            "gross_profit": 75711,
            "gross_margin": 16.72,
            "gross_margin_4q_avg": 19.67,
            "net_income": 29576,
            "revenue": 452728,
            "common_shares": 1178848,
            "book_valuer_per_share": 20.72,
            "book_valuer_per_share_4q_avg": 20.63,
            "equity": 2390501,
            "current_ratio": 365.02,
            "debt_ratio": 16.11,
            "inventory_turnover_ratio": 0.82,
            "account_receivable_turnover_ratio": 0.95,
            "reinvestment_rate": 110.63,
            "research_to_sale_ratio": 3.63,
            "price_fair": 61,
            "eps_avg_yearly": 1.74,
            "eps_latest_yearly": 1.56,
            "eps_growth_yearly": 368.6
        },
        "20112": {
            "year_quarter": 20112,
            "year": 2011,
            "quarter": 2,
            "eps": -0.04,
            "eps_growth_year": -103.48,
            "eps_4q": 0.3,
            "eps_4q_growth_year": -84.17,
            "roe": -0.17,
            "roe_4q": 1.47,
            "gross_profit": 85082,
            "gross_margin": 16.23,
            "gross_margin_4q_avg": 18.59,
            "net_income": -4006,
            "revenue": 524081,
            "common_shares": 1175868,
            "book_valuer_per_share": 19.76,
            "book_valuer_per_share_4q_avg": 20.43,
            "equity": 2280345,
            "current_ratio": 295,
            "debt_ratio": 20.46,
            "inventory_turnover_ratio": 0.93,
            "account_receivable_turnover_ratio": 1.09,
            "reinvestment_rate": 119.24,
            "research_to_sale_ratio": 3.32,
            "price_fair": 63.23,
            "eps_avg_yearly": 1.81,
            "eps_latest_yearly": 1.56,
            "eps_growth_yearly": 418.53
        },
        "20113": {
            "year_quarter": 20113,
            "year": 2011,
            "quarter": 3,
            "eps": 0.08,
            "eps_growth_year": -80.2,
            "eps_4q": -0.01,
            "eps_4q_growth_year": -100.83,
            "roe": 0.39,
            "roe_4q": -0.040000000000000036,
            "gross_profit": 79979,
            "gross_margin": 13.71,
            "gross_margin_4q_avg": 16.7,
            "net_income": 9005,
            "revenue": 583429,
            "common_shares": 1164118,
            "book_valuer_per_share": 20.08,
            "book_valuer_per_share_4q_avg": 20.23,
            "equity": 2301025,
            "current_ratio": 341.73,
            "debt_ratio": 17.3,
            "inventory_turnover_ratio": 1.05,
            "account_receivable_turnover_ratio": 1.13,
            "reinvestment_rate": 155.85,
            "research_to_sale_ratio": 3.2,
            "price_fair": 61.32,
            "eps_avg_yearly": 1.75,
            "eps_latest_yearly": 1.56,
            "eps_growth_yearly": 459.89
        },
        "20114": {
            "year_quarter": 20114,
            "year": 2011,
            "quarter": 4,
            "eps": -0.14,
            "eps_growth_year": null,
            "eps_4q": 0.16,
            "eps_4q_growth_year": -87.51,
            "roe": -0.69,
            "roe_4q": 0.78,
            "gross_profit": 53181,
            "gross_margin": 17.6,
            "gross_margin_4q_avg": 16.07,
            "net_income": -15726,
            "revenue": 302148,
            "common_shares": 1133338,
            "book_valuer_per_share": 19.96,
            "book_valuer_per_share_4q_avg": 20.13,
            "equity": 2274232,
            "current_ratio": 446.77,
            "debt_ratio": 12.54,
            "inventory_turnover_ratio": 0.55,
            "account_receivable_turnover_ratio": 0.66,
            "reinvestment_rate": -11.28,
            "research_to_sale_ratio": 5.38,
            "price_fair": 61.32,
            "eps_avg_yearly": 1.75,
            "eps_latest_yearly": 1.56,
            "eps_growth_yearly": 459.89
        },
        "20121": {
            "year_quarter": 20121,
            "year": 2012,
            "quarter": 1,
            "eps": -0.26,
            "eps_growth_year": -204,
            "eps_4q": -0.35,
            "eps_4q_growth_year": -125.63,
            "roe": -1.27,
            "roe_4q": -1.7399999999999998,
            "gross_profit": 48479,
            "gross_margin": 13.39,
            "gross_margin_4q_avg": 15.23,
            "net_income": -28731,
            "revenue": 362092,
            "common_shares": 1133338,
            "book_valuer_per_share": 19.63,
            "book_valuer_per_share_4q_avg": 19.86,
            "equity": 2236883,
            "current_ratio": 446.32,
            "debt_ratio": 12.76,
            "inventory_turnover_ratio": 0.76,
            "account_receivable_turnover_ratio": 0.92,
            "reinvestment_rate": -14.55,
            "research_to_sale_ratio": 4.52,
            "price_fair": 61.32,
            "eps_avg_yearly": 1.75,
            "eps_latest_yearly": 1.56,
            "eps_growth_yearly": 459.89
        },
        "20122": {
            "year_quarter": 20122,
            "year": 2012,
            "quarter": 2,
            "eps": 0.09,
            "eps_growth_year": null,
            "eps_4q": -0.23,
            "eps_4q_growth_year": -176.66,
            "roe": 0.45,
            "roe_4q": -1.12,
            "gross_profit": 66789,
            "gross_margin": 15.48,
            "gross_margin_4q_avg": 15.05,
            "net_income": 9933,
            "revenue": 431545,
            "common_shares": 1133338,
            "book_valuer_per_share": 19.38,
            "book_valuer_per_share_4q_avg": 19.76,
            "equity": 2209302,
            "current_ratio": 371.36,
            "debt_ratio": 15.64,
            "inventory_turnover_ratio": 0.96,
            "account_receivable_turnover_ratio": 1.05,
            "reinvestment_rate": -14.13,
            "research_to_sale_ratio": 4,
            "price_fair": 61.32,
            "eps_avg_yearly": 1.75,
            "eps_latest_yearly": 1.56,
            "eps_growth_yearly": 459.89
        },
        "20123": {
            "year_quarter": 20123,
            "year": 2012,
            "quarter": 3,
            "eps": 0.11,
            "eps_growth_year": 42.11,
            "eps_4q": -0.2,
            "eps_4q_growth_year": null,
            "roe": 0.58,
            "roe_4q": -0.9299999999999999,
            "gross_profit": 80120,
            "gross_margin": 21.01,
            "gross_margin_4q_avg": 16.87,
            "net_income": 12852,
            "revenue": 381338,
            "common_shares": 1133338,
            "book_valuer_per_share": 19.48,
            "book_valuer_per_share_4q_avg": 19.61,
            "equity": 2208320,
            "current_ratio": 389.56,
            "debt_ratio": 15.04,
            "inventory_turnover_ratio": 0.81,
            "account_receivable_turnover_ratio": 0.93,
            "reinvestment_rate": -44.84,
            "research_to_sale_ratio": 4.57,
            "price_fair": 53.48,
            "eps_avg_yearly": 1.53,
            "eps_latest_yearly": 0.44,
            "eps_growth_yearly": 415.85
        },
        "20124": {
            "year_quarter": 20124,
            "year": 2012,
            "quarter": 4,
            "eps": -0.09,
            "eps_growth_year": null,
            "eps_4q": -0.14,
            "eps_4q_growth_year": -190.15,
            "roe": -0.43,
            "roe_4q": -0.67,
            "gross_profit": 59900,
            "gross_margin": 17.79,
            "gross_margin_4q_avg": 16.92,
            "net_income": -9406,
            "revenue": 336703,
            "common_shares": 1133338,
            "book_valuer_per_share": 19.36,
            "book_valuer_per_share_4q_avg": 19.46,
            "equity": 2186335,
            "current_ratio": 393.12,
            "debt_ratio": 14.81,
            "inventory_turnover_ratio": 0.75,
            "account_receivable_turnover_ratio": 0.86,
            "reinvestment_rate": -47.56,
            "research_to_sale_ratio": 4.91,
            "price_fair": 53.48,
            "eps_avg_yearly": 1.53,
            "eps_latest_yearly": 0.44,
            "eps_growth_yearly": 415.85
        },
        "20131": {
            "year_quarter": 20131,
            "year": 2013,
            "quarter": 1,
            "eps": 0.2,
            "eps_growth_year": null,
            "eps_4q": 0.31,
            "eps_4q_growth_year": null,
            "roe": 1.03,
            "roe_4q": 1.6300000000000001,
            "gross_profit": 71005,
            "gross_margin": 19.96,
            "gross_margin_4q_avg": 18.56,
            "net_income": 22462,
            "revenue": 355705,
            "common_shares": 1133338,
            "book_valuer_per_share": 19.57,
            "book_valuer_per_share_4q_avg": 19.45,
            "equity": 2188533,
            "current_ratio": 446.25,
            "debt_ratio": 14.16,
            "inventory_turnover_ratio": 0.78,
            "account_receivable_turnover_ratio": 0.99,
            "reinvestment_rate": -38.15,
            "research_to_sale_ratio": 4.64,
            "price_fair": 53.48,
            "eps_avg_yearly": 1.53,
            "eps_latest_yearly": 0.44,
            "eps_growth_yearly": 415.85
        },
        "20132": {
            "year_quarter": 20132,
            "year": 2013,
            "quarter": 2,
            "eps": 0.21,
            "eps_growth_year": 136.72,
            "eps_4q": 0.44,
            "eps_4q_growth_year": null,
            "roe": 1.12,
            "roe_4q": 2.3000000000000003,
            "gross_profit": 92914,
            "gross_margin": 21.65,
            "gross_margin_4q_avg": 20.1,
            "net_income": 24397,
            "revenue": 429154,
            "common_shares": 1133338,
            "book_valuer_per_share": 19.52,
            "book_valuer_per_share_4q_avg": 19.48,
            "equity": 2183063,
            "current_ratio": 368.5,
            "debt_ratio": 17.33,
            "inventory_turnover_ratio": 0.9,
            "account_receivable_turnover_ratio": 1.2,
            "reinvestment_rate": -16.42,
            "research_to_sale_ratio": 4.41,
            "price_fair": 49.47,
            "eps_avg_yearly": 1.41,
            "eps_latest_yearly": 0.84,
            "eps_growth_yearly": 349.87
        },
        "20133": {
            "year_quarter": 20133,
            "year": 2013,
            "quarter": 3,
            "eps": 0.26,
            "eps_growth_year": 136.14,
            "eps_4q": 0.59,
            "eps_4q_growth_year": null,
            "roe": 1.35,
            "roe_4q": 3.07,
            "gross_profit": 98523,
            "gross_margin": 22.97,
            "gross_margin_4q_avg": 20.59,
            "net_income": 29675,
            "revenue": 428839,
            "common_shares": 1133338,
            "book_valuer_per_share": 19.8,
            "book_valuer_per_share_4q_avg": 19.56,
            "equity": 2213958,
            "current_ratio": 438.65,
            "debt_ratio": 14.65,
            "inventory_turnover_ratio": 0.9,
            "account_receivable_turnover_ratio": 1.12,
            "reinvestment_rate": -12.58,
            "research_to_sale_ratio": 4.35,
            "price_fair": 47.6,
            "eps_avg_yearly": 1.36,
            "eps_latest_yearly": 1.04,
            "eps_growth_yearly": 313.5
        },
        "20134": {
            "year_quarter": 20134,
            "year": 2013,
            "quarter": 4,
            "eps": 0.43,
            "eps_growth_year": null,
            "eps_4q": 1.1,
            "eps_4q_growth_year": null,
            "roe": 2.16,
            "roe_4q": 5.660000000000001,
            "gross_profit": 70538,
            "gross_margin": 18.63,
            "gross_margin_4q_avg": 20.8,
            "net_income": 48489,
            "revenue": 378682,
            "common_shares": 1133338,
            "book_valuer_per_share": 20.35,
            "book_valuer_per_share_4q_avg": 19.81,
            "equity": 2276472,
            "current_ratio": 425.37,
            "debt_ratio": 15.44,
            "inventory_turnover_ratio": 0.87,
            "account_receivable_turnover_ratio": 1.07,
            "reinvestment_rate": -100.2,
            "research_to_sale_ratio": 5.35,
            "price_fair": 51.8,
            "eps_avg_yearly": 1.48,
            "eps_latest_yearly": 1.72,
            "eps_growth_yearly": 381.25
        },
        "20141": {
            "year_quarter": 20141,
            "year": 2014,
            "quarter": 1,
            "eps": 0.34,
            "eps_growth_year": 70,
            "eps_4q": 1.24,
            "eps_4q_growth_year": 297.65,
            "roe": 1.68,
            "roe_4q": 6.31,
            "gross_profit": 78999,
            "gross_margin": 20.97,
            "gross_margin_4q_avg": 21.06,
            "net_income": 38552,
            "revenue": 376698,
            "common_shares": 1133338,
            "book_valuer_per_share": 20.79,
            "book_valuer_per_share_4q_avg": 20.12,
            "equity": 2326217,
            "current_ratio": 511.71,
            "debt_ratio": 12.64,
            "inventory_turnover_ratio": 0.88,
            "account_receivable_turnover_ratio": 1.13,
            "reinvestment_rate": -99.52,
            "research_to_sale_ratio": 4.68,
            "price_fair": 55.8,
            "eps_avg_yearly": 1.59,
            "eps_latest_yearly": 1.36,
            "eps_growth_yearly": 390.07
        },
        "20142": {
            "year_quarter": 20142,
            "year": 2014,
            "quarter": 2,
            "eps": 0.46,
            "eps_growth_year": 119.05,
            "eps_4q": 1.48,
            "eps_4q_growth_year": 235.59,
            "roe": 2.26,
            "roe_4q": 7.449999999999999,
            "gross_profit": 114294,
            "gross_margin": 25.58,
            "gross_margin_4q_avg": 22.04,
            "net_income": 51135,
            "revenue": 446809,
            "common_shares": 1133338,
            "book_valuer_per_share": 19.62,
            "book_valuer_per_share_4q_avg": 20.14,
            "equity": 2196845,
            "current_ratio": 331.85,
            "debt_ratio": 19.55,
            "inventory_turnover_ratio": 1.03,
            "account_receivable_turnover_ratio": 1.28,
            "reinvestment_rate": -87.15,
            "research_to_sale_ratio": 4.4,
            "price_fair": 44,
            "eps_avg_yearly": 1.26,
            "eps_latest_yearly": 1.84,
            "eps_growth_yearly": 38.81
        },
        "20143": {
            "year_quarter": 20143,
            "year": 2014,
            "quarter": 3,
            "eps": 0.5,
            "eps_growth_year": 92.31,
            "eps_4q": 1.72,
            "eps_4q_growth_year": 192.79,
            "roe": 2.51,
            "roe_4q": 8.61,
            "gross_profit": 118169,
            "gross_margin": 26.92,
            "gross_margin_4q_avg": 23.03,
            "net_income": 55799,
            "revenue": 438908,
            "common_shares": 1133338,
            "book_valuer_per_share": 20.17,
            "book_valuer_per_share_4q_avg": 20.23,
            "equity": 2255824,
            "current_ratio": 379.56,
            "debt_ratio": 16.33,
            "inventory_turnover_ratio": 1,
            "account_receivable_turnover_ratio": 1.15,
            "reinvestment_rate": -58.67,
            "research_to_sale_ratio": 4.3,
            "price_fair": 46.2,
            "eps_avg_yearly": 1.32,
            "eps_latest_yearly": 2,
            "eps_growth_yearly": 79.7
        },
        "20144": {
            "year_quarter": 20144,
            "year": 2014,
            "quarter": 4,
            "eps": 0.33,
            "eps_growth_year": -21.8,
            "eps_4q": 1.63,
            "eps_4q_growth_year": 48.28,
            "roe": 1.65,
            "roe_4q": 8.1,
            "gross_profit": 91355,
            "gross_margin": 24.56,
            "gross_margin_4q_avg": 24.51,
            "net_income": 37643,
            "revenue": 371941,
            "common_shares": 1133338,
            "book_valuer_per_share": 20.74,
            "book_valuer_per_share_4q_avg": 20.33,
            "equity": 2320057,
            "current_ratio": 513.18,
            "debt_ratio": 12.31,
            "inventory_turnover_ratio": 0.86,
            "account_receivable_turnover_ratio": 1.03,
            "reinvestment_rate": -38.61,
            "research_to_sale_ratio": 5.34,
            "price_fair": 46.2,
            "eps_avg_yearly": 1.32,
            "eps_latest_yearly": 1.32,
            "eps_growth_yearly": 52.74
        },
        "20151": {
            "year_quarter": 20151,
            "year": 2015,
            "quarter": 1,
            "eps": 0.2,
            "eps_growth_year": -41.18,
            "eps_4q": 1.5,
            "eps_4q_growth_year": 20.51,
            "roe": 0.97,
            "roe_4q": 7.39,
            "gross_profit": 97278,
            "gross_margin": 26.61,
            "gross_margin_4q_avg": 25.92,
            "net_income": 22990,
            "revenue": 365585,
            "common_shares": 1133338,
            "book_valuer_per_share": 21.51,
            "book_valuer_per_share_4q_avg": 20.51,
            "equity": 2405420,
            "current_ratio": 532.35,
            "debt_ratio": 11.68,
            "inventory_turnover_ratio": 0.84,
            "account_receivable_turnover_ratio": 1.15,
            "reinvestment_rate": -19.31,
            "research_to_sale_ratio": 5.27,
            "price_fair": 44.18,
            "eps_avg_yearly": 1.26,
            "eps_latest_yearly": 0.8,
            "eps_growth_yearly": 29.37
        },
        "20152": {
            "year_quarter": 20152,
            "year": 2015,
            "quarter": 2,
            "eps": 0.71,
            "eps_growth_year": 54.35,
            "eps_4q": 1.75,
            "eps_4q_growth_year": 18.19,
            "roe": 3.31,
            "roe_4q": 8.44,
            "gross_profit": 108423,
            "gross_margin": 26.59,
            "gross_margin_4q_avg": 26.17,
            "net_income": 78331,
            "revenue": 407783,
            "common_shares": 1133338,
            "book_valuer_per_share": 20.77,
            "book_valuer_per_share_4q_avg": 20.8,
            "equity": 2323027,
            "current_ratio": 360.89,
            "debt_ratio": 17.31,
            "inventory_turnover_ratio": 0.99,
            "account_receivable_turnover_ratio": 1.27,
            "reinvestment_rate": -8.06,
            "research_to_sale_ratio": 5.24,
            "price_fair": 49.7,
            "eps_avg_yearly": 1.42,
            "eps_latest_yearly": 2.84,
            "eps_growth_yearly": 128.43
        },
        "20153": {
            "year_quarter": 20153,
            "year": 2015,
            "quarter": 3,
            "eps": 0.61,
            "eps_growth_year": 22,
            "eps_4q": 1.87,
            "eps_4q_growth_year": 8.51,
            "roe": 2.93,
            "roe_4q": 8.86,
            "gross_profit": 107740,
            "gross_margin": 26.65,
            "gross_margin_4q_avg": 26.1,
            "net_income": 69043,
            "revenue": 404226,
            "common_shares": 1133338,
            "book_valuer_per_share": 21.49,
            "book_valuer_per_share_4q_avg": 21.13,
            "equity": 2390950,
            "current_ratio": 517.24,
            "debt_ratio": 12.4,
            "inventory_turnover_ratio": 1.04,
            "account_receivable_turnover_ratio": 1.22,
            "reinvestment_rate": -15.22,
            "research_to_sale_ratio": 5.66,
            "price_fair": 52.95,
            "eps_avg_yearly": 1.51,
            "eps_latest_yearly": 2.44,
            "eps_growth_yearly": 111.64
        },
        "20154": {
            "year_quarter": 20154,
            "year": 2015,
            "quarter": 4,
            "eps": 0.21,
            "eps_growth_year": -38.34,
            "eps_4q": 1.74,
            "eps_4q_growth_year": 6.8,
            "roe": 0.96,
            "roe_4q": 8.17,
            "gross_profit": 101008,
            "gross_margin": 26.39,
            "gross_margin_4q_avg": 26.56,
            "net_income": 23027,
            "revenue": 382754,
            "common_shares": 1117068,
            "book_valuer_per_share": 21.69,
            "book_valuer_per_share_4q_avg": 21.37,
            "equity": 2412707,
            "current_ratio": 502.94,
            "debt_ratio": 12.93,
            "inventory_turnover_ratio": 1.05,
            "account_receivable_turnover_ratio": 1.14,
            "reinvestment_rate": -11.37,
            "research_to_sale_ratio": 5.76,
            "price_fair": 50.98,
            "eps_avg_yearly": 1.46,
            "eps_latest_yearly": 0.84,
            "eps_growth_yearly": 80.47
        },
        "20161": {
            "year_quarter": 20161,
            "year": 2016,
            "quarter": 1,
            "eps": 0.33,
            "eps_growth_year": 65,
            "eps_4q": 1.87,
            "eps_4q_growth_year": 24.64,
            "roe": 1.52,
            "roe_4q": 8.72,
            "gross_profit": 110550,
            "gross_margin": 29.73,
            "gross_margin_4q_avg": 27.34,
            "net_income": 36953,
            "revenue": 371860,
            "common_shares": 1106188,
            "book_valuer_per_share": 22.07,
            "book_valuer_per_share_4q_avg": 21.51,
            "equity": 2455281,
            "current_ratio": 545.03,
            "debt_ratio": 11.93,
            "inventory_turnover_ratio": 1.01,
            "account_receivable_turnover_ratio": 1.13,
            "reinvestment_rate": -2.38,
            "research_to_sale_ratio": 5.88,
            "price_fair": 50.62,
            "eps_avg_yearly": 1.45,
            "eps_latest_yearly": 1.32,
            "eps_growth_yearly": 91.87
        },
        "20162": {
            "year_quarter": 20162,
            "year": 2016,
            "quarter": 2,
            "eps": 0.36,
            "eps_growth_year": -49.3,
            "eps_4q": 1.51,
            "eps_4q_growth_year": -13.78,
            "roe": 1.67,
            "roe_4q": 7.08,
            "gross_profit": 124532,
            "gross_margin": 29.5,
            "gross_margin_4q_avg": 28.07,
            "net_income": 39986,
            "revenue": 422165,
            "common_shares": 1106188,
            "book_valuer_per_share": 21,
            "book_valuer_per_share_4q_avg": 21.56,
            "equity": 2336077,
            "current_ratio": 345.96,
            "debt_ratio": 18.31,
            "inventory_turnover_ratio": 1.11,
            "account_receivable_turnover_ratio": 1.26,
            "reinvestment_rate": 4.64,
            "research_to_sale_ratio": 4.96,
            "price_fair": 50.6,
            "eps_avg_yearly": 1.45,
            "eps_latest_yearly": 1.44,
            "eps_growth_yearly": 87.9
        },
        "20163": {
            "year_quarter": 20163,
            "year": 2016,
            "quarter": 3,
            "eps": 0.34,
            "eps_growth_year": -44.26,
            "eps_4q": 1.23,
            "eps_4q_growth_year": -34.02,
            "roe": 1.62,
            "roe_4q": 5.7700000000000005,
            "gross_profit": 125667,
            "gross_margin": 30.04,
            "gross_margin_4q_avg": 28.92,
            "net_income": 37921,
            "revenue": 418353,
            "common_shares": 1106188,
            "book_valuer_per_share": 21.18,
            "book_valuer_per_share_4q_avg": 21.49,
            "equity": 2356787,
            "current_ratio": 343.58,
            "debt_ratio": 18.44,
            "inventory_turnover_ratio": 1.02,
            "account_receivable_turnover_ratio": 1.19,
            "reinvestment_rate": 5.37,
            "research_to_sale_ratio": 5.34,
            "price_fair": 52.9,
            "eps_avg_yearly": 1.51,
            "eps_latest_yearly": 1.36,
            "eps_growth_yearly": 79.97
        },
        "20164": {
            "year_quarter": 20164,
            "year": 2016,
            "quarter": 4,
            "eps": 0.58,
            "eps_growth_year": 182.37,
            "eps_4q": 1.61,
            "eps_4q_growth_year": -7.69,
            "roe": 2.82,
            "roe_4q": 7.629999999999999,
            "gross_profit": 118918,
            "gross_margin": 28.49,
            "gross_margin_4q_avg": 29.44,
            "net_income": 67370,
            "revenue": 417369,
            "common_shares": 1106188,
            "book_valuer_per_share": 21.66,
            "book_valuer_per_share_4q_avg": 21.48,
            "equity": 2412864,
            "current_ratio": 391.25,
            "debt_ratio": 16.23,
            "inventory_turnover_ratio": 1.04,
            "account_receivable_turnover_ratio": 1.16,
            "reinvestment_rate": 14.86,
            "research_to_sale_ratio": 5.4,
            "price_fair": 54.79,
            "eps_avg_yearly": 1.57,
            "eps_latest_yearly": 2.32,
            "eps_growth_yearly": 93.46
        },
        "20171": {
            "year_quarter": 20171,
            "year": 2017,
            "quarter": 1,
            "eps": 0,
            "eps_growth_year": -100,
            "eps_4q": 1.28,
            "eps_4q_growth_year": -31.28,
            "roe": 0.01,
            "roe_4q": 6.119999999999999,
            "gross_profit": 114542,
            "gross_margin": 29.26,
            "gross_margin_4q_avg": 29.32,
            "net_income": 122,
            "revenue": 391432,
            "common_shares": 1106188,
            "book_valuer_per_share": 21.21,
            "book_valuer_per_share_4q_avg": 21.26,
            "equity": 2362557,
            "current_ratio": 264.27,
            "debt_ratio": 22.83,
            "inventory_turnover_ratio": 1.01,
            "account_receivable_turnover_ratio": 1.14,
            "reinvestment_rate": 14.51,
            "research_to_sale_ratio": 5.87,
            "price_fair": 54.79,
            "eps_avg_yearly": 1.57,
            "eps_latest_yearly": 2.32,
            "eps_growth_yearly": 93.46
        },
        "20172": {
            "year_quarter": 20172,
            "year": 2017,
            "quarter": 2,
            "eps": 0.4,
            "eps_growth_year": 11.11,
            "eps_4q": 1.33,
            "eps_4q_growth_year": -12.04,
            "roe": 1.95,
            "roe_4q": 6.3999999999999995,
            "gross_profit": 127161,
            "gross_margin": 28.59,
            "gross_margin_4q_avg": 29.1,
            "net_income": 45153,
            "revenue": 444806,
            "common_shares": 1106188,
            "book_valuer_per_share": 20.36,
            "book_valuer_per_share_4q_avg": 21.1,
            "equity": 2266664,
            "current_ratio": 195.9,
            "debt_ratio": 39.05,
            "inventory_turnover_ratio": 1.13,
            "account_receivable_turnover_ratio": 1.29,
            "reinvestment_rate": 118.52,
            "research_to_sale_ratio": 5.08,
            "price_fair": 56.6,
            "eps_avg_yearly": 1.62,
            "eps_latest_yearly": 2.32,
            "eps_growth_yearly": 98.71
        },
        "20173": {
            "year_quarter": 20173,
            "year": 2017,
            "quarter": 3,
            "eps": 0.7,
            "eps_growth_year": 105.88,
            "eps_4q": 1.69,
            "eps_4q_growth_year": 36.63,
            "roe": 3.39,
            "roe_4q": 8.17,
            "gross_profit": 157704,
            "gross_margin": 31.56,
            "gross_margin_4q_avg": 29.48,
            "net_income": 78280,
            "revenue": 499751,
            "common_shares": 1106188,
            "book_valuer_per_share": 21.11,
            "book_valuer_per_share_4q_avg": 21.09,
            "equity": 2350221,
            "current_ratio": 199.84,
            "debt_ratio": 36.47,
            "inventory_turnover_ratio": 1.14,
            "account_receivable_turnover_ratio": 1.32,
            "reinvestment_rate": 124.06,
            "research_to_sale_ratio": 4.6,
            "price_fair": 61,
            "eps_avg_yearly": 1.74,
            "eps_latest_yearly": 2.8,
            "eps_growth_yearly": 113.33
        },
        "20174": {
            "year_quarter": 20174,
            "year": 2017,
            "quarter": 4,
            "eps": 0.35,
            "eps_growth_year": -39,
            "eps_4q": 1.46,
            "eps_4q_growth_year": -9.18,
            "roe": 1.64,
            "roe_4q": 6.99,
            "gross_profit": 133751,
            "gross_margin": 29.28,
            "gross_margin_4q_avg": 29.67,
            "net_income": 39544,
            "revenue": 456793,
            "common_shares": 1106188,
            "book_valuer_per_share": 21.33,
            "book_valuer_per_share_4q_avg": 21,
            "equity": 2459942,
            "current_ratio": 178.97,
            "debt_ratio": 39.75,
            "inventory_turnover_ratio": 0.9,
            "account_receivable_turnover_ratio": 1.05,
            "reinvestment_rate": 134.49,
            "research_to_sale_ratio": 5.08,
            "price_fair": 60.2,
            "eps_avg_yearly": 1.72,
            "eps_latest_yearly": 1.4,
            "eps_growth_yearly": 80.36
        },
        "20181": {
            "year_quarter": 20181,
            "year": 2018,
            "quarter": 1,
            "eps": 0.11,
            "eps_growth_year": null,
            "eps_4q": 1.57,
            "eps_4q_growth_year": 22.34,
            "roe": 0.33,
            "roe_4q": 7.3100000000000005,
            "gross_profit": 117472,
            "gross_margin": 24.01,
            "gross_margin_4q_avg": 28.36,
            "net_income": 8142,
            "revenue": 489315,
            "common_shares": 1106188,
            "book_valuer_per_share": 21.45,
            "book_valuer_per_share_4q_avg": 21.06,
            "equity": 2467946,
            "current_ratio": 178.07,
            "debt_ratio": 38.49,
            "inventory_turnover_ratio": 0.88,
            "account_receivable_turnover_ratio": 1.1,
            "reinvestment_rate": 121.39,
            "research_to_sale_ratio": 5.05,
            "price_fair": 57.9,
            "eps_avg_yearly": 1.65,
            "eps_latest_yearly": 0.44,
            "eps_growth_yearly": 66.75
        },
        "20182": {
            "year_quarter": 20182,
            "year": 2018,
            "quarter": 2,
            "eps": 0.53,
            "eps_growth_year": 32.5,
            "eps_4q": 1.69,
            "eps_4q_growth_year": 27.59,
            "roe": 2.39,
            "roe_4q": 7.75,
            "gross_profit": 113158,
            "gross_margin": 21.4,
            "gross_margin_4q_avg": 26.56,
            "net_income": 58268,
            "revenue": 528753,
            "common_shares": 1106188,
            "book_valuer_per_share": 20.96,
            "book_valuer_per_share_4q_avg": 21.21,
            "equity": 2417252,
            "current_ratio": 161.91,
            "debt_ratio": 38.42,
            "inventory_turnover_ratio": 0.94,
            "account_receivable_turnover_ratio": 1.2,
            "reinvestment_rate": 121.42,
            "research_to_sale_ratio": 4.52,
            "price_fair": 58.6,
            "eps_avg_yearly": 1.67,
            "eps_latest_yearly": 2.12,
            "eps_growth_yearly": 165.76
        },
        "20183": {
            "year_quarter": 20183,
            "year": 2018,
            "quarter": 3,
            "eps": 0.62,
            "eps_growth_year": -11.43,
            "eps_4q": 1.61,
            "eps_4q_growth_year": -4.28,
            "roe": 2.8,
            "roe_4q": 7.159999999999999,
            "gross_profit": 122682,
            "gross_margin": 22.57,
            "gross_margin_4q_avg": 24.32,
            "net_income": 67638,
            "revenue": 543605,
            "common_shares": 1106188,
            "book_valuer_per_share": 21.41,
            "book_valuer_per_share_4q_avg": 21.29,
            "equity": 2418246,
            "current_ratio": 166.14,
            "debt_ratio": 35.77,
            "inventory_turnover_ratio": 0.95,
            "account_receivable_turnover_ratio": 1.17,
            "reinvestment_rate": 107.7,
            "research_to_sale_ratio": 5.36,
            "price_fair": 59.8,
            "eps_avg_yearly": 1.71,
            "eps_latest_yearly": 2.48,
            "eps_growth_yearly": 168.13
        },
        "20184": {
            "year_quarter": 20184,
            "year": 2018,
            "quarter": 4,
            "eps": 0.24,
            "eps_growth_year": -31.56,
            "eps_4q": 1.5,
            "eps_4q_growth_year": 3.01,
            "roe": 1.1,
            "roe_4q": 6.62,
            "gross_profit": 102682,
            "gross_margin": 21.59,
            "gross_margin_4q_avg": 22.39,
            "net_income": 26619,
            "revenue": 475641,
            "common_shares": 1106188,
            "book_valuer_per_share": 21.58,
            "book_valuer_per_share_4q_avg": 21.35,
            "equity": 2415192,
            "current_ratio": 168.41,
            "debt_ratio": 34.96,
            "inventory_turnover_ratio": 0.88,
            "account_receivable_turnover_ratio": 1.09,
            "reinvestment_rate": 78.75,
            "research_to_sale_ratio": 5.5,
            "price_fair": 58.9,
            "eps_avg_yearly": 1.68,
            "eps_latest_yearly": 0.96,
            "eps_growth_yearly": 160.33
        },
        "20191": {
            "year_quarter": 20191,
            "year": 2019,
            "quarter": 1,
            "eps": 0.58,
            "eps_growth_year": 427.27,
            "eps_4q": 1.98,
            "eps_4q_growth_year": 26.44,
            "roe": 2.6,
            "roe_4q": 8.89,
            "gross_profit": 90307,
            "gross_margin": 20,
            "gross_margin_4q_avg": 21.39,
            "net_income": 63783,
            "revenue": 451588,
            "common_shares": 1106188,
            "book_valuer_per_share": 22.5,
            "book_valuer_per_share_4q_avg": 21.61,
            "equity": 2488199,
            "current_ratio": 161.9,
            "debt_ratio": 35.73,
            "inventory_turnover_ratio": 0.91,
            "account_receivable_turnover_ratio": 1.18,
            "reinvestment_rate": 68.24,
            "research_to_sale_ratio": 5.93,
            "price_fair": 62.7,
            "eps_avg_yearly": 1.79,
            "eps_latest_yearly": 2.32,
            "eps_growth_yearly": 212.06
        },
        "20192": {
            "year_quarter": 20192,
            "year": 2019,
            "quarter": 2,
            "eps": 0.49,
            "eps_growth_year": -7.55,
            "eps_4q": 1.92,
            "eps_4q_growth_year": 13.48,
            "roe": 2.22,
            "roe_4q": 8.719999999999999,
            "gross_profit": 85365,
            "gross_margin": 18.74,
            "gross_margin_4q_avg": 20.73,
            "net_income": 54404,
            "revenue": 455619,
            "common_shares": 1106188,
            "book_valuer_per_share": 21.59,
            "book_valuer_per_share_4q_avg": 21.77,
            "equity": 2409210,
            "current_ratio": 149.93,
            "debt_ratio": 34.73,
            "inventory_turnover_ratio": 0.97,
            "account_receivable_turnover_ratio": 1.22,
            "reinvestment_rate": 70.24,
            "research_to_sale_ratio": 6.62,
            "price_fair": 60.5,
            "eps_avg_yearly": 1.73,
            "eps_latest_yearly": 1.96,
            "eps_growth_yearly": 134.77
        },
        "20193": {
            "year_quarter": 20193,
            "year": 2019,
            "quarter": 3,
            "eps": 0.39,
            "eps_growth_year": -37.1,
            "eps_4q": 1.69,
            "eps_4q_growth_year": 4.56,
            "roe": 1.79,
            "roe_4q": 7.709999999999999,
            "gross_profit": 97566,
            "gross_margin": 21.72,
            "gross_margin_4q_avg": 20.51,
            "net_income": 43421,
            "revenue": 449296,
            "common_shares": 1106188,
            "book_valuer_per_share": 21.86,
            "book_valuer_per_share_4q_avg": 21.88,
            "equity": 2437801,
            "current_ratio": 152.54,
            "debt_ratio": 32.26,
            "inventory_turnover_ratio": 1,
            "account_receivable_turnover_ratio": 1.19,
            "reinvestment_rate": 79.23,
            "research_to_sale_ratio": 5.24,
            "price_fair": 58.3,
            "eps_avg_yearly": 1.67,
            "eps_latest_yearly": 1.56,
            "eps_growth_yearly": 132.96
        },
        "20194": {
            "year_quarter": 20194,
            "year": 2019,
            "quarter": 4,
            "eps": -0.01,
            "eps_growth_year": -105.27,
            "eps_4q": 1.43,
            "eps_4q_growth_year": -4.7,
            "roe": -0.06,
            "roe_4q": 6.550000000000001,
            "gross_profit": 87734,
            "gross_margin": 20.31,
            "gross_margin_4q_avg": 20.19,
            "net_income": -1423,
            "revenue": 432075,
            "common_shares": 1106188,
            "book_valuer_per_share": 21.77,
            "book_valuer_per_share_4q_avg": 21.93,
            "equity": 2427284,
            "current_ratio": 144.14,
            "debt_ratio": 34.92,
            "inventory_turnover_ratio": 1.04,
            "account_receivable_turnover_ratio": 1.16,
            "reinvestment_rate": 93.32,
            "research_to_sale_ratio": 5.9,
            "price_fair": 60.52,
            "eps_avg_yearly": 1.73,
            "eps_latest_yearly": 1.56,
            "eps_growth_yearly": 163.37
        },
        "20201": {
            "year_quarter": 20201,
            "year": 2020,
            "quarter": 1,
            "eps": 0.61,
            "eps_growth_year": 5.17,
            "eps_4q": 1.47,
            "eps_4q_growth_year": -25.7,
            "roe": 2.84,
            "roe_4q": 6.790000000000001,
            "gross_profit": 78502,
            "gross_margin": 20.3,
            "gross_margin_4q_avg": 20.27,
            "net_income": 67720,
            "revenue": 386797,
            "common_shares": 1106188,
            "book_valuer_per_share": 21.15,
            "book_valuer_per_share_4q_avg": 21.59,
            "equity": 2348723,
            "current_ratio": 159.29,
            "debt_ratio": 38.18,
            "inventory_turnover_ratio": 0.96,
            "account_receivable_turnover_ratio": 1.08,
            "reinvestment_rate": 86.92,
            "research_to_sale_ratio": 6.12,
            "price_fair": 61.72,
            "eps_avg_yearly": 1.76,
            "eps_latest_yearly": 1.56,
            "eps_growth_yearly": 157.93
        },
        "20202": {
            "year_quarter": 20202,
            "year": 2020,
            "quarter": 2,
            "eps": 0.23,
            "eps_growth_year": -53.06,
            "eps_4q": 1.23,
            "eps_4q_growth_year": -36.11,
            "roe": 1.08,
            "roe_4q": 5.65,
            "gross_profit": 105368,
            "gross_margin": 22.41,
            "gross_margin_4q_avg": 21.19,
            "net_income": 25442,
            "revenue": 470142,
            "common_shares": 1090938,
            "book_valuer_per_share": 21.39,
            "book_valuer_per_share_4q_avg": 21.54,
            "equity": 2350716,
            "current_ratio": 178.86,
            "debt_ratio": 37.65,
            "inventory_turnover_ratio": 1.11,
            "account_receivable_turnover_ratio": 1.26,
            "reinvestment_rate": 92.9,
            "research_to_sale_ratio": 4.92,
            "price_fair": 60.2,
            "eps_avg_yearly": 1.72,
            "eps_latest_yearly": 0.92,
            "eps_growth_yearly": 134.14
        },
        "20203": {
            "year_quarter": 20203,
            "year": 2020,
            "quarter": 3,
            "eps": 0.04,
            "eps_growth_year": -89.74,
            "eps_4q": 0.88,
            "eps_4q_growth_year": -47.94,
            "roe": 0.21,
            "roe_4q": 4.07,
            "gross_profit": 94105,
            "gross_margin": 20.79,
            "gross_margin_4q_avg": 20.95,
            "net_income": 4855,
            "revenue": 452565,
            "common_shares": 1090938,
            "book_valuer_per_share": 21.52,
            "book_valuer_per_share_4q_avg": 21.46,
            "equity": 2362706,
            "current_ratio": 180.9,
            "debt_ratio": 37.65,
            "inventory_turnover_ratio": 1.09,
            "account_receivable_turnover_ratio": 1.14,
            "reinvestment_rate": 105.36,
            "research_to_sale_ratio": 5.66,
            "price_fair": 56.7,
            "eps_avg_yearly": 1.62,
            "eps_latest_yearly": 0.16,
            "eps_growth_yearly": 108.45
        },
        "20204": {
            "year_quarter": 20204,
            "year": 2020,
            "quarter": 4,
            "eps": -0.13,
            "eps_growth_year": null,
            "eps_4q": 0.76,
            "eps_4q_growth_year": -46.75,
            "roe": -0.58,
            "roe_4q": 3.55,
            "gross_profit": 97742,
            "gross_margin": 20.77,
            "gross_margin_4q_avg": 21.07,
            "net_income": -13869,
            "revenue": 470611,
            "common_shares": 1090938,
            "book_valuer_per_share": 21.68,
            "book_valuer_per_share_4q_avg": 21.44,
            "equity": 2381380,
            "current_ratio": 167.01,
            "debt_ratio": 38.75,
            "inventory_turnover_ratio": 1.18,
            "account_receivable_turnover_ratio": 1.22,
            "reinvestment_rate": 129.31,
            "research_to_sale_ratio": 5.18,
            "price_fair": 54.47,
            "eps_avg_yearly": 1.56,
            "eps_latest_yearly": 0.16,
            "eps_growth_yearly": 92.65
        },
        "20211": {
            "year_quarter": 20211,
            "year": 2021,
            "quarter": 1,
            "eps": 0.08,
            "eps_growth_year": -86.89,
            "eps_4q": 0.22,
            "eps_4q_growth_year": -84.84,
            "roe": 0.39,
            "roe_4q": 1.1,
            "gross_profit": 74675,
            "gross_margin": 15.78,
            "gross_margin_4q_avg": 19.94,
            "net_income": 9316,
            "revenue": 473101,
            "common_shares": 1090938,
            "book_valuer_per_share": 21.37,
            "book_valuer_per_share_4q_avg": 21.49,
            "equity": 2347789,
            "current_ratio": 153.98,
            "debt_ratio": 41.09,
            "inventory_turnover_ratio": 1.23,
            "account_receivable_turnover_ratio": 1.2,
            "reinvestment_rate": 137.92,
            "research_to_sale_ratio": 5.4,
            "price_fair": 54.47,
            "eps_avg_yearly": 1.56,
            "eps_latest_yearly": 0.16,
            "eps_growth_yearly": 92.65
        },
        "20212": {
            "year_quarter": 20212,
            "year": 2021,
            "quarter": 2,
            "eps": 1.01,
            "eps_growth_year": 339.13,
            "eps_4q": 1.01,
            "eps_4q_growth_year": -17.9,
            "roe": 4.61,
            "roe_4q": 4.63,
            "gross_profit": 96436,
            "gross_margin": 18.51,
            "gross_margin_4q_avg": 18.96,
            "net_income": 110635,
            "revenue": 521035,
            "common_shares": 1090938,
            "book_valuer_per_share": 22.38,
            "book_valuer_per_share_4q_avg": 21.74,
            "equity": 2452373,
            "current_ratio": 162.11,
            "debt_ratio": 41.5,
            "inventory_turnover_ratio": 1.07,
            "account_receivable_turnover_ratio": 1.25,
            "reinvestment_rate": 20.77,
            "research_to_sale_ratio": 5.4,
            "price_fair": 61.72,
            "eps_avg_yearly": 1.76,
            "eps_latest_yearly": 4.04,
            "eps_growth_yearly": 472.43
        },
        "20213": {
            "year_quarter": 20213,
            "year": 2021,
            "quarter": 3,
            "eps": 0.2,
            "eps_growth_year": 400,
            "eps_4q": 1.16,
            "eps_4q_growth_year": 32.26,
            "roe": 0.88,
            "roe_4q": 5.3,
            "gross_profit": 94637,
            "gross_margin": 15.96,
            "gross_margin_4q_avg": 17.76,
            "net_income": 21766,
            "revenue": 593030,
            "common_shares": 1090938,
            "book_valuer_per_share": 22.69,
            "book_valuer_per_share_4q_avg": 22.03,
            "equity": 2486711,
            "current_ratio": 152.08,
            "debt_ratio": 41.6,
            "inventory_turnover_ratio": 1.01,
            "account_receivable_turnover_ratio": 1.29,
            "reinvestment_rate": 29.53,
            "research_to_sale_ratio": 3.64,
            "price_fair": 55.88,
            "eps_avg_yearly": 1.6,
            "eps_latest_yearly": 0.8,
            "eps_growth_yearly": 420.69
        },
        "20214": {
            "year_quarter": 20214,
            "year": 2021,
            "quarter": 4,
            "eps": 0.11,
            "eps_growth_year": null,
            "eps_4q": 1.4,
            "eps_4q_growth_year": 83.85,
            "roe": 0.51,
            "roe_4q": 6.39,
            "gross_profit": 91194,
            "gross_margin": 15.62,
            "gross_margin_4q_avg": 16.47,
            "net_income": 12898,
            "revenue": 583876,
            "common_shares": 1090938,
            "book_valuer_per_share": 23.27,
            "book_valuer_per_share_4q_avg": 22.43,
            "equity": 2551314,
            "current_ratio": 151.35,
            "debt_ratio": 41.59,
            "inventory_turnover_ratio": 0.87,
            "account_receivable_turnover_ratio": 1.21,
            "reinvestment_rate": 35.62,
            "research_to_sale_ratio": 4.16,
            "price_fair": 53.08,
            "eps_avg_yearly": 1.52,
            "eps_latest_yearly": 0.44,
            "eps_growth_yearly": 422.36
        },
        "20221": {
            "year_quarter": 20221,
            "year": 2022,
            "quarter": 1,
            "eps": 0.5,
            "eps_growth_year": 525,
            "eps_4q": 1.82,
            "eps_4q_growth_year": 715.32,
            "roe": 2.16,
            "roe_4q": 8.16,
            "gross_profit": 118113,
            "gross_margin": 20.66,
            "gross_margin_4q_avg": 17.69,
            "net_income": 54990,
            "revenue": 571801,
            "common_shares": 1090938,
            "book_valuer_per_share": 23.07,
            "book_valuer_per_share_4q_avg": 22.85,
            "equity": 2529647,
            "current_ratio": 136.79,
            "debt_ratio": 42.49,
            "inventory_turnover_ratio": 0.75,
            "account_receivable_turnover_ratio": 1.2,
            "reinvestment_rate": 70.02,
            "research_to_sale_ratio": 3.95,
            "price_fair": 57.63,
            "eps_avg_yearly": 1.65,
            "eps_latest_yearly": 2,
            "eps_growth_yearly": 563.4
        },
        "20222": {
            "year_quarter": 20222,
            "year": 2022,
            "quarter": 2,
            "eps": 0.62,
            "eps_growth_year": -38.61,
            "eps_4q": 1.43,
            "eps_4q_growth_year": 41.81,
            "roe": 2.7,
            "roe_4q": 6.25,
            "gross_profit": 122288,
            "gross_margin": 19.4,
            "gross_margin_4q_avg": 17.91,
            "net_income": 68653,
            "revenue": 630282,
            "common_shares": 1090938,
            "book_valuer_per_share": 23.28,
            "book_valuer_per_share_4q_avg": 23.08,
            "equity": 2551587,
            "current_ratio": 138.84,
            "debt_ratio": 42.6,
            "inventory_turnover_ratio": 0.87,
            "account_receivable_turnover_ratio": 1.28,
            "reinvestment_rate": 69.32,
            "research_to_sale_ratio": 3.5,
            "price_fair": 58.68,
            "eps_avg_yearly": 1.68,
            "eps_latest_yearly": 2.48,
            "eps_growth_yearly": 444.13
        },
        "20223": {
            "year_quarter": 20223,
            "year": 2022,
            "quarter": 3,
            "eps": 0.42,
            "eps_growth_year": 110,
            "eps_4q": 1.66,
            "eps_4q_growth_year": 42.55,
            "roe": 1.8,
            "roe_4q": 7.17,
            "gross_profit": 86775,
            "gross_margin": 16.18,
            "gross_margin_4q_avg": 17.97,
            "net_income": 46738,
            "revenue": 536274,
            "common_shares": 1090938,
            "book_valuer_per_share": 24.09,
            "book_valuer_per_share_4q_avg": 23.43,
            "equity": 2642176,
            "current_ratio": 135.53,
            "debt_ratio": 41.59,
            "inventory_turnover_ratio": 0.85,
            "account_receivable_turnover_ratio": 1.09,
            "reinvestment_rate": 82.44,
            "research_to_sale_ratio": 3.91,
            "price_fair": 56.35,
            "eps_avg_yearly": 1.61,
            "eps_latest_yearly": 1.68,
            "eps_growth_yearly": 427.71
        },
        "20224": {
            "year_quarter": 20224,
            "year": 2022,
            "quarter": 4,
            "eps": -0,
            "eps_growth_year": -103.87,
            "eps_4q": 1.54,
            "eps_4q_growth_year": 9.62,
            "roe": -0.01,
            "roe_4q": 6.65,
            "gross_profit": 90057,
            "gross_margin": 18.48,
            "gross_margin_4q_avg": 18.68,
            "net_income": -256,
            "revenue": 487238,
            "common_shares": 1090938,
            "book_valuer_per_share": 23.89,
            "book_valuer_per_share_4q_avg": 23.58,
            "equity": 2620487,
            "current_ratio": 132.65,
            "debt_ratio": 42.11,
            "inventory_turnover_ratio": 0.81,
            "account_receivable_turnover_ratio": 1.14,
            "reinvestment_rate": 146.07,
            "research_to_sale_ratio": 4.7,
            "price_fair": 58.42,
            "eps_avg_yearly": 1.67,
            "eps_latest_yearly": 1.68,
            "eps_growth_yearly": 488.88
        },
        "20231": {
            "year_quarter": 20231,
            "year": 2023,
            "quarter": 1,
            "eps": -0.04,
            "eps_growth_year": -108,
            "eps_4q": 1,
            "eps_4q_growth_year": -44.88,
            "roe": -0.14,
            "roe_4q": 4.35,
            "gross_profit": 67397,
            "gross_margin": 15.2,
            "gross_margin_4q_avg": 17.32,
            "net_income": -3497,
            "revenue": 443499,
            "common_shares": 1090938,
            "book_valuer_per_share": 23.01,
            "book_valuer_per_share_4q_avg": 23.57,
            "equity": 2525646,
            "current_ratio": 118.33,
            "debt_ratio": 43.43,
            "inventory_turnover_ratio": 0.83,
            "account_receivable_turnover_ratio": 1.23,
            "reinvestment_rate": 168.4,
            "research_to_sale_ratio": 5.22,
            "price_fair": 56.14,
            "eps_avg_yearly": 1.6,
            "eps_latest_yearly": 1.68,
            "eps_growth_yearly": 481.1
        }
    },
    "months": {
        "2001-09": {
            "month": "2001-09",
            "price": "22.70",
            "revenue": 35274
        },
        "2001-10": {
            "month": "2001-10",
            "price": "22.70",
            "revenue": 39069
        },
        "2001-11": {
            "month": "2001-11",
            "price": "27.09",
            "revenue": 38140
        },
        "2001-12": {
            "month": "2001-12",
            "price": "31.40",
            "revenue": 40003
        },
        "2002-01": {
            "month": "2002-01",
            "price": "38.64",
            "revenue": 41505
        },
        "2002-02": {
            "month": "2002-02",
            "price": "36.18",
            "revenue": 35561
        },
        "2002-03": {
            "month": "2002-03",
            "price": "36.17",
            "revenue": 42270
        },
        "2002-04": {
            "month": "2002-04",
            "price": "37.24",
            "revenue": 44744
        },
        "2002-05": {
            "month": "2002-05",
            "price": "35.13",
            "revenue": 44636
        },
        "2002-06": {
            "month": "2002-06",
            "price": "29.96",
            "revenue": 44354
        },
        "2002-07": {
            "month": "2002-07",
            "price": "27.37",
            "revenue": 42630
        },
        "2002-08": {
            "month": "2002-08",
            "price": "25.06",
            "revenue": 39744
        },
        "2002-09": {
            "month": "2002-09",
            "price": "24.60",
            "revenue": 41254
        },
        "2002-10": {
            "month": "2002-10",
            "price": "21.34",
            "revenue": 41193
        },
        "2002-11": {
            "month": "2002-11",
            "price": "22.44",
            "revenue": 43157
        },
        "2002-12": {
            "month": "2002-12",
            "price": "23.74",
            "revenue": 36031
        },
        "2003-01": {
            "month": "2003-01",
            "price": "23.15",
            "revenue": 38288
        },
        "2003-02": {
            "month": "2003-02",
            "price": "20.36",
            "revenue": 42031
        },
        "2003-03": {
            "month": "2003-03",
            "price": "20.13",
            "revenue": 51630
        },
        "2003-04": {
            "month": "2003-04",
            "price": "21.52",
            "revenue": 48691
        },
        "2003-05": {
            "month": "2003-05",
            "price": "21.54",
            "revenue": 47549
        },
        "2003-06": {
            "month": "2003-06",
            "price": "24.49",
            "revenue": 51235
        },
        "2003-07": {
            "month": "2003-07",
            "price": "26.97",
            "revenue": 46158
        },
        "2003-08": {
            "month": "2003-08",
            "price": "28.66",
            "revenue": 43560
        },
        "2003-09": {
            "month": "2003-09",
            "price": "24.33",
            "revenue": 46347
        },
        "2003-10": {
            "month": "2003-10",
            "price": "23.77",
            "revenue": 47398
        },
        "2003-11": {
            "month": "2003-11",
            "price": "24.14",
            "revenue": 42137
        },
        "2003-12": {
            "month": "2003-12",
            "price": "23.98",
            "revenue": 49615
        },
        "2004-01": {
            "month": "2004-01",
            "price": "24.49",
            "revenue": 42340
        },
        "2004-02": {
            "month": "2004-02",
            "price": "25.96",
            "revenue": 49811
        },
        "2004-03": {
            "month": "2004-03",
            "price": "24.40",
            "revenue": 57350
        },
        "2004-04": {
            "month": "2004-04",
            "price": "24.81",
            "revenue": 58995
        },
        "2004-05": {
            "month": "2004-05",
            "price": "21.18",
            "revenue": 50278
        },
        "2004-06": {
            "month": "2004-06",
            "price": "19.95",
            "revenue": 51326
        },
        "2004-07": {
            "month": "2004-07",
            "price": "17.95",
            "revenue": 78913
        },
        "2004-08": {
            "month": "2004-08",
            "price": "16.60",
            "revenue": 95109
        },
        "2004-09": {
            "month": "2004-09",
            "price": "17.00",
            "revenue": 95235
        },
        "2004-10": {
            "month": "2004-10",
            "price": "16.25",
            "revenue": 90715
        },
        "2004-11": {
            "month": "2004-11",
            "price": "16.18",
            "revenue": 90320
        },
        "2004-12": {
            "month": "2004-12",
            "price": "16.97",
            "revenue": 89758
        },
        "2005-01": {
            "month": "2005-01",
            "price": "17.12",
            "revenue": 85097
        },
        "2005-02": {
            "month": "2005-02",
            "price": "17.65",
            "revenue": 67239
        },
        "2005-03": {
            "month": "2005-03",
            "price": "18.00",
            "revenue": 107300
        },
        "2005-04": {
            "month": "2005-04",
            "price": "17.94",
            "revenue": 92427
        },
        "2005-05": {
            "month": "2005-05",
            "price": "17.36",
            "revenue": 95948
        },
        "2005-06": {
            "month": "2005-06",
            "price": "17.79",
            "revenue": 93455
        },
        "2005-07": {
            "month": "2005-07",
            "price": "18.00",
            "revenue": 97257
        },
        "2005-08": {
            "month": "2005-08",
            "price": "17.29",
            "revenue": 104839
        },
        "2005-09": {
            "month": "2005-09",
            "price": "16.68",
            "revenue": 100463
        },
        "2005-10": {
            "month": "2005-10",
            "price": "16.48",
            "revenue": 97734
        },
        "2005-11": {
            "month": "2005-11",
            "price": "16.26",
            "revenue": 105194
        },
        "2005-12": {
            "month": "2005-12",
            "price": "17.39",
            "revenue": 98813
        },
        "2006-01": {
            "month": "2006-01",
            "price": "18.19",
            "revenue": 138975
        },
        "2006-02": {
            "month": "2006-02",
            "price": "17.56",
            "revenue": 127461
        },
        "2006-03": {
            "month": "2006-03",
            "price": "17.21",
            "revenue": 166933
        },
        "2006-04": {
            "month": "2006-04",
            "price": "18.51",
            "revenue": 159839
        },
        "2006-05": {
            "month": "2006-05",
            "price": "18.39",
            "revenue": 191000
        },
        "2006-06": {
            "month": "2006-06",
            "price": "18.02",
            "revenue": 185339
        },
        "2006-07": {
            "month": "2006-07",
            "price": "20.16",
            "revenue": 171289
        },
        "2006-08": {
            "month": "2006-08",
            "price": "18.72",
            "revenue": 188162
        },
        "2006-09": {
            "month": "2006-09",
            "price": "17.82",
            "revenue": 189161
        },
        "2006-10": {
            "month": "2006-10",
            "price": "21.77",
            "revenue": 172504
        },
        "2006-11": {
            "month": "2006-11",
            "price": "25.58",
            "revenue": 174074
        },
        "2006-12": {
            "month": "2006-12",
            "price": "26.16",
            "revenue": 147015
        },
        "2007-01": {
            "month": "2007-01",
            "price": "25.16",
            "revenue": 163223
        },
        "2007-02": {
            "month": "2007-02",
            "price": "24.62",
            "revenue": 123564
        },
        "2007-03": {
            "month": "2007-03",
            "price": "25.80",
            "revenue": 165665
        },
        "2007-04": {
            "month": "2007-04",
            "price": "25.39",
            "revenue": 173012
        },
        "2007-05": {
            "month": "2007-05",
            "price": "23.58",
            "revenue": 180716
        },
        "2007-06": {
            "month": "2007-06",
            "price": "25.13",
            "revenue": 166659
        },
        "2007-07": {
            "month": "2007-07",
            "price": "25.86",
            "revenue": 181209
        },
        "2007-08": {
            "month": "2007-08",
            "price": "22.69",
            "revenue": 192432
        },
        "2007-09": {
            "month": "2007-09",
            "price": "21.66",
            "revenue": 186002
        },
        "2007-10": {
            "month": "2007-10",
            "price": "21.67",
            "revenue": 174698
        },
        "2007-11": {
            "month": "2007-11",
            "price": "19.08",
            "revenue": 172515
        },
        "2007-12": {
            "month": "2007-12",
            "price": "17.15",
            "revenue": 150982
        },
        "2008-01": {
            "month": "2008-01",
            "price": "15.58",
            "revenue": 159760
        },
        "2008-02": {
            "month": "2008-02",
            "price": "14.64",
            "revenue": 131433
        },
        "2008-03": {
            "month": "2008-03",
            "price": "15.19",
            "revenue": 168980
        },
        "2008-04": {
            "month": "2008-04",
            "price": "16.35",
            "revenue": 189223
        },
        "2008-05": {
            "month": "2008-05",
            "price": "15.64",
            "revenue": 160315
        },
        "2008-06": {
            "month": "2008-06",
            "price": "14.16",
            "revenue": 164979
        },
        "2008-07": {
            "month": "2008-07",
            "price": "12.86",
            "revenue": 178681
        },
        "2008-08": {
            "month": "2008-08",
            "price": "12.30",
            "revenue": 165987
        },
        "2008-09": {
            "month": "2008-09",
            "price": "11.03",
            "revenue": 156105
        },
        "2008-10": {
            "month": "2008-10",
            "price": "9.70",
            "revenue": 153739
        },
        "2008-11": {
            "month": "2008-11",
            "price": "8.35",
            "revenue": 108341
        },
        "2008-12": {
            "month": "2008-12",
            "price": "8.21",
            "revenue": 83047
        },
        "2009-01": {
            "month": "2009-01",
            "price": "7.89",
            "revenue": 70432
        },
        "2009-02": {
            "month": "2009-02",
            "price": "7.45",
            "revenue": 83553
        },
        "2009-03": {
            "month": "2009-03",
            "price": "8.30",
            "revenue": 101299
        },
        "2009-04": {
            "month": "2009-04",
            "price": "9.79",
            "revenue": 123347
        },
        "2009-05": {
            "month": "2009-05",
            "price": "10.26",
            "revenue": 115802
        },
        "2009-06": {
            "month": "2009-06",
            "price": "10.12",
            "revenue": 126874
        },
        "2009-07": {
            "month": "2009-07",
            "price": "10.27",
            "revenue": 144594
        },
        "2009-08": {
            "month": "2009-08",
            "price": "10.72",
            "revenue": 135606
        },
        "2009-09": {
            "month": "2009-09",
            "price": "11.41",
            "revenue": 136550
        },
        "2009-10": {
            "month": "2009-10",
            "price": "12.53",
            "revenue": 145025
        },
        "2009-11": {
            "month": "2009-11",
            "price": "13.91",
            "revenue": 141368
        },
        "2009-12": {
            "month": "2009-12",
            "price": "16.96",
            "revenue": 148419
        },
        "2010-01": {
            "month": "2010-01",
            "price": "16.30",
            "revenue": 153833
        },
        "2010-02": {
            "month": "2010-02",
            "price": "15.28",
            "revenue": 104861
        },
        "2010-03": {
            "month": "2010-03",
            "price": "17.65",
            "revenue": 144309
        },
        "2010-04": {
            "month": "2010-04",
            "price": "17.87",
            "revenue": 171158
        },
        "2010-05": {
            "month": "2010-05",
            "price": "16.46",
            "revenue": 182953
        },
        "2010-06": {
            "month": "2010-06",
            "price": "17.05",
            "revenue": 193024
        },
        "2010-07": {
            "month": "2010-07",
            "price": "17.05",
            "revenue": 195640
        },
        "2010-08": {
            "month": "2010-08",
            "price": "18.24",
            "revenue": 191003
        },
        "2010-09": {
            "month": "2010-09",
            "price": "21.38",
            "revenue": 180457
        },
        "2010-10": {
            "month": "2010-10",
            "price": "19.66",
            "revenue": 170063
        },
        "2010-11": {
            "month": "2010-11",
            "price": "17.53",
            "revenue": 181203
        },
        "2010-12": {
            "month": "2010-12",
            "price": "18.37",
            "revenue": 165403
        },
        "2011-01": {
            "month": "2011-01",
            "price": "19.29",
            "revenue": 157509
        },
        "2011-02": {
            "month": "2011-02",
            "price": "20.06",
            "revenue": 113618
        },
        "2011-03": {
            "month": "2011-03",
            "price": "17.63",
            "revenue": 168470
        },
        "2011-04": {
            "month": "2011-04",
            "price": "18.47",
            "revenue": 169600
        },
        "2011-05": {
            "month": "2011-05",
            "price": "17.30",
            "revenue": 178657
        },
        "2011-06": {
            "month": "2011-06",
            "price": "17.38",
            "revenue": 166465
        },
        "2011-07": {
            "month": "2011-07",
            "price": "16.04",
            "revenue": 179920
        },
        "2011-08": {
            "month": "2011-08",
            "price": "13.03",
            "revenue": 168943
        },
        "2011-09": {
            "month": "2011-09",
            "price": "12.03",
            "revenue": 158438
        },
        "2011-10": {
            "month": "2011-10",
            "price": "11.64",
            "revenue": 107890
        },
        "2011-11": {
            "month": "2011-11",
            "price": "11.03",
            "revenue": 113987
        },
        "2011-12": {
            "month": "2011-12",
            "price": "10.31",
            "revenue": 130885
        },
        "2012-01": {
            "month": "2012-01",
            "price": "11.41",
            "revenue": 92914
        },
        "2012-02": {
            "month": "2012-02",
            "price": "12.38",
            "revenue": 119421
        },
        "2012-03": {
            "month": "2012-03",
            "price": "13.18",
            "revenue": 143214
        },
        "2012-04": {
            "month": "2012-04",
            "price": "12.18",
            "revenue": 144193
        },
        "2012-05": {
            "month": "2012-05",
            "price": "11.70",
            "revenue": 151250
        },
        "2012-06": {
            "month": "2012-06",
            "price": "11.16",
            "revenue": 135159
        },
        "2012-07": {
            "month": "2012-07",
            "price": "10.80",
            "revenue": 138169
        },
        "2012-08": {
            "month": "2012-08",
            "price": "10.65",
            "revenue": 123749
        },
        "2012-09": {
            "month": "2012-09",
            "price": "11.38",
            "revenue": 119367
        },
        "2012-10": {
            "month": "2012-10",
            "price": "10.75",
            "revenue": 127299
        },
        "2012-11": {
            "month": "2012-11",
            "price": "10.10",
            "revenue": 132109
        },
        "2012-12": {
            "month": "2012-12",
            "price": "10.45",
            "revenue": 104343
        },
        "2013-01": {
            "month": "2013-01",
            "price": "10.83",
            "revenue": 146592
        },
        "2013-02": {
            "month": "2013-02",
            "price": "11.05",
            "revenue": 77677
        },
        "2013-03": {
            "month": "2013-03",
            "price": "12.11",
            "revenue": 131436
        },
        "2013-04": {
            "month": "2013-04",
            "price": "12.37",
            "revenue": 145337
        },
        "2013-05": {
            "month": "2013-05",
            "price": "12.94",
            "revenue": 150298
        },
        "2013-06": {
            "month": "2013-06",
            "price": "12.82",
            "revenue": 133519
        },
        "2013-07": {
            "month": "2013-07",
            "price": "12.57",
            "revenue": 152521
        },
        "2013-08": {
            "month": "2013-08",
            "price": "13.81",
            "revenue": 148034
        },
        "2013-09": {
            "month": "2013-09",
            "price": "14.58",
            "revenue": 128284
        },
        "2013-10": {
            "month": "2013-10",
            "price": "15.36",
            "revenue": 120646
        },
        "2013-11": {
            "month": "2013-11",
            "price": "14.75",
            "revenue": 129851
        },
        "2013-12": {
            "month": "2013-12",
            "price": "18.31",
            "revenue": 128185
        },
        "2014-01": {
            "month": "2014-01",
            "price": "20.26",
            "revenue": 124256
        },
        "2014-02": {
            "month": "2014-02",
            "price": "21.39",
            "revenue": 103082
        },
        "2014-03": {
            "month": "2014-03",
            "price": "24.00",
            "revenue": 149360
        },
        "2014-04": {
            "month": "2014-04",
            "price": "23.26",
            "revenue": 148679
        },
        "2014-05": {
            "month": "2014-05",
            "price": "21.49",
            "revenue": 149171
        },
        "2014-06": {
            "month": "2014-06",
            "price": "22.54",
            "revenue": 148959
        },
        "2014-07": {
            "month": "2014-07",
            "price": "20.79",
            "revenue": 144643
        },
        "2014-08": {
            "month": "2014-08",
            "price": "20.29",
            "revenue": 143384
        },
        "2014-09": {
            "month": "2014-09",
            "price": "20.57",
            "revenue": 150881
        },
        "2014-10": {
            "month": "2014-10",
            "price": "19.12",
            "revenue": 129672
        },
        "2014-11": {
            "month": "2014-11",
            "price": "19.30",
            "revenue": 112549
        },
        "2014-12": {
            "month": "2014-12",
            "price": "21.08",
            "revenue": 129720
        },
        "2015-01": {
            "month": "2015-01",
            "price": "24.77",
            "revenue": 137292
        },
        "2015-02": {
            "month": "2015-02",
            "price": "24.07",
            "revenue": 93318
        },
        "2015-03": {
            "month": "2015-03",
            "price": "26.63",
            "revenue": 134975
        },
        "2015-04": {
            "month": "2015-04",
            "price": "25.30",
            "revenue": 137791
        },
        "2015-05": {
            "month": "2015-05",
            "price": "22.10",
            "revenue": 137038
        },
        "2015-06": {
            "month": "2015-06",
            "price": "19.50",
            "revenue": 132954
        },
        "2015-07": {
            "month": "2015-07",
            "price": "16.68",
            "revenue": 143347
        },
        "2015-08": {
            "month": "2015-08",
            "price": "16.58",
            "revenue": 131901
        },
        "2015-09": {
            "month": "2015-09",
            "price": "16.85",
            "revenue": 128978
        },
        "2015-10": {
            "month": "2015-10",
            "price": "17.49",
            "revenue": 122748
        },
        "2015-11": {
            "month": "2015-11",
            "price": "19.83",
            "revenue": 129928
        },
        "2015-12": {
            "month": "2015-12",
            "price": "18.84",
            "revenue": 130078
        },
        "2016-01": {
            "month": "2016-01",
            "price": "17.22",
            "revenue": 139861
        },
        "2016-02": {
            "month": "2016-02",
            "price": "18.37",
            "revenue": 91683
        },
        "2016-03": {
            "month": "2016-03",
            "price": "18.99",
            "revenue": 140316
        },
        "2016-04": {
            "month": "2016-04",
            "price": "18.49",
            "revenue": 133418
        },
        "2016-05": {
            "month": "2016-05",
            "price": "17.77",
            "revenue": 146558
        },
        "2016-06": {
            "month": "2016-06",
            "price": "17.98",
            "revenue": 142189
        },
        "2016-07": {
            "month": "2016-07",
            "price": "17.72",
            "revenue": 152132
        },
        "2016-08": {
            "month": "2016-08",
            "price": "17.64",
            "revenue": 138804
        },
        "2016-09": {
            "month": "2016-09",
            "price": "17.53",
            "revenue": 127417
        },
        "2016-10": {
            "month": "2016-10",
            "price": "17.20",
            "revenue": 133515
        },
        "2016-11": {
            "month": "2016-11",
            "price": "16.84",
            "revenue": 139791
        },
        "2016-12": {
            "month": "2016-12",
            "price": "17.19",
            "revenue": 144063
        },
        "2017-01": {
            "month": "2017-01",
            "price": "17.22",
            "revenue": 131059
        },
        "2017-02": {
            "month": "2017-02",
            "price": "17.82",
            "revenue": 115554
        },
        "2017-03": {
            "month": "2017-03",
            "price": "18.42",
            "revenue": 144819
        },
        "2017-04": {
            "month": "2017-04",
            "price": "18.79",
            "revenue": 136631
        },
        "2017-05": {
            "month": "2017-05",
            "price": "18.47",
            "revenue": 147715
        },
        "2017-06": {
            "month": "2017-06",
            "price": "18.70",
            "revenue": 160460
        },
        "2017-07": {
            "month": "2017-07",
            "price": "18.18",
            "revenue": 155440
        },
        "2017-08": {
            "month": "2017-08",
            "price": "18.15",
            "revenue": 181931
        },
        "2017-09": {
            "month": "2017-09",
            "price": "20.88",
            "revenue": 162380
        },
        "2017-10": {
            "month": "2017-10",
            "price": "24.16",
            "revenue": 150745
        },
        "2017-11": {
            "month": "2017-11",
            "price": "25.83",
            "revenue": 154576
        },
        "2017-12": {
            "month": "2017-12",
            "price": "23.86",
            "revenue": 151472
        },
        "2018-01": {
            "month": "2018-01",
            "price": "24.35",
            "revenue": 189517
        },
        "2018-02": {
            "month": "2018-02",
            "price": "22.50",
            "revenue": 122259
        },
        "2018-03": {
            "month": "2018-03",
            "price": "22.87",
            "revenue": 177539
        },
        "2018-04": {
            "month": "2018-04",
            "price": "22.67",
            "revenue": 181445
        },
        "2018-05": {
            "month": "2018-05",
            "price": "21.75",
            "revenue": 178688
        },
        "2018-06": {
            "month": "2018-06",
            "price": "22.06",
            "revenue": 168620
        },
        "2018-07": {
            "month": "2018-07",
            "price": "20.45",
            "revenue": 180609
        },
        "2018-08": {
            "month": "2018-08",
            "price": "20.42",
            "revenue": 184125
        },
        "2018-09": {
            "month": "2018-09",
            "price": "20.06",
            "revenue": 178871
        },
        "2018-10": {
            "month": "2018-10",
            "price": "18.26",
            "revenue": 150706
        },
        "2018-11": {
            "month": "2018-11",
            "price": "17.59",
            "revenue": 181291
        },
        "2018-12": {
            "month": "2018-12",
            "price": "18.41",
            "revenue": 147063
        },
        "2019-01": {
            "month": "2019-01",
            "price": "18.75",
            "revenue": 177857
        },
        "2019-02": {
            "month": "2019-02",
            "price": "19.28",
            "revenue": 112682
        },
        "2019-03": {
            "month": "2019-03",
            "price": "20.18",
            "revenue": 161049
        },
        "2019-04": {
            "month": "2019-04",
            "price": "20.36",
            "revenue": 151044
        },
        "2019-05": {
            "month": "2019-05",
            "price": "20.67",
            "revenue": 151057
        },
        "2019-06": {
            "month": "2019-06",
            "price": "20.71",
            "revenue": 153518
        },
        "2019-07": {
            "month": "2019-07",
            "price": "20.68",
            "revenue": 166501
        },
        "2019-08": {
            "month": "2019-08",
            "price": "20.11",
            "revenue": 147514
        },
        "2019-09": {
            "month": "2019-09",
            "price": "20.54",
            "revenue": 135281
        },
        "2019-10": {
            "month": "2019-10",
            "price": "20.11",
            "revenue": 143731
        },
        "2019-11": {
            "month": "2019-11",
            "price": "20.48",
            "revenue": 144785
        },
        "2019-12": {
            "month": "2019-12",
            "price": "20.59",
            "revenue": 153218
        },
        "2020-01": {
            "month": "2020-01",
            "price": "20.44",
            "revenue": 121425
        },
        "2020-02": {
            "month": "2020-02",
            "price": "20.12",
            "revenue": 107824
        },
        "2020-03": {
            "month": "2020-03",
            "price": "17.56",
            "revenue": 157548
        },
        "2020-04": {
            "month": "2020-04",
            "price": "17.52",
            "revenue": 168236
        },
        "2020-05": {
            "month": "2020-05",
            "price": "19.43",
            "revenue": 152126
        },
        "2020-06": {
            "month": "2020-06",
            "price": "19.40",
            "revenue": 149780
        },
        "2020-07": {
            "month": "2020-07",
            "price": "19.07",
            "revenue": 157086
        },
        "2020-08": {
            "month": "2020-08",
            "price": "19.02",
            "revenue": 136616
        },
        "2020-09": {
            "month": "2020-09",
            "price": "18.93",
            "revenue": 158859
        },
        "2020-10": {
            "month": "2020-10",
            "price": "19.12",
            "revenue": 144952
        },
        "2020-11": {
            "month": "2020-11",
            "price": "19.17",
            "revenue": 157793
        },
        "2020-12": {
            "month": "2020-12",
            "price": "19.65",
            "revenue": 167870
        },
        "2021-01": {
            "month": "2021-01",
            "price": "19.86",
            "revenue": 186235
        },
        "2021-02": {
            "month": "2021-02",
            "price": "19.62",
            "revenue": 120340
        },
        "2021-03": {
            "month": "2021-03",
            "price": "20.57",
            "revenue": 166526
        },
        "2021-04": {
            "month": "2021-04",
            "price": "21.77",
            "revenue": 172975
        },
        "2021-05": {
            "month": "2021-05",
            "price": "20.12",
            "revenue": 166315
        },
        "2021-06": {
            "month": "2021-06",
            "price": "20.81",
            "revenue": 181745
        },
        "2021-07": {
            "month": "2021-07",
            "price": "25.57",
            "revenue": 196504
        },
        "2021-08": {
            "month": "2021-08",
            "price": "25.80",
            "revenue": 204464
        },
        "2021-09": {
            "month": "2021-09",
            "price": "26.83",
            "revenue": 192062
        },
        "2021-10": {
            "month": "2021-10",
            "price": "24.04",
            "revenue": 186251
        },
        "2021-11": {
            "month": "2021-11",
            "price": "24.45",
            "revenue": 189649
        },
        "2021-12": {
            "month": "2021-12",
            "price": "24.73",
            "revenue": 208149
        },
        "2022-01": {
            "month": "2022-01",
            "price": "24.97",
            "revenue": 191130
        },
        "2022-02": {
            "month": "2022-02",
            "price": "24.25",
            "revenue": 173788
        },
        "2022-03": {
            "month": "2022-03",
            "price": "23.71",
            "revenue": 206883
        },
        "2022-04": {
            "month": "2022-04",
            "price": "23.06",
            "revenue": 223802
        },
        "2022-05": {
            "month": "2022-05",
            "price": "23.58",
            "revenue": 205633
        },
        "2022-06": {
            "month": "2022-06",
            "price": "25.72",
            "revenue": 200847
        },
        "2022-07": {
            "month": "2022-07",
            "price": "25.25",
            "revenue": 190205
        },
        "2022-08": {
            "month": "2022-08",
            "price": "24.41",
            "revenue": 184960
        },
        "2022-09": {
            "month": "2022-09",
            "price": "28.91",
            "revenue": 161109
        },
        "2022-10": {
            "month": "2022-10",
            "price": "25.28",
            "revenue": 167271
        },
        "2022-11": {
            "month": "2022-11",
            "price": "24.43",
            "revenue": 167155
        },
        "2022-12": {
            "month": "2022-12",
            "price": "24.78",
            "revenue": 152812
        },
        "2023-01": {
            "month": "2023-01",
            "price": "24.26",
            "revenue": 138512
        },
        "2023-02": {
            "month": "2023-02",
            "price": "25.56",
            "revenue": 135610
        },
        "2023-03": {
            "month": "2023-03",
            "price": "26.13",
            "revenue": 169377
        },
        "2023-04": {
            "month": "2023-04",
            "price": "27.09",
            "revenue": 160373
        }
    }
}
