{
    "summary": {
        "stock_name": "希華",
        "stock_id": "2484",
        "category": "電子零組件",
        "main_business": "石英晶體之製造加工買賣<br>石英晶體振盪器之製造加工買賣",
        "website_url": "http://www.siward.com",
        "ceo": "曾榮孟",
        "pe_ratio": 8,
        "report_year_from": 2001,
        "report_year_to": 2023,
        "age": 22,
        "eps_negative_percentage": 17,
        "eps_growth_avg": {
            "last_all": -0.29,
            "last_2y": 74.39,
            "last_4y": 45.26,
            "last_8y": 30.85,
            "last_12y": 17.76,
            "last_16y": 6.63,
            "last_20y": -0.29,
            "at_2006_last_3y": 20.84,
            "at_2007_last_3y": 15.77,
            "at_2008_last_3y": 5.94,
            "at_2009_last_3y": -21.22,
            "at_2010_last_3y": -48.35,
            "at_2011_last_3y": -81.87,
            "at_2012_last_3y": -100,
            "at_2013_last_3y": -100,
            "at_2014_last_3y": 0,
            "at_2015_last_3y": 45.88,
            "at_2016_last_3y": 26.79,
            "at_2017_last_3y": 12.83,
            "at_2018_last_3y": 1.88,
            "at_2019_last_3y": -9.32,
            "at_2020_last_3y": 1.96,
            "at_2021_last_3y": 34.23,
            "at_2022_last_3y": 42.53,
            "at_2023_last_3y": 42.53,
            "at_2006_last_all": -9.37,
            "at_2007_last_all": -7.38,
            "at_2008_last_all": -13.75,
            "at_2009_last_all": -26.08,
            "at_2010_last_all": -26.08,
            "at_2011_last_all": -35.32,
            "at_2012_last_all": -35.32,
            "at_2013_last_all": -35.32,
            "at_2014_last_all": -20.28,
            "at_2015_last_all": -19.08,
            "at_2016_last_all": -18.38,
            "at_2017_last_all": -19.27,
            "at_2018_last_all": -13.46,
            "at_2019_last_all": -16.29,
            "at_2020_last_all": -12.95,
            "at_2021_last_all": -5.89,
            "at_2022_last_all": -0.29,
            "at_2023_last_all": -0.29
        },
        "latest_eps": 4.33,
        "latest_price": 35,
        "latest_roe": 16.95,
        "latest_gross_margin": 32.31,
        "latest_equity": 4112726,
        "latest_revenue": 616402,
        "latest_gross_profit": 199155,
        "latest_net_income": 87346,
        "latest_debt_ratio": 26.02,
        "latest_current_ratio": 388.2,
        "latest_account_receivable_turnover_ratio": 1.01,
        "latest_inventory_turnover_ratio": 0.45,
        "latest_reinvestment_rate": 16.97,
        "latest_research_to_sale_ratio": 5.16
    },
    "eps_dividends": {
        "1998": {
            "cash": 0,
            "stock": 3,
            "eps": 0
        },
        "1999": {
            "cash": 0,
            "stock": 2,
            "eps": 0
        },
        "2000": {
            "cash": 0,
            "stock": 2,
            "eps": 0
        },
        "2001": {
            "cash": 0,
            "stock": 3,
            "eps": 0.81
        },
        "2002": {
            "cash": 0,
            "stock": 1,
            "eps": -0.47
        },
        "2003": {
            "cash": 0,
            "stock": 0,
            "eps": 1.11
        },
        "2004": {
            "cash": 0,
            "stock": 1,
            "eps": 1.04
        },
        "2005": {
            "cash": 0,
            "stock": 1,
            "eps": 1.13
        },
        "2006": {
            "cash": 0,
            "stock": 1,
            "eps": 1.81
        },
        "2007": {
            "cash": 1,
            "stock": 0,
            "eps": 1.82
        },
        "2008": {
            "cash": 1,
            "stock": 0,
            "eps": 0.99
        },
        "2009": {
            "cash": 0,
            "stock": 1,
            "eps": -1.89
        },
        "2010": {
            "cash": 0,
            "stock": 0,
            "eps": 0.36
        },
        "2011": {
            "cash": 0,
            "stock": 0,
            "eps": -0.58
        },
        "2012": {
            "cash": 0,
            "stock": 0,
            "eps": -0.96
        },
        "2013": {
            "cash": 0,
            "stock": 0,
            "eps": 0.87
        },
        "2014": {
            "cash": 1,
            "stock": 0,
            "eps": 1.82
        },
        "2015": {
            "cash": 1,
            "stock": 0,
            "eps": 1.67
        },
        "2016": {
            "cash": 1,
            "stock": 0,
            "eps": 1.48
        },
        "2017": {
            "cash": 1,
            "stock": 0,
            "eps": 1.05
        },
        "2018": {
            "cash": 1,
            "stock": 0,
            "eps": 1.64
        },
        "2019": {
            "cash": 1,
            "stock": 0,
            "eps": 0.77
        },
        "2020": {
            "cash": 1,
            "stock": 0,
            "eps": 1.03
        },
        "2021": {
            "cash": 1,
            "stock": 0,
            "eps": 2.55
        },
        "2022": {
            "cash": 2,
            "stock": 0,
            "eps": 4.83
        },
        "2023": {
            "cash": 2,
            "stock": 0,
            "eps": 0.55
        }
    },
    "dividends": {
        "1998-04-11": {
            "cash": 0,
            "stock": 3
        },
        "1999-05-22": {
            "cash": 0,
            "stock": 2
        },
        "2000-05-02": {
            "cash": 0,
            "stock": 2.2
        },
        "2001-03-27": {
            "cash": 0,
            "stock": 2.8
        },
        "2002-06-11": {
            "cash": 0,
            "stock": 1
        },
        "2004-03-16": {
            "cash": 0,
            "stock": 0.73
        },
        "2005-03-23": {
            "cash": 0.31,
            "stock": 0.51
        },
        "2006-04-03": {
            "cash": 0.45,
            "stock": 0.5
        },
        "2007-03-23": {
            "cash": 0.75,
            "stock": 0.38
        },
        "2008-03-20": {
            "cash": 1,
            "stock": 0
        },
        "2009-03-24": {
            "cash": 0.3,
            "stock": 0.5
        },
        "2011-03-17": {
            "cash": 0.25,
            "stock": 0
        },
        "2014-08-15": {
            "cash": 0.6,
            "stock": 0
        },
        "2015-08-14": {
            "cash": 1,
            "stock": 0
        },
        "2016-09-30": {
            "cash": 1.2,
            "stock": 0
        },
        "2017-09-29": {
            "cash": 1.2,
            "stock": 0
        },
        "2018-09-28": {
            "cash": 1,
            "stock": 0
        },
        "2019-09-27": {
            "cash": 1.45,
            "stock": 0
        },
        "2020-09-30": {
            "cash": 0.95,
            "stock": 0
        },
        "2021-09-30": {
            "cash": 1,
            "stock": 0
        },
        "2022-09-30": {
            "cash": 1.5,
            "stock": 0
        },
        "2023-03-10": {
            "cash": 2.2,
            "stock": 0
        }
    },
    "prices": {
        "200101": "無",
        "200102": "無",
        "200103": "無",
        "200104": "無",
        "200105": "無",
        "200106": "無",
        "200107": "無",
        "200108": "無",
        "200109": "22.01",
        "200110": "20.80",
        "200111": "27.38",
        "200112": "32.44",
        "200201": "32.26",
        "200202": "30.82",
        "200203": "35.83",
        "200204": "37.41",
        "200205": "26.08",
        "200206": "22.16",
        "200207": "17.87",
        "200208": "17.76",
        "200209": "19.98",
        "200210": "19.10",
        "200211": "20.78",
        "200212": "17.24",
        "200301": "16.80",
        "200302": "15.97",
        "200303": "14.30",
        "200304": "15.45",
        "200305": "17.00",
        "200306": "23.44",
        "200307": "26.73",
        "200308": "22.87",
        "200309": "21.74",
        "200310": "22.72",
        "200311": "25.40",
        "200312": "25.38",
        "200401": "25.80",
        "200402": "25.34",
        "200403": "26.87",
        "200404": "26.89",
        "200405": "19.65",
        "200406": "19.37",
        "200407": "16.68",
        "200408": "15.24",
        "200409": "16.45",
        "200410": "15.50",
        "200411": "15.01",
        "200412": "14.56",
        "200501": "14.25",
        "200502": "15.59",
        "200503": "18.30",
        "200504": "17.42",
        "200505": "14.98",
        "200506": "16.40",
        "200507": "17.00",
        "200508": "14.84",
        "200509": "15.78",
        "200510": "18.71",
        "200511": "18.90",
        "200512": "20.89",
        "200601": "20.54",
        "200602": "18.79",
        "200603": "19.78",
        "200604": "22.80",
        "200605": "21.25",
        "200606": "17.77",
        "200607": "18.47",
        "200608": "18.88",
        "200609": "18.35",
        "200610": "19.13",
        "200611": "19.65",
        "200612": "19.62",
        "200701": "22.70",
        "200702": "23.32",
        "200703": "25.07",
        "200704": "28.88",
        "200705": "28.31",
        "200706": "30.92",
        "200707": "29.42",
        "200708": "27.75",
        "200709": "27.71",
        "200710": "28.20",
        "200711": "22.30",
        "200712": "19.83",
        "200801": "17.91",
        "200802": "17.88",
        "200803": "19.23",
        "200804": "22.45",
        "200805": "21.25",
        "200806": "17.88",
        "200807": "15.09",
        "200808": "16.20",
        "200809": "15.37",
        "200810": "12.95",
        "200811": "9.77",
        "200812": "8.64",
        "200901": "9.27",
        "200902": "9.33",
        "200903": "10.89",
        "200904": "11.94",
        "200905": "11.98",
        "200906": "11.27",
        "200907": "12.38",
        "200908": "12.77",
        "200909": "12.61",
        "200910": "13.86",
        "200911": "13.14",
        "200912": "14.85",
        "201001": "14.99",
        "201002": "13.25",
        "201003": "14.16",
        "201004": "14.91",
        "201005": "13.91",
        "201006": "13.92",
        "201007": "14.84",
        "201008": "16.03",
        "201009": "19.80",
        "201010": "18.39",
        "201011": "17.14",
        "201012": "19.21",
        "201101": "19.25",
        "201102": "19.07",
        "201103": "18.72",
        "201104": "17.53",
        "201105": "15.18",
        "201106": "14.55",
        "201107": "13.48",
        "201108": "11.06",
        "201109": "9.82",
        "201110": "9.90",
        "201111": "10.15",
        "201112": "9.09",
        "201201": "10.26",
        "201202": "11.82",
        "201203": "12.79",
        "201204": "10.24",
        "201205": "9.17",
        "201206": "8.58",
        "201207": "8.71",
        "201208": "8.74",
        "201209": "9.98",
        "201210": "9.04",
        "201211": "8.65",
        "201212": "9.16",
        "201301": "9.07",
        "201302": "8.99",
        "201303": "9.57",
        "201304": "9.80",
        "201305": "11.85",
        "201306": "11.73",
        "201307": "11.94",
        "201308": "13.72",
        "201309": "15.07",
        "201310": "14.38",
        "201311": "13.05",
        "201312": "14.44",
        "201401": "15.84",
        "201402": "16.64",
        "201403": "19.80",
        "201404": "19.74",
        "201405": "18.13",
        "201406": "19.39",
        "201407": "19.73",
        "201408": "20.63",
        "201409": "20.99",
        "201410": "21.30",
        "201411": "20.88",
        "201412": "21.27",
        "201501": "22.62",
        "201502": "22.88",
        "201503": "24.17",
        "201504": "23.35",
        "201505": "21.16",
        "201506": "19.17",
        "201507": "17.02",
        "201508": "15.20",
        "201509": "16.45",
        "201510": "18.42",
        "201511": "19.84",
        "201512": "19.21",
        "201601": "17.47",
        "201602": "19.62",
        "201603": "21.22",
        "201604": "20.58",
        "201605": "17.53",
        "201606": "17.75",
        "201607": "18.50",
        "201608": "19.10",
        "201609": "17.83",
        "201610": "19.43",
        "201611": "18.27",
        "201612": "18.51",
        "201701": "19.51",
        "201702": "19.81",
        "201703": "20.09",
        "201704": "20.31",
        "201705": "20.08",
        "201706": "19.96",
        "201707": "20.21",
        "201708": "19.75",
        "201709": "19.68",
        "201710": "19.33",
        "201711": "20.84",
        "201712": "21.26",
        "201801": "22.10",
        "201802": "21.02",
        "201803": "20.49",
        "201804": "19.31",
        "201805": "19.33",
        "201806": "20.85",
        "201807": "21.08",
        "201808": "21.11",
        "201809": "19.24",
        "201810": "16.27",
        "201811": "16.77",
        "201812": "17.92",
        "201901": "17.75",
        "201902": "18.27",
        "201903": "19.37",
        "201904": "21.10",
        "201905": "19.77",
        "201906": "19.38",
        "201907": "20.65",
        "201908": "21.25",
        "201909": "20.77",
        "201910": "20.38",
        "201911": "20.20",
        "201912": "21.12",
        "202001": "20.12",
        "202002": "18.71",
        "202003": "16.74",
        "202004": "18.54",
        "202005": "20.96",
        "202006": "20.71",
        "202007": "22.42",
        "202008": "23.49",
        "202009": "21.92",
        "202010": "21.14",
        "202011": "21.38",
        "202012": "23.23",
        "202101": "23.79",
        "202102": "23.27",
        "202103": "24.37",
        "202104": "28.02",
        "202105": "27.16",
        "202106": "31.26",
        "202107": "36.63",
        "202108": "35.78",
        "202109": "32.18",
        "202110": "31.70",
        "202111": "38.11",
        "202112": "39.64",
        "202201": "35.89",
        "202202": "33.29",
        "202203": "33.24",
        "202204": "35.06",
        "202205": "36.67",
        "202206": "37.10",
        "202207": "35.40",
        "202208": "40.28",
        "202209": "35.80",
        "202210": "30.84",
        "202211": "34.35",
        "202212": "35.47",
        "202301": "34.08",
        "202302": "37.62",
        "202303": "37.77",
        "202304": "37.42",
        "202305": "35.21"
    },
    "quarters": {
        "20011": {
            "year_quarter": 20011,
            "year": 2001,
            "quarter": 1,
            "eps": 0.66,
            "eps_growth_year": 1.54,
            "eps_4q": 2.92,
            "eps_4q_growth_year": 39.37,
            "roe": 1.95,
            "roe_4q": 1.95,
            "gross_profit": 66908,
            "gross_margin": 31.4,
            "gross_margin_4q_avg": 31.4,
            "net_income": 35298,
            "revenue": 213109,
            "common_shares": 535950,
            "book_valuer_per_share": 28.36,
            "book_valuer_per_share_4q_avg": 28.36,
            "equity": 1519799,
            "current_ratio": 261.63,
            "debt_ratio": 23.91,
            "inventory_turnover_ratio": 0.54,
            "account_receivable_turnover_ratio": null,
            "reinvestment_rate": null,
            "research_to_sale_ratio": null,
            "price_fair": 0,
            "eps_avg_yearly": 0,
            "eps_latest_yearly": 0,
            "eps_growth_yearly": 0
        },
        "20012": {
            "year_quarter": 20012,
            "year": 2001,
            "quarter": 2,
            "eps": 0.46,
            "eps_growth_year": -41.03,
            "eps_4q": 2.29,
            "eps_4q_growth_year": -6.35,
            "roe": 2.03,
            "roe_4q": 3.9799999999999995,
            "gross_profit": 47309,
            "gross_margin": 29.26,
            "gross_margin_4q_avg": 30.33,
            "net_income": 31792,
            "revenue": 161698,
            "common_shares": 694000,
            "book_valuer_per_share": 23.17,
            "book_valuer_per_share_4q_avg": 25.77,
            "equity": 1608327,
            "current_ratio": 202.16,
            "debt_ratio": 25.6,
            "inventory_turnover_ratio": 0.6,
            "account_receivable_turnover_ratio": null,
            "reinvestment_rate": null,
            "research_to_sale_ratio": null,
            "price_fair": 0,
            "eps_avg_yearly": 0,
            "eps_latest_yearly": 0,
            "eps_growth_yearly": 0
        },
        "20013": {
            "year_quarter": 20013,
            "year": 2001,
            "quarter": 3,
            "eps": -0.12,
            "eps_growth_year": -115.79,
            "eps_4q": 1.63,
            "eps_4q_growth_year": -30.54,
            "roe": -0.54,
            "roe_4q": 3.4399999999999995,
            "gross_profit": 26676,
            "gross_margin": 22.61,
            "gross_margin_4q_avg": 27.76,
            "net_income": -8601,
            "revenue": 117996,
            "common_shares": 694000,
            "book_valuer_per_share": 22.6,
            "book_valuer_per_share_4q_avg": 24.71,
            "equity": 1568242,
            "current_ratio": 255.04,
            "debt_ratio": 24.45,
            "inventory_turnover_ratio": 0.5,
            "account_receivable_turnover_ratio": null,
            "reinvestment_rate": null,
            "research_to_sale_ratio": null,
            "price_fair": 0,
            "eps_avg_yearly": 0,
            "eps_latest_yearly": 0,
            "eps_growth_yearly": 0
        },
        "20014": {
            "year_quarter": 20014,
            "year": 2001,
            "quarter": 4,
            "eps": -0.19,
            "eps_growth_year": -117.43,
            "eps_4q": 0.71,
            "eps_4q_growth_year": -75.54,
            "roe": -0.73,
            "roe_4q": 2.71,
            "gross_profit": 25199,
            "gross_margin": 22.81,
            "gross_margin_4q_avg": 26.52,
            "net_income": -13206,
            "revenue": 110453,
            "common_shares": 694000,
            "book_valuer_per_share": 22.17,
            "book_valuer_per_share_4q_avg": 24.08,
            "equity": 2034356,
            "current_ratio": 172.39,
            "debt_ratio": 30.97,
            "inventory_turnover_ratio": 0.34,
            "account_receivable_turnover_ratio": null,
            "reinvestment_rate": null,
            "research_to_sale_ratio": null,
            "price_fair": 0,
            "eps_avg_yearly": 0,
            "eps_latest_yearly": 0,
            "eps_growth_yearly": 0
        },
        "20021": {
            "year_quarter": 20021,
            "year": 2002,
            "quarter": 1,
            "eps": -0.16,
            "eps_growth_year": -124.24,
            "eps_4q": -0.01,
            "eps_4q_growth_year": -100.48,
            "roe": -0.61,
            "roe_4q": 0.1499999999999999,
            "gross_profit": 26342,
            "gross_margin": 21.89,
            "gross_margin_4q_avg": 24.14,
            "net_income": -10946,
            "revenue": 120340,
            "common_shares": 694000,
            "book_valuer_per_share": 22.08,
            "book_valuer_per_share_4q_avg": 22.51,
            "equity": 1532278,
            "current_ratio": 315.15,
            "debt_ratio": 25.24,
            "inventory_turnover_ratio": 0.38,
            "account_receivable_turnover_ratio": null,
            "reinvestment_rate": null,
            "research_to_sale_ratio": null,
            "price_fair": 0,
            "eps_avg_yearly": 0,
            "eps_latest_yearly": 0,
            "eps_growth_yearly": 0
        },
        "20022": {
            "year_quarter": 20022,
            "year": 2002,
            "quarter": 2,
            "eps": -0.15,
            "eps_growth_year": -132.61,
            "eps_4q": -0.63,
            "eps_4q_growth_year": -127.34,
            "roe": -0.7,
            "roe_4q": -2.58,
            "gross_profit": 22551,
            "gross_margin": 18.18,
            "gross_margin_4q_avg": 21.37,
            "net_income": -10695,
            "revenue": 124056,
            "common_shares": 694000,
            "book_valuer_per_share": 21.87,
            "book_valuer_per_share_4q_avg": 22.18,
            "equity": 1517948,
            "current_ratio": 282.88,
            "debt_ratio": 25.9,
            "inventory_turnover_ratio": 0.61,
            "account_receivable_turnover_ratio": null,
            "reinvestment_rate": null,
            "research_to_sale_ratio": null,
            "price_fair": 0,
            "eps_avg_yearly": 0,
            "eps_latest_yearly": 0,
            "eps_growth_yearly": 0
        },
        "20023": {
            "year_quarter": 20023,
            "year": 2002,
            "quarter": 3,
            "eps": -0.1,
            "eps_growth_year": null,
            "eps_4q": -0.56,
            "eps_4q_growth_year": -134.26,
            "roe": -0.52,
            "roe_4q": -2.56,
            "gross_profit": 25932,
            "gross_margin": 17.89,
            "gross_margin_4q_avg": 20.19,
            "net_income": -7831,
            "revenue": 144919,
            "common_shares": 765000,
            "book_valuer_per_share": 19.79,
            "book_valuer_per_share_4q_avg": 21.48,
            "equity": 1514082,
            "current_ratio": 204.26,
            "debt_ratio": 30.6,
            "inventory_turnover_ratio": 0.72,
            "account_receivable_turnover_ratio": null,
            "reinvestment_rate": null,
            "research_to_sale_ratio": null,
            "price_fair": 0,
            "eps_avg_yearly": 0,
            "eps_latest_yearly": 0,
            "eps_growth_yearly": 0
        },
        "20024": {
            "year_quarter": 20024,
            "year": 2002,
            "quarter": 4,
            "eps": -0.06,
            "eps_growth_year": null,
            "eps_4q": -0.1,
            "eps_4q_growth_year": -114.41,
            "roe": -0.29,
            "roe_4q": -2.12,
            "gross_profit": 27400,
            "gross_margin": 17.29,
            "gross_margin_4q_avg": 18.81,
            "net_income": -4934,
            "revenue": 158447,
            "common_shares": 765000,
            "book_valuer_per_share": 19.81,
            "book_valuer_per_share_4q_avg": 20.89,
            "equity": 1897594,
            "current_ratio": 114.06,
            "debt_ratio": 36.87,
            "inventory_turnover_ratio": 0.49,
            "account_receivable_turnover_ratio": null,
            "reinvestment_rate": 706.88,
            "research_to_sale_ratio": null,
            "price_fair": 0,
            "eps_avg_yearly": 0,
            "eps_latest_yearly": 0,
            "eps_growth_yearly": 0
        },
        "20031": {
            "year_quarter": 20031,
            "year": 2003,
            "quarter": 1,
            "eps": 0.21,
            "eps_growth_year": null,
            "eps_4q": -0.1,
            "eps_4q_growth_year": null,
            "roe": 0.94,
            "roe_4q": -0.5700000000000001,
            "gross_profit": 31886,
            "gross_margin": 18.52,
            "gross_margin_4q_avg": 17.97,
            "net_income": 15974,
            "revenue": 172204,
            "common_shares": 765000,
            "book_valuer_per_share": 19.79,
            "book_valuer_per_share_4q_avg": 20.32,
            "equity": 1514079,
            "current_ratio": 133.29,
            "debt_ratio": 32.35,
            "inventory_turnover_ratio": 0.51,
            "account_receivable_turnover_ratio": null,
            "reinvestment_rate": 375.71,
            "research_to_sale_ratio": null,
            "price_fair": 0,
            "eps_avg_yearly": 0,
            "eps_latest_yearly": 0,
            "eps_growth_yearly": 0
        },
        "20032": {
            "year_quarter": 20032,
            "year": 2003,
            "quarter": 2,
            "eps": 0.35,
            "eps_growth_year": null,
            "eps_4q": 0.39,
            "eps_4q_growth_year": null,
            "roe": 1.72,
            "roe_4q": 1.85,
            "gross_profit": 61047,
            "gross_margin": 26.81,
            "gross_margin_4q_avg": 20.13,
            "net_income": 26523,
            "revenue": 227743,
            "common_shares": 765000,
            "book_valuer_per_share": 20.41,
            "book_valuer_per_share_4q_avg": 19.95,
            "equity": 1560995,
            "current_ratio": 141.4,
            "debt_ratio": 33.37,
            "inventory_turnover_ratio": 0.91,
            "account_receivable_turnover_ratio": null,
            "reinvestment_rate": 353.13,
            "research_to_sale_ratio": null,
            "price_fair": 49,
            "eps_avg_yearly": 1.4,
            "eps_latest_yearly": 1.4,
            "eps_growth_yearly": 266.67
        },
        "20033": {
            "year_quarter": 20033,
            "year": 2003,
            "quarter": 3,
            "eps": 0.11,
            "eps_growth_year": null,
            "eps_4q": 0.62,
            "eps_4q_growth_year": null,
            "roe": 0.52,
            "roe_4q": 2.89,
            "gross_profit": 53223,
            "gross_margin": 24.1,
            "gross_margin_4q_avg": 21.68,
            "net_income": 8143,
            "revenue": 220870,
            "common_shares": 765000,
            "book_valuer_per_share": 20.69,
            "book_valuer_per_share_4q_avg": 20.18,
            "equity": 1582950,
            "current_ratio": 297.31,
            "debt_ratio": 31.79,
            "inventory_turnover_ratio": 0.91,
            "account_receivable_turnover_ratio": null,
            "reinvestment_rate": 360.65,
            "research_to_sale_ratio": null,
            "price_fair": 2.76,
            "eps_avg_yearly": 0.92,
            "eps_latest_yearly": 0.44,
            "eps_growth_yearly": -3.81
        },
        "20034": {
            "year_quarter": 20034,
            "year": 2003,
            "quarter": 4,
            "eps": 0.44,
            "eps_growth_year": null,
            "eps_4q": 1.1,
            "eps_4q_growth_year": null,
            "roe": 1.87,
            "roe_4q": 5.050000000000001,
            "gross_profit": 60253,
            "gross_margin": 23.08,
            "gross_margin_4q_avg": 23.13,
            "net_income": 33636,
            "revenue": 261078,
            "common_shares": 853517,
            "book_valuer_per_share": 20.92,
            "book_valuer_per_share_4q_avg": 20.45,
            "equity": 2010745,
            "current_ratio": 204.73,
            "debt_ratio": 34.89,
            "inventory_turnover_ratio": 0.69,
            "account_receivable_turnover_ratio": null,
            "reinvestment_rate": 599.14,
            "research_to_sale_ratio": null,
            "price_fair": 42,
            "eps_avg_yearly": 1.2,
            "eps_latest_yearly": 1.76,
            "eps_growth_yearly": 397.46
        },
        "20041": {
            "year_quarter": 20041,
            "year": 2004,
            "quarter": 1,
            "eps": 0.16,
            "eps_growth_year": -23.81,
            "eps_4q": 0.94,
            "eps_4q_growth_year": null,
            "roe": 0.73,
            "roe_4q": 4.84,
            "gross_profit": 53237,
            "gross_margin": 19.11,
            "gross_margin_4q_avg": 23.28,
            "net_income": 13926,
            "revenue": 278572,
            "common_shares": 869842,
            "book_valuer_per_share": 21,
            "book_valuer_per_share_4q_avg": 20.76,
            "equity": 1826424,
            "current_ratio": 237.86,
            "debt_ratio": 24.38,
            "inventory_turnover_ratio": 0.73,
            "account_receivable_turnover_ratio": null,
            "reinvestment_rate": 365.42,
            "research_to_sale_ratio": null,
            "price_fair": 37.1,
            "eps_avg_yearly": 1.06,
            "eps_latest_yearly": 0.64,
            "eps_growth_yearly": 234.46
        },
        "20042": {
            "year_quarter": 20042,
            "year": 2004,
            "quarter": 2,
            "eps": 0.35,
            "eps_growth_year": 0,
            "eps_4q": 0.96,
            "eps_4q_growth_year": 143.52,
            "roe": 1.75,
            "roe_4q": 4.869999999999999,
            "gross_profit": 68265,
            "gross_margin": 21.85,
            "gross_margin_4q_avg": 22.04,
            "net_income": 32203,
            "revenue": 312400,
            "common_shares": 871689,
            "book_valuer_per_share": 21.39,
            "book_valuer_per_share_4q_avg": 21,
            "equity": 1864299,
            "current_ratio": 409.22,
            "debt_ratio": 29.64,
            "inventory_turnover_ratio": 1.05,
            "account_receivable_turnover_ratio": null,
            "reinvestment_rate": 332.21,
            "research_to_sale_ratio": null,
            "price_fair": 39.48,
            "eps_avg_yearly": 1.13,
            "eps_latest_yearly": 1.4,
            "eps_growth_yearly": 282.57
        },
        "20043": {
            "year_quarter": 20043,
            "year": 2004,
            "quarter": 3,
            "eps": 0.51,
            "eps_growth_year": 363.64,
            "eps_4q": 1.36,
            "eps_4q_growth_year": 120.28,
            "roe": 2.51,
            "roe_4q": 6.86,
            "gross_profit": 77658,
            "gross_margin": 23.95,
            "gross_margin_4q_avg": 22,
            "net_income": 47856,
            "revenue": 324229,
            "common_shares": 960100,
            "book_valuer_per_share": 20.24,
            "book_valuer_per_share_4q_avg": 20.89,
            "equity": 1943633,
            "current_ratio": 446.92,
            "debt_ratio": 27.18,
            "inventory_turnover_ratio": 0.97,
            "account_receivable_turnover_ratio": null,
            "reinvestment_rate": 349.4,
            "research_to_sale_ratio": null,
            "price_fair": 44.8,
            "eps_avg_yearly": 1.28,
            "eps_latest_yearly": 2.04,
            "eps_growth_yearly": 265.95
        },
        "20044": {
            "year_quarter": 20044,
            "year": 2004,
            "quarter": 4,
            "eps": 0.02,
            "eps_growth_year": -95.45,
            "eps_4q": 1.02,
            "eps_4q_growth_year": -7.1,
            "roe": 0.1,
            "roe_4q": 5.09,
            "gross_profit": 74548,
            "gross_margin": 24.29,
            "gross_margin_4q_avg": 22.3,
            "net_income": 1872,
            "revenue": 306959,
            "common_shares": 961446,
            "book_valuer_per_share": 20.1,
            "book_valuer_per_share_4q_avg": 20.68,
            "equity": 1932136,
            "current_ratio": 198.31,
            "debt_ratio": 43.67,
            "inventory_turnover_ratio": 0.63,
            "account_receivable_turnover_ratio": null,
            "reinvestment_rate": 271.6,
            "research_to_sale_ratio": null,
            "price_fair": 38.8,
            "eps_avg_yearly": 1.11,
            "eps_latest_yearly": 0.08,
            "eps_growth_yearly": 173.05
        },
        "20051": {
            "year_quarter": 20051,
            "year": 2005,
            "quarter": 1,
            "eps": -0.34,
            "eps_growth_year": -312.5,
            "eps_4q": 0.52,
            "eps_4q_growth_year": -45.13,
            "roe": -1.69,
            "roe_4q": 2.67,
            "gross_profit": 55450,
            "gross_margin": 20.38,
            "gross_margin_4q_avg": 22.62,
            "net_income": -32451,
            "revenue": 272104,
            "common_shares": 975914,
            "book_valuer_per_share": 19.5,
            "book_valuer_per_share_4q_avg": 20.31,
            "equity": 1903412,
            "current_ratio": 331,
            "debt_ratio": 33.52,
            "inventory_turnover_ratio": 0.6,
            "account_receivable_turnover_ratio": null,
            "reinvestment_rate": 420.88,
            "research_to_sale_ratio": null,
            "price_fair": 38.8,
            "eps_avg_yearly": 1.11,
            "eps_latest_yearly": 0.08,
            "eps_growth_yearly": 173.05
        },
        "20052": {
            "year_quarter": 20052,
            "year": 2005,
            "quarter": 2,
            "eps": 0.55,
            "eps_growth_year": 57.14,
            "eps_4q": 0.72,
            "eps_4q_growth_year": -24.79,
            "roe": 2.93,
            "roe_4q": 3.85,
            "gross_profit": 74910,
            "gross_margin": 24.71,
            "gross_margin_4q_avg": 23.33,
            "net_income": 56366,
            "revenue": 303105,
            "common_shares": 979014,
            "book_valuer_per_share": 19.8,
            "book_valuer_per_share_4q_avg": 19.91,
            "equity": 1938872,
            "current_ratio": 299.99,
            "debt_ratio": 32.41,
            "inventory_turnover_ratio": 0.93,
            "account_receivable_turnover_ratio": null,
            "reinvestment_rate": 274.84,
            "research_to_sale_ratio": null,
            "price_fair": 38.8,
            "eps_avg_yearly": 1.11,
            "eps_latest_yearly": 0.08,
            "eps_growth_yearly": 173.05
        },
        "20053": {
            "year_quarter": 20053,
            "year": 2005,
            "quarter": 3,
            "eps": 0.62,
            "eps_growth_year": 21.57,
            "eps_4q": 0.87,
            "eps_4q_growth_year": -35.99,
            "roe": 3.22,
            "roe_4q": 4.5600000000000005,
            "gross_profit": 96247,
            "gross_margin": 27.98,
            "gross_margin_4q_avg": 24.34,
            "net_income": 63816,
            "revenue": 343953,
            "common_shares": 1031223,
            "book_valuer_per_share": 19.58,
            "book_valuer_per_share_4q_avg": 19.75,
            "equity": 2018874,
            "current_ratio": 259.94,
            "debt_ratio": 30.9,
            "inventory_turnover_ratio": 1.04,
            "account_receivable_turnover_ratio": null,
            "reinvestment_rate": 175.78,
            "research_to_sale_ratio": null,
            "price_fair": 44.8,
            "eps_avg_yearly": 1.28,
            "eps_latest_yearly": 2.48,
            "eps_growth_yearly": 157.79
        },
        "20054": {
            "year_quarter": 20054,
            "year": 2005,
            "quarter": 4,
            "eps": 0.3,
            "eps_growth_year": 1400,
            "eps_4q": 1.14,
            "eps_4q_growth_year": 11.14,
            "roe": 1.44,
            "roe_4q": 5.9,
            "gross_profit": 102015,
            "gross_margin": 30.46,
            "gross_margin_4q_avg": 25.88,
            "net_income": 31398,
            "revenue": 334868,
            "common_shares": 1048863,
            "book_valuer_per_share": 19.79,
            "book_valuer_per_share_4q_avg": 19.67,
            "equity": 2351910,
            "current_ratio": 179.34,
            "debt_ratio": 41.45,
            "inventory_turnover_ratio": 0.54,
            "account_receivable_turnover_ratio": null,
            "reinvestment_rate": 132.58,
            "research_to_sale_ratio": null,
            "price_fair": 44.49,
            "eps_avg_yearly": 1.27,
            "eps_latest_yearly": 1.2,
            "eps_growth_yearly": 117.32
        },
        "20061": {
            "year_quarter": 20061,
            "year": 2006,
            "quarter": 1,
            "eps": 0.38,
            "eps_growth_year": null,
            "eps_4q": 1.86,
            "eps_4q_growth_year": 258.18,
            "roe": 1.74,
            "roe_4q": 9.33,
            "gross_profit": 82346,
            "gross_margin": 25.92,
            "gross_margin_4q_avg": 27.27,
            "net_income": 39002,
            "revenue": 317667,
            "common_shares": 1054912,
            "book_valuer_per_share": 20.12,
            "book_valuer_per_share_4q_avg": 19.82,
            "equity": 2122770,
            "current_ratio": 334.92,
            "debt_ratio": 29.55,
            "inventory_turnover_ratio": 0.54,
            "account_receivable_turnover_ratio": null,
            "reinvestment_rate": 50.47,
            "research_to_sale_ratio": null,
            "price_fair": 45.36,
            "eps_avg_yearly": 1.3,
            "eps_latest_yearly": 1.52,
            "eps_growth_yearly": 116.25
        },
        "20062": {
            "year_quarter": 20062,
            "year": 2006,
            "quarter": 2,
            "eps": 0.53,
            "eps_growth_year": -3.64,
            "eps_4q": 1.74,
            "eps_4q_growth_year": 141.94,
            "roe": 2.77,
            "roe_4q": 9.17,
            "gross_profit": 101270,
            "gross_margin": 28.22,
            "gross_margin_4q_avg": 28.15,
            "net_income": 58860,
            "revenue": 358857,
            "common_shares": 1055110,
            "book_valuer_per_share": 20.19,
            "book_valuer_per_share_4q_avg": 19.92,
            "equity": 2130636,
            "current_ratio": 141.35,
            "debt_ratio": 31.06,
            "inventory_turnover_ratio": 1,
            "account_receivable_turnover_ratio": null,
            "reinvestment_rate": 27.55,
            "research_to_sale_ratio": null,
            "price_fair": 47.98,
            "eps_avg_yearly": 1.37,
            "eps_latest_yearly": 2.12,
            "eps_growth_yearly": 120.04
        },
        "20063": {
            "year_quarter": 20063,
            "year": 2006,
            "quarter": 3,
            "eps": 0.7,
            "eps_growth_year": 12.9,
            "eps_4q": 1.87,
            "eps_4q_growth_year": 114.52,
            "roe": 3.56,
            "roe_4q": 9.51,
            "gross_profit": 108772,
            "gross_margin": 29.66,
            "gross_margin_4q_avg": 28.57,
            "net_income": 77501,
            "revenue": 366743,
            "common_shares": 1111599,
            "book_valuer_per_share": 19.96,
            "book_valuer_per_share_4q_avg": 20.02,
            "equity": 2218199,
            "current_ratio": 145.22,
            "debt_ratio": 29.86,
            "inventory_turnover_ratio": 1.01,
            "account_receivable_turnover_ratio": null,
            "reinvestment_rate": 39.52,
            "research_to_sale_ratio": null,
            "price_fair": 52.15,
            "eps_avg_yearly": 1.49,
            "eps_latest_yearly": 2.8,
            "eps_growth_yearly": 120.72
        },
        "20064": {
            "year_quarter": 20064,
            "year": 2006,
            "quarter": 4,
            "eps": 0.2,
            "eps_growth_year": -33.33,
            "eps_4q": 1.81,
            "eps_4q_growth_year": 58.8,
            "roe": 0.92,
            "roe_4q": 8.99,
            "gross_profit": 86467,
            "gross_margin": 28.24,
            "gross_margin_4q_avg": 28.01,
            "net_income": 21818,
            "revenue": 306230,
            "common_shares": 1111748,
            "book_valuer_per_share": 20.13,
            "book_valuer_per_share_4q_avg": 20.1,
            "equity": 2526490,
            "current_ratio": 150.44,
            "debt_ratio": 36.68,
            "inventory_turnover_ratio": 0.54,
            "account_receivable_turnover_ratio": null,
            "reinvestment_rate": 40,
            "research_to_sale_ratio": null,
            "price_fair": 50.29,
            "eps_avg_yearly": 1.44,
            "eps_latest_yearly": 0.8,
            "eps_growth_yearly": 89.46
        },
        "20071": {
            "year_quarter": 20071,
            "year": 2007,
            "quarter": 1,
            "eps": 0.45,
            "eps_growth_year": 18.42,
            "eps_4q": 1.83,
            "eps_4q_growth_year": -1.28,
            "roe": 2.06,
            "roe_4q": 9.31,
            "gross_profit": 86195,
            "gross_margin": 25.48,
            "gross_margin_4q_avg": 27.9,
            "net_income": 51464,
            "revenue": 338349,
            "common_shares": 1198344,
            "book_valuer_per_share": 20.65,
            "book_valuer_per_share_4q_avg": 20.23,
            "equity": 2474744,
            "current_ratio": 204.24,
            "debt_ratio": 23.74,
            "inventory_turnover_ratio": 0.6,
            "account_receivable_turnover_ratio": null,
            "reinvestment_rate": 24.44,
            "research_to_sale_ratio": null,
            "price_fair": 51.2,
            "eps_avg_yearly": 1.46,
            "eps_latest_yearly": 1.8,
            "eps_growth_yearly": 118.78
        },
        "20072": {
            "year_quarter": 20072,
            "year": 2007,
            "quarter": 2,
            "eps": 0.77,
            "eps_growth_year": 45.28,
            "eps_4q": 2.04,
            "eps_4q_growth_year": 17.56,
            "roe": 3.6,
            "roe_4q": 10.14,
            "gross_profit": 97337,
            "gross_margin": 27.47,
            "gross_margin_4q_avg": 27.71,
            "net_income": 91151,
            "revenue": 354295,
            "common_shares": 1267897,
            "book_valuer_per_share": 20.4,
            "book_valuer_per_share_4q_avg": 20.29,
            "equity": 2585893,
            "current_ratio": 221.1,
            "debt_ratio": 22.64,
            "inventory_turnover_ratio": 0.94,
            "account_receivable_turnover_ratio": null,
            "reinvestment_rate": 30.44,
            "research_to_sale_ratio": null,
            "price_fair": 55.4,
            "eps_avg_yearly": 1.58,
            "eps_latest_yearly": 3.08,
            "eps_growth_yearly": 120.05
        },
        "20073": {
            "year_quarter": 20073,
            "year": 2007,
            "quarter": 3,
            "eps": 0.56,
            "eps_growth_year": -20,
            "eps_4q": 1.84,
            "eps_4q_growth_year": -1.4,
            "roe": 2.71,
            "roe_4q": 9.290000000000001,
            "gross_profit": 94240,
            "gross_margin": 23.53,
            "gross_margin_4q_avg": 26.18,
            "net_income": 71867,
            "revenue": 400580,
            "common_shares": 1319030,
            "book_valuer_per_share": 20.62,
            "book_valuer_per_share_4q_avg": 20.45,
            "equity": 2720114,
            "current_ratio": 254.15,
            "debt_ratio": 20.7,
            "inventory_turnover_ratio": 1.14,
            "account_receivable_turnover_ratio": null,
            "reinvestment_rate": 40.81,
            "research_to_sale_ratio": null,
            "price_fair": 59.9,
            "eps_avg_yearly": 1.71,
            "eps_latest_yearly": 2.24,
            "eps_growth_yearly": 131.85
        },
        "20074": {
            "year_quarter": 20074,
            "year": 2007,
            "quarter": 4,
            "eps": 0.04,
            "eps_growth_year": -80,
            "eps_4q": 1.69,
            "eps_4q_growth_year": -6.75,
            "roe": 0.18,
            "roe_4q": 8.55,
            "gross_profit": 83096,
            "gross_margin": 20.68,
            "gross_margin_4q_avg": 24.29,
            "net_income": 5214,
            "revenue": 401857,
            "common_shares": 1342087,
            "book_valuer_per_share": 20.52,
            "book_valuer_per_share_4q_avg": 20.55,
            "equity": 3013725,
            "current_ratio": 199.13,
            "debt_ratio": 28.37,
            "inventory_turnover_ratio": 0.82,
            "account_receivable_turnover_ratio": null,
            "reinvestment_rate": 65.85,
            "research_to_sale_ratio": null,
            "price_fair": 47.29,
            "eps_avg_yearly": 1.6,
            "eps_latest_yearly": 0.16,
            "eps_growth_yearly": 19.61
        },
        "20081": {
            "year_quarter": 20081,
            "year": 2008,
            "quarter": 1,
            "eps": 0.2,
            "eps_growth_year": -55.56,
            "eps_4q": 1.96,
            "eps_4q_growth_year": 6.66,
            "roe": 0.66,
            "roe_4q": 7.15,
            "gross_profit": 140236,
            "gross_margin": 23.36,
            "gross_margin_4q_avg": 23.76,
            "net_income": 20006,
            "revenue": 600268,
            "common_shares": 1353742,
            "book_valuer_per_share": 20.57,
            "book_valuer_per_share_4q_avg": 20.53,
            "equity": 3034642,
            "current_ratio": 172.25,
            "debt_ratio": 30.08,
            "inventory_turnover_ratio": 0.88,
            "account_receivable_turnover_ratio": null,
            "reinvestment_rate": 191.28,
            "research_to_sale_ratio": null,
            "price_fair": 56.3,
            "eps_avg_yearly": 1.61,
            "eps_latest_yearly": 0.8,
            "eps_growth_yearly": 152.08
        },
        "20082": {
            "year_quarter": 20082,
            "year": 2008,
            "quarter": 2,
            "eps": 0.7,
            "eps_growth_year": -9.09,
            "eps_4q": 1.55,
            "eps_4q_growth_year": -23.98,
            "roe": 2.97,
            "roe_4q": 6.5200000000000005,
            "gross_profit": 130039,
            "gross_margin": 21.77,
            "gross_margin_4q_avg": 22.34,
            "net_income": 89488,
            "revenue": 597433,
            "common_shares": 1354878,
            "book_valuer_per_share": 20.19,
            "book_valuer_per_share_4q_avg": 20.48,
            "equity": 2984301,
            "current_ratio": 175.05,
            "debt_ratio": 34.12,
            "inventory_turnover_ratio": 0.85,
            "account_receivable_turnover_ratio": null,
            "reinvestment_rate": 206.74,
            "research_to_sale_ratio": null,
            "price_fair": 59.8,
            "eps_avg_yearly": 1.71,
            "eps_latest_yearly": 2.8,
            "eps_growth_yearly": 189.58
        },
        "20083": {
            "year_quarter": 20083,
            "year": 2008,
            "quarter": 3,
            "eps": 0.31,
            "eps_growth_year": -44.64,
            "eps_4q": 1.14,
            "eps_4q_growth_year": -38.11,
            "roe": 1.51,
            "roe_4q": 5.32,
            "gross_profit": 138831,
            "gross_margin": 22.56,
            "gross_margin_4q_avg": 22.09,
            "net_income": 45885,
            "revenue": 615308,
            "common_shares": 1360231,
            "book_valuer_per_share": 20.7,
            "book_valuer_per_share_4q_avg": 20.5,
            "equity": 3073589,
            "current_ratio": 206.32,
            "debt_ratio": 32.9,
            "inventory_turnover_ratio": 0.84,
            "account_receivable_turnover_ratio": null,
            "reinvestment_rate": 203.04,
            "research_to_sale_ratio": null,
            "price_fair": 57.8,
            "eps_avg_yearly": 1.65,
            "eps_latest_yearly": 1.24,
            "eps_growth_yearly": 160.6
        },
        "20084": {
            "year_quarter": 20084,
            "year": 2008,
            "quarter": 4,
            "eps": -0.22,
            "eps_growth_year": -650,
            "eps_4q": 1.21,
            "eps_4q_growth_year": -28.44,
            "roe": -1.54,
            "roe_4q": 3.6000000000000005,
            "gross_profit": 45085,
            "gross_margin": 9.36,
            "gross_margin_4q_avg": 19.26,
            "net_income": -47293,
            "revenue": 481424,
            "common_shares": 1362980,
            "book_valuer_per_share": 20.79,
            "book_valuer_per_share_4q_avg": 20.56,
            "equity": 3076244,
            "current_ratio": 213.23,
            "debt_ratio": 32.23,
            "inventory_turnover_ratio": 0.77,
            "account_receivable_turnover_ratio": 1.84,
            "reinvestment_rate": 131.27,
            "research_to_sale_ratio": null,
            "price_fair": 62.03,
            "eps_avg_yearly": 1.77,
            "eps_latest_yearly": 1.24,
            "eps_growth_yearly": 202.51
        },
        "20091": {
            "year_quarter": 20091,
            "year": 2009,
            "quarter": 1,
            "eps": -0.17,
            "eps_growth_year": -185,
            "eps_4q": 0.6,
            "eps_4q_growth_year": -69.22,
            "roe": -0.86,
            "roe_4q": 2.08,
            "gross_profit": 56165,
            "gross_margin": 14.11,
            "gross_margin_4q_avg": 16.95,
            "net_income": -26402,
            "revenue": 397979,
            "common_shares": 1362980,
            "book_valuer_per_share": 20.6,
            "book_valuer_per_share_4q_avg": 20.57,
            "equity": 3050354,
            "current_ratio": 246.66,
            "debt_ratio": 31.36,
            "inventory_turnover_ratio": 0.64,
            "account_receivable_turnover_ratio": 0.82,
            "reinvestment_rate": 210.84,
            "research_to_sale_ratio": null,
            "price_fair": 62.03,
            "eps_avg_yearly": 1.77,
            "eps_latest_yearly": 1.24,
            "eps_growth_yearly": 202.51
        },
        "20092": {
            "year_quarter": 20092,
            "year": 2009,
            "quarter": 2,
            "eps": -0.33,
            "eps_growth_year": -147.14,
            "eps_4q": -0.41,
            "eps_4q_growth_year": -126.68,
            "roe": -1.84,
            "roe_4q": -2.7300000000000004,
            "gross_profit": 41295,
            "gross_margin": 10.25,
            "gross_margin_4q_avg": 14.07,
            "net_income": -55025,
            "revenue": 402742,
            "common_shares": 1362980,
            "book_valuer_per_share": 19.89,
            "book_valuer_per_share_4q_avg": 20.5,
            "equity": 2939633,
            "current_ratio": 245.66,
            "debt_ratio": 31.89,
            "inventory_turnover_ratio": 0.71,
            "account_receivable_turnover_ratio": 0.89,
            "reinvestment_rate": 238.36,
            "research_to_sale_ratio": null,
            "price_fair": 62.03,
            "eps_avg_yearly": 1.77,
            "eps_latest_yearly": 1.24,
            "eps_growth_yearly": 202.51
        },
        "20093": {
            "year_quarter": 20093,
            "year": 2009,
            "quarter": 3,
            "eps": -0.42,
            "eps_growth_year": -235.48,
            "eps_4q": -1.11,
            "eps_4q_growth_year": -197.51,
            "roe": -2.26,
            "roe_4q": -6.5,
            "gross_profit": 96633,
            "gross_margin": 17.34,
            "gross_margin_4q_avg": 12.77,
            "net_income": -65898,
            "revenue": 557123,
            "common_shares": 1431129,
            "book_valuer_per_share": 18.57,
            "book_valuer_per_share_4q_avg": 19.96,
            "equity": 2880454,
            "current_ratio": 248.71,
            "debt_ratio": 33.04,
            "inventory_turnover_ratio": 0.93,
            "account_receivable_turnover_ratio": 1.01,
            "reinvestment_rate": 289.07,
            "research_to_sale_ratio": null,
            "price_fair": 59.97,
            "eps_avg_yearly": 1.71,
            "eps_latest_yearly": 1.24,
            "eps_growth_yearly": 215.15
        },
        "20094": {
            "year_quarter": 20094,
            "year": 2009,
            "quarter": 4,
            "eps": -0.97,
            "eps_growth_year": null,
            "eps_4q": -1.87,
            "eps_4q_growth_year": -254.86,
            "roe": -5.76,
            "roe_4q": -10.719999999999999,
            "gross_profit": 61012,
            "gross_margin": 12.05,
            "gross_margin_4q_avg": 13.44,
            "net_income": -160813,
            "revenue": 506336,
            "common_shares": 1431129,
            "book_valuer_per_share": 17.49,
            "book_valuer_per_share_4q_avg": 19.14,
            "equity": 2704650,
            "current_ratio": 237.42,
            "debt_ratio": 33.8,
            "inventory_turnover_ratio": 0.92,
            "account_receivable_turnover_ratio": 1.76,
            "reinvestment_rate": 94.78,
            "research_to_sale_ratio": null,
            "price_fair": 61.6,
            "eps_avg_yearly": 1.76,
            "eps_latest_yearly": 1.24,
            "eps_growth_yearly": 253.47
        },
        "20101": {
            "year_quarter": 20101,
            "year": 2010,
            "quarter": 1,
            "eps": 0.07,
            "eps_growth_year": null,
            "eps_4q": -1.64,
            "eps_4q_growth_year": -371.95,
            "roe": 0.09,
            "roe_4q": -9.77,
            "gross_profit": 92916,
            "gross_margin": 16.29,
            "gross_margin_4q_avg": 13.98,
            "net_income": 2470,
            "revenue": 570272,
            "common_shares": 1431191,
            "book_valuer_per_share": 17.51,
            "book_valuer_per_share_4q_avg": 18.37,
            "equity": 2700357,
            "current_ratio": 227.47,
            "debt_ratio": 35.65,
            "inventory_turnover_ratio": 0.96,
            "account_receivable_turnover_ratio": 0.9,
            "reinvestment_rate": 535.98,
            "research_to_sale_ratio": 3.83,
            "price_fair": 62.44,
            "eps_avg_yearly": 1.78,
            "eps_latest_yearly": 1.24,
            "eps_growth_yearly": 268.16
        },
        "20102": {
            "year_quarter": 20102,
            "year": 2010,
            "quarter": 2,
            "eps": 0.36,
            "eps_growth_year": null,
            "eps_4q": -0.97,
            "eps_4q_growth_year": null,
            "roe": 1.8,
            "roe_4q": -6.129999999999999,
            "gross_profit": 152683,
            "gross_margin": 22.78,
            "gross_margin_4q_avg": 17.12,
            "net_income": 49317,
            "revenue": 670327,
            "common_shares": 1431192,
            "book_valuer_per_share": 18.04,
            "book_valuer_per_share_4q_avg": 17.9,
            "equity": 2773687,
            "current_ratio": 179.41,
            "debt_ratio": 36.76,
            "inventory_turnover_ratio": 0.93,
            "account_receivable_turnover_ratio": 0.89,
            "reinvestment_rate": 560.48,
            "research_to_sale_ratio": 1.8,
            "price_fair": 60.06,
            "eps_avg_yearly": 1.72,
            "eps_latest_yearly": 1.44,
            "eps_growth_yearly": 418.08
        },
        "20103": {
            "year_quarter": 20103,
            "year": 2010,
            "quarter": 3,
            "eps": 0.19,
            "eps_growth_year": null,
            "eps_4q": -0.31,
            "eps_4q_growth_year": null,
            "roe": 0.5,
            "roe_4q": -3.37,
            "gross_profit": 159788,
            "gross_margin": 21.94,
            "gross_margin_4q_avg": 18.27,
            "net_income": 14432,
            "revenue": 728461,
            "common_shares": 1431192,
            "book_valuer_per_share": 19.57,
            "book_valuer_per_share_4q_avg": 18.15,
            "equity": 2977407,
            "current_ratio": 202.23,
            "debt_ratio": 33.66,
            "inventory_turnover_ratio": 0.93,
            "account_receivable_turnover_ratio": 0.88,
            "reinvestment_rate": 633.6,
            "research_to_sale_ratio": 5.09,
            "price_fair": 52.92,
            "eps_avg_yearly": 1.51,
            "eps_latest_yearly": 0.76,
            "eps_growth_yearly": 386.36
        },
        "20104": {
            "year_quarter": 20104,
            "year": 2010,
            "quarter": 4,
            "eps": -0.26,
            "eps_growth_year": null,
            "eps_4q": 0.32,
            "eps_4q_growth_year": null,
            "roe": -1.27,
            "roe_4q": 1.12,
            "gross_profit": 116443,
            "gross_margin": 17.58,
            "gross_margin_4q_avg": 19.65,
            "net_income": -37427,
            "revenue": 662298,
            "common_shares": 1547219,
            "book_valuer_per_share": 17.76,
            "book_valuer_per_share_4q_avg": 18.22,
            "equity": 2926618,
            "current_ratio": 230.62,
            "debt_ratio": 32.73,
            "inventory_turnover_ratio": 0.85,
            "account_receivable_turnover_ratio": 0.92,
            "reinvestment_rate": 216.74,
            "research_to_sale_ratio": -1.11,
            "price_fair": 55.69,
            "eps_avg_yearly": 1.59,
            "eps_latest_yearly": 0.76,
            "eps_growth_yearly": 461.04
        },
        "20111": {
            "year_quarter": 20111,
            "year": 2011,
            "quarter": 1,
            "eps": -0.07,
            "eps_growth_year": -200,
            "eps_4q": 0.19,
            "eps_4q_growth_year": null,
            "roe": -0.95,
            "roe_4q": 0.0800000000000003,
            "gross_profit": 74052,
            "gross_margin": 12.43,
            "gross_margin_4q_avg": 18.68,
            "net_income": -27974,
            "revenue": 595727,
            "common_shares": 1557185,
            "book_valuer_per_share": 17.79,
            "book_valuer_per_share_4q_avg": 18.29,
            "equity": 2933013,
            "current_ratio": 233.13,
            "debt_ratio": 31.88,
            "inventory_turnover_ratio": 0.77,
            "account_receivable_turnover_ratio": 0.95,
            "reinvestment_rate": 2263.27,
            "research_to_sale_ratio": 3.65,
            "price_fair": 54.78,
            "eps_avg_yearly": 1.57,
            "eps_latest_yearly": 0.76,
            "eps_growth_yearly": 456.17
        },
        "20112": {
            "year_quarter": 20112,
            "year": 2011,
            "quarter": 2,
            "eps": 0.06,
            "eps_growth_year": -82.88,
            "eps_4q": -0.08,
            "eps_4q_growth_year": null,
            "roe": -0.36,
            "roe_4q": -2.08,
            "gross_profit": 116568,
            "gross_margin": 16.15,
            "gross_margin_4q_avg": 17.03,
            "net_income": -10460,
            "revenue": 721704,
            "common_shares": 1574491,
            "book_valuer_per_share": 17.41,
            "book_valuer_per_share_4q_avg": 18.13,
            "equity": 2797741,
            "current_ratio": 228.1,
            "debt_ratio": 35.5,
            "inventory_turnover_ratio": 0.82,
            "account_receivable_turnover_ratio": 1.05,
            "reinvestment_rate": null,
            "research_to_sale_ratio": 3.61,
            "price_fair": 47.2,
            "eps_avg_yearly": 1.35,
            "eps_latest_yearly": 0.76,
            "eps_growth_yearly": 480.7
        },
        "20113": {
            "year_quarter": 20113,
            "year": 2011,
            "quarter": 3,
            "eps": 0.24,
            "eps_growth_year": 29.79,
            "eps_4q": -0.02,
            "eps_4q_growth_year": null,
            "roe": 1.2,
            "roe_4q": -1.38,
            "gross_profit": 117330,
            "gross_margin": 19.79,
            "gross_margin_4q_avg": 16.49,
            "net_income": 33980,
            "revenue": 592922,
            "common_shares": 1574491,
            "book_valuer_per_share": 17.98,
            "book_valuer_per_share_4q_avg": 17.74,
            "equity": 2884242,
            "current_ratio": 264.09,
            "debt_ratio": 37.13,
            "inventory_turnover_ratio": 0.59,
            "account_receivable_turnover_ratio": 0.8,
            "reinvestment_rate": null,
            "research_to_sale_ratio": 3.32,
            "price_fair": 40.8,
            "eps_avg_yearly": 1.17,
            "eps_latest_yearly": 0.96,
            "eps_growth_yearly": 667.71
        },
        "20114": {
            "year_quarter": 20114,
            "year": 2011,
            "quarter": 4,
            "eps": -0.81,
            "eps_growth_year": null,
            "eps_4q": -0.58,
            "eps_4q_growth_year": -278.6,
            "roe": -4.97,
            "roe_4q": -5.08,
            "gross_profit": 58905,
            "gross_margin": 10.12,
            "gross_margin_4q_avg": 14.62,
            "net_income": -138517,
            "revenue": 581896,
            "common_shares": 1574760,
            "book_valuer_per_share": 17.03,
            "book_valuer_per_share_4q_avg": 17.55,
            "equity": 2688123,
            "current_ratio": 284.83,
            "debt_ratio": 37.03,
            "inventory_turnover_ratio": 0.69,
            "account_receivable_turnover_ratio": 0.82,
            "reinvestment_rate": null,
            "research_to_sale_ratio": 5.69,
            "price_fair": 46.67,
            "eps_avg_yearly": 1.33,
            "eps_latest_yearly": 0.96,
            "eps_growth_yearly": 840.9
        },
        "20121": {
            "year_quarter": 20121,
            "year": 2012,
            "quarter": 1,
            "eps": -0.43,
            "eps_growth_year": null,
            "eps_4q": -0.93,
            "eps_4q_growth_year": -604.83,
            "roe": -2.72,
            "roe_4q": -6.85,
            "gross_profit": 42651,
            "gross_margin": 7.71,
            "gross_margin_4q_avg": 13.44,
            "net_income": -71718,
            "revenue": 552861,
            "common_shares": 1574760,
            "book_valuer_per_share": 16.45,
            "book_valuer_per_share_4q_avg": 17.22,
            "equity": 2593047,
            "current_ratio": 255.39,
            "debt_ratio": 37.41,
            "inventory_turnover_ratio": 0.8,
            "account_receivable_turnover_ratio": 0.86,
            "reinvestment_rate": null,
            "research_to_sale_ratio": 3.56,
            "price_fair": 50.4,
            "eps_avg_yearly": 1.44,
            "eps_latest_yearly": 0.96,
            "eps_growth_yearly": 689.08
        },
        "20122": {
            "year_quarter": 20122,
            "year": 2012,
            "quarter": 2,
            "eps": 0.01,
            "eps_growth_year": -78.23,
            "eps_4q": -0.98,
            "eps_4q_growth_year": null,
            "roe": -0.14,
            "roe_4q": -6.63,
            "gross_profit": 94907,
            "gross_margin": 15.38,
            "gross_margin_4q_avg": 13.25,
            "net_income": -3671,
            "revenue": 617210,
            "common_shares": 1574760,
            "book_valuer_per_share": 16.53,
            "book_valuer_per_share_4q_avg": 17,
            "equity": 2613447,
            "current_ratio": 242.76,
            "debt_ratio": 35.2,
            "inventory_turnover_ratio": 0.85,
            "account_receivable_turnover_ratio": 0.95,
            "reinvestment_rate": null,
            "research_to_sale_ratio": 3.61,
            "price_fair": 38.5,
            "eps_avg_yearly": 1.1,
            "eps_latest_yearly": 0.96,
            "eps_growth_yearly": 611.35
        },
        "20123": {
            "year_quarter": 20123,
            "year": 2012,
            "quarter": 3,
            "eps": -0.02,
            "eps_growth_year": -106.5,
            "eps_4q": -1.24,
            "eps_4q_growth_year": null,
            "roe": -0.16,
            "roe_4q": -7.99,
            "gross_profit": 116136,
            "gross_margin": 19.64,
            "gross_margin_4q_avg": 13.21,
            "net_income": -4182,
            "revenue": 591267,
            "common_shares": 1574760,
            "book_valuer_per_share": 16.52,
            "book_valuer_per_share_4q_avg": 16.63,
            "equity": 2610650,
            "current_ratio": 250.22,
            "debt_ratio": 35.1,
            "inventory_turnover_ratio": 0.73,
            "account_receivable_turnover_ratio": 0.89,
            "reinvestment_rate": null,
            "research_to_sale_ratio": 2.42,
            "price_fair": 36.87,
            "eps_avg_yearly": 1.05,
            "eps_latest_yearly": 0.96,
            "eps_growth_yearly": 889.42
        },
        "20124": {
            "year_quarter": 20124,
            "year": 2012,
            "quarter": 4,
            "eps": -0.52,
            "eps_growth_year": null,
            "eps_4q": -0.96,
            "eps_4q_growth_year": null,
            "roe": -3.23,
            "roe_4q": -6.25,
            "gross_profit": 15648,
            "gross_margin": 2.9,
            "gross_margin_4q_avg": 11.41,
            "net_income": -82857,
            "revenue": 538670,
            "common_shares": 1574760,
            "book_valuer_per_share": 15.91,
            "book_valuer_per_share_4q_avg": 16.35,
            "equity": 2513803,
            "current_ratio": 239.11,
            "debt_ratio": 32.69,
            "inventory_turnover_ratio": 0.82,
            "account_receivable_turnover_ratio": 0.84,
            "reinvestment_rate": null,
            "research_to_sale_ratio": 2.34,
            "price_fair": 36.87,
            "eps_avg_yearly": 1.05,
            "eps_latest_yearly": 0.96,
            "eps_growth_yearly": 889.42
        },
        "20131": {
            "year_quarter": 20131,
            "year": 2013,
            "quarter": 1,
            "eps": 0.15,
            "eps_growth_year": null,
            "eps_4q": -0.38,
            "eps_4q_growth_year": null,
            "roe": 0.9,
            "roe_4q": -2.6300000000000003,
            "gross_profit": 99234,
            "gross_margin": 18.15,
            "gross_margin_4q_avg": 14.02,
            "net_income": 22683,
            "revenue": 546818,
            "common_shares": 1574760,
            "book_valuer_per_share": 15.98,
            "book_valuer_per_share_4q_avg": 16.24,
            "equity": 2513649,
            "current_ratio": 242.73,
            "debt_ratio": 34.55,
            "inventory_turnover_ratio": 0.75,
            "account_receivable_turnover_ratio": 0.92,
            "reinvestment_rate": null,
            "research_to_sale_ratio": 2.21,
            "price_fair": 36.87,
            "eps_avg_yearly": 1.05,
            "eps_latest_yearly": 0.96,
            "eps_growth_yearly": 889.42
        },
        "20132": {
            "year_quarter": 20132,
            "year": 2013,
            "quarter": 2,
            "eps": 0.28,
            "eps_growth_year": 1980.86,
            "eps_4q": -0.11,
            "eps_4q_growth_year": null,
            "roe": 1.7,
            "roe_4q": -0.7899999999999999,
            "gross_profit": 135357,
            "gross_margin": 21.74,
            "gross_margin_4q_avg": 15.61,
            "net_income": 42974,
            "revenue": 622544,
            "common_shares": 1574760,
            "book_valuer_per_share": 16.22,
            "book_valuer_per_share_4q_avg": 16.16,
            "equity": 2548078,
            "current_ratio": 220.69,
            "debt_ratio": 34.16,
            "inventory_turnover_ratio": 0.85,
            "account_receivable_turnover_ratio": 1.03,
            "reinvestment_rate": null,
            "research_to_sale_ratio": 3.01,
            "price_fair": 37.45,
            "eps_avg_yearly": 1.07,
            "eps_latest_yearly": 1.12,
            "eps_growth_yearly": 753.73
        },
        "20133": {
            "year_quarter": 20133,
            "year": 2013,
            "quarter": 3,
            "eps": 0.27,
            "eps_growth_year": null,
            "eps_4q": 0.18,
            "eps_4q_growth_year": null,
            "roe": 1.41,
            "roe_4q": 0.7799999999999998,
            "gross_profit": 129480,
            "gross_margin": 19.71,
            "gross_margin_4q_avg": 15.63,
            "net_income": 36246,
            "revenue": 657059,
            "common_shares": 1574760,
            "book_valuer_per_share": 16.45,
            "book_valuer_per_share_4q_avg": 16.14,
            "equity": 2586081,
            "current_ratio": 212.88,
            "debt_ratio": 34.58,
            "inventory_turnover_ratio": 0.95,
            "account_receivable_turnover_ratio": 1.02,
            "reinvestment_rate": null,
            "research_to_sale_ratio": 3.27,
            "price_fair": 37.52,
            "eps_avg_yearly": 1.07,
            "eps_latest_yearly": 1.08,
            "eps_growth_yearly": 600.13
        },
        "20134": {
            "year_quarter": 20134,
            "year": 2013,
            "quarter": 4,
            "eps": 0.17,
            "eps_growth_year": null,
            "eps_4q": 0.88,
            "eps_4q_growth_year": null,
            "roe": 1.41,
            "roe_4q": 5.42,
            "gross_profit": 86135,
            "gross_margin": 13.1,
            "gross_margin_4q_avg": 18.18,
            "net_income": 36405,
            "revenue": 657762,
            "common_shares": 1574760,
            "book_valuer_per_share": 16.43,
            "book_valuer_per_share_4q_avg": 16.27,
            "equity": 2591986,
            "current_ratio": 205.77,
            "debt_ratio": 33.96,
            "inventory_turnover_ratio": 1.08,
            "account_receivable_turnover_ratio": 1,
            "reinvestment_rate": null,
            "research_to_sale_ratio": 0.32,
            "price_fair": 35.23,
            "eps_avg_yearly": 1.01,
            "eps_latest_yearly": 0.68,
            "eps_growth_yearly": 475.41
        },
        "20141": {
            "year_quarter": 20141,
            "year": 2014,
            "quarter": 1,
            "eps": 0.25,
            "eps_growth_year": 66.67,
            "eps_4q": 0.99,
            "eps_4q_growth_year": null,
            "roe": 1.41,
            "roe_4q": 5.93,
            "gross_profit": 113838,
            "gross_margin": 19.54,
            "gross_margin_4q_avg": 18.52,
            "net_income": 36867,
            "revenue": 582665,
            "common_shares": 1574760,
            "book_valuer_per_share": 16.74,
            "book_valuer_per_share_4q_avg": 16.46,
            "equity": 2638619,
            "current_ratio": 307.12,
            "debt_ratio": 30.08,
            "inventory_turnover_ratio": 0.91,
            "account_receivable_turnover_ratio": 0.91,
            "reinvestment_rate": null,
            "research_to_sale_ratio": 2.35,
            "price_fair": 35.2,
            "eps_avg_yearly": 1.01,
            "eps_latest_yearly": 1,
            "eps_growth_yearly": 434.39
        },
        "20142": {
            "year_quarter": 20142,
            "year": 2014,
            "quarter": 2,
            "eps": 0.52,
            "eps_growth_year": 85.71,
            "eps_4q": 1.22,
            "eps_4q_growth_year": null,
            "roe": 3.01,
            "roe_4q": 7.24,
            "gross_profit": 143875,
            "gross_margin": 22.8,
            "gross_margin_4q_avg": 18.79,
            "net_income": 79270,
            "revenue": 630983,
            "common_shares": 1575060,
            "book_valuer_per_share": 16.66,
            "book_valuer_per_share_4q_avg": 16.57,
            "equity": 2624394,
            "current_ratio": 300.25,
            "debt_ratio": 30.94,
            "inventory_turnover_ratio": 0.92,
            "account_receivable_turnover_ratio": 0.98,
            "reinvestment_rate": -7293.93,
            "research_to_sale_ratio": 2.3,
            "price_fair": 38.4,
            "eps_avg_yearly": 1.1,
            "eps_latest_yearly": 2.08,
            "eps_growth_yearly": 259.37
        },
        "20143": {
            "year_quarter": 20143,
            "year": 2014,
            "quarter": 3,
            "eps": 0.48,
            "eps_growth_year": 77.78,
            "eps_4q": 1.42,
            "eps_4q_growth_year": 676.83,
            "roe": 2.78,
            "roe_4q": 8.61,
            "gross_profit": 163647,
            "gross_margin": 20.98,
            "gross_margin_4q_avg": 19.11,
            "net_income": 74036,
            "revenue": 780130,
            "common_shares": 1575460,
            "book_valuer_per_share": 17.06,
            "book_valuer_per_share_4q_avg": 16.72,
            "equity": 2693116,
            "current_ratio": 332.63,
            "debt_ratio": 30.43,
            "inventory_turnover_ratio": 1.2,
            "account_receivable_turnover_ratio": 1.03,
            "reinvestment_rate": -1142.82,
            "research_to_sale_ratio": 1.89,
            "price_fair": 44.2,
            "eps_avg_yearly": 1.26,
            "eps_latest_yearly": 1.92,
            "eps_growth_yearly": 281.96
        },
        "20144": {
            "year_quarter": 20144,
            "year": 2014,
            "quarter": 4,
            "eps": 0.57,
            "eps_growth_year": 226.17,
            "eps_4q": 1.81,
            "eps_4q_growth_year": 106.21,
            "roe": 3.74,
            "roe_4q": 10.94,
            "gross_profit": 152366,
            "gross_margin": 20.74,
            "gross_margin_4q_avg": 21.02,
            "net_income": 103024,
            "revenue": 734697,
            "common_shares": 1594210,
            "book_valuer_per_share": 17.57,
            "book_valuer_per_share_4q_avg": 17.01,
            "equity": 2810743,
            "current_ratio": 325.14,
            "debt_ratio": 30.67,
            "inventory_turnover_ratio": 1.18,
            "account_receivable_turnover_ratio": 0.87,
            "reinvestment_rate": -302.05,
            "research_to_sale_ratio": 2.12,
            "price_fair": 48.65,
            "eps_avg_yearly": 1.39,
            "eps_latest_yearly": 2.28,
            "eps_growth_yearly": 256.09
        },
        "20151": {
            "year_quarter": 20151,
            "year": 2015,
            "quarter": 1,
            "eps": 0.32,
            "eps_growth_year": 28,
            "eps_4q": 1.88,
            "eps_4q_growth_year": 90.64,
            "roe": 1.76,
            "roe_4q": 11.29,
            "gross_profit": 143254,
            "gross_margin": 20.31,
            "gross_margin_4q_avg": 21.21,
            "net_income": 49795,
            "revenue": 705447,
            "common_shares": 1594210,
            "book_valuer_per_share": 17.87,
            "book_valuer_per_share_4q_avg": 17.29,
            "equity": 2856260,
            "current_ratio": 360.18,
            "debt_ratio": 28.92,
            "inventory_turnover_ratio": 1.13,
            "account_receivable_turnover_ratio": 0.82,
            "reinvestment_rate": -219.31,
            "research_to_sale_ratio": 2.3,
            "price_fair": 48.22,
            "eps_avg_yearly": 1.38,
            "eps_latest_yearly": 1.28,
            "eps_growth_yearly": 208.14
        },
        "20152": {
            "year_quarter": 20152,
            "year": 2015,
            "quarter": 2,
            "eps": 0.36,
            "eps_growth_year": -30.77,
            "eps_4q": 1.73,
            "eps_4q_growth_year": 41.24,
            "roe": 2.07,
            "roe_4q": 10.35,
            "gross_profit": 140077,
            "gross_margin": 21.4,
            "gross_margin_4q_avg": 20.86,
            "net_income": 57931,
            "revenue": 654607,
            "common_shares": 1594210,
            "book_valuer_per_share": 17.18,
            "book_valuer_per_share_4q_avg": 17.42,
            "equity": 2747159,
            "current_ratio": 308.1,
            "debt_ratio": 31.51,
            "inventory_turnover_ratio": 1.02,
            "account_receivable_turnover_ratio": 0.75,
            "reinvestment_rate": -159.33,
            "research_to_sale_ratio": 2.36,
            "price_fair": 48.44,
            "eps_avg_yearly": 1.38,
            "eps_latest_yearly": 1.44,
            "eps_growth_yearly": 192.33
        },
        "20153": {
            "year_quarter": 20153,
            "year": 2015,
            "quarter": 3,
            "eps": 0.66,
            "eps_growth_year": 37.5,
            "eps_4q": 1.9,
            "eps_4q_growth_year": 33.71,
            "roe": 3.53,
            "roe_4q": 11.1,
            "gross_profit": 143914,
            "gross_margin": 18.93,
            "gross_margin_4q_avg": 20.35,
            "net_income": 99142,
            "revenue": 760418,
            "common_shares": 1594210,
            "book_valuer_per_share": 17.99,
            "book_valuer_per_share_4q_avg": 17.65,
            "equity": 2870938,
            "current_ratio": 348.04,
            "debt_ratio": 30.21,
            "inventory_turnover_ratio": 1.31,
            "account_receivable_turnover_ratio": 0.82,
            "reinvestment_rate": -179.61,
            "research_to_sale_ratio": 2.89,
            "price_fair": 54.32,
            "eps_avg_yearly": 1.55,
            "eps_latest_yearly": 2.64,
            "eps_growth_yearly": 105.66
        },
        "20154": {
            "year_quarter": 20154,
            "year": 2015,
            "quarter": 4,
            "eps": 0.33,
            "eps_growth_year": -41.45,
            "eps_4q": 1.67,
            "eps_4q_growth_year": -7.87,
            "roe": 1.7,
            "roe_4q": 9.059999999999999,
            "gross_profit": 178246,
            "gross_margin": 26.48,
            "gross_margin_4q_avg": 21.78,
            "net_income": 49104,
            "revenue": 673224,
            "common_shares": 1594210,
            "book_valuer_per_share": 18.31,
            "book_valuer_per_share_4q_avg": 17.84,
            "equity": 2918215,
            "current_ratio": 305.34,
            "debt_ratio": 31.84,
            "inventory_turnover_ratio": 1.1,
            "account_receivable_turnover_ratio": 0.72,
            "reinvestment_rate": -84.64,
            "research_to_sale_ratio": 2.87,
            "price_fair": 53.58,
            "eps_avg_yearly": 1.53,
            "eps_latest_yearly": 1.32,
            "eps_growth_yearly": 77.87
        },
        "20161": {
            "year_quarter": 20161,
            "year": 2016,
            "quarter": 1,
            "eps": 0.07,
            "eps_growth_year": -78.12,
            "eps_4q": 1.42,
            "eps_4q_growth_year": -24.76,
            "roe": 0.33,
            "roe_4q": 7.629999999999999,
            "gross_profit": 132940,
            "gross_margin": 18.76,
            "gross_margin_4q_avg": 21.39,
            "net_income": 9780,
            "revenue": 708687,
            "common_shares": 1594210,
            "book_valuer_per_share": 18.42,
            "book_valuer_per_share_4q_avg": 17.98,
            "equity": 2935435,
            "current_ratio": 325.78,
            "debt_ratio": 30.01,
            "inventory_turnover_ratio": 1.27,
            "account_receivable_turnover_ratio": 0.8,
            "reinvestment_rate": -58.13,
            "research_to_sale_ratio": 2.33,
            "price_fair": 49.93,
            "eps_avg_yearly": 1.43,
            "eps_latest_yearly": 0.28,
            "eps_growth_yearly": 45.12
        },
        "20162": {
            "year_quarter": 20162,
            "year": 2016,
            "quarter": 2,
            "eps": 0.51,
            "eps_growth_year": 41.67,
            "eps_4q": 1.56,
            "eps_4q_growth_year": -9.47,
            "roe": 3.07,
            "roe_4q": 8.629999999999999,
            "gross_profit": 172842,
            "gross_margin": 23.91,
            "gross_margin_4q_avg": 22.02,
            "net_income": 88822,
            "revenue": 722936,
            "common_shares": 1594210,
            "book_valuer_per_share": 17.85,
            "book_valuer_per_share_4q_avg": 18.14,
            "equity": 2851016,
            "current_ratio": 300.7,
            "debt_ratio": 32.23,
            "inventory_turnover_ratio": 1.14,
            "account_receivable_turnover_ratio": 0.79,
            "reinvestment_rate": -33.12,
            "research_to_sale_ratio": 2.43,
            "price_fair": 51.58,
            "eps_avg_yearly": 1.47,
            "eps_latest_yearly": 2.04,
            "eps_growth_yearly": 235.06
        },
        "20163": {
            "year_quarter": 20163,
            "year": 2016,
            "quarter": 3,
            "eps": 0.27,
            "eps_growth_year": -59.09,
            "eps_4q": 1.18,
            "eps_4q_growth_year": -38.24,
            "roe": 1.48,
            "roe_4q": 6.58,
            "gross_profit": 158497,
            "gross_margin": 20.18,
            "gross_margin_4q_avg": 22.33,
            "net_income": 42526,
            "revenue": 785383,
            "common_shares": 1594210,
            "book_valuer_per_share": 18.05,
            "book_valuer_per_share_4q_avg": 18.16,
            "equity": 2884184,
            "current_ratio": 412.85,
            "debt_ratio": 28.25,
            "inventory_turnover_ratio": 1.24,
            "account_receivable_turnover_ratio": 0.82,
            "reinvestment_rate": -26.9,
            "research_to_sale_ratio": 2.14,
            "price_fair": 50.6,
            "eps_avg_yearly": 1.45,
            "eps_latest_yearly": 1.08,
            "eps_growth_yearly": 204.82
        },
        "20164": {
            "year_quarter": 20164,
            "year": 2016,
            "quarter": 4,
            "eps": 0.63,
            "eps_growth_year": 90,
            "eps_4q": 1.48,
            "eps_4q_growth_year": -11.66,
            "roe": 3.42,
            "roe_4q": 8.3,
            "gross_profit": 140711,
            "gross_margin": 18.5,
            "gross_margin_4q_avg": 20.34,
            "net_income": 99906,
            "revenue": 760579,
            "common_shares": 1594210,
            "book_valuer_per_share": 18.48,
            "book_valuer_per_share_4q_avg": 18.2,
            "equity": 2951757,
            "current_ratio": 416.68,
            "debt_ratio": 28.32,
            "inventory_turnover_ratio": 1.27,
            "account_receivable_turnover_ratio": 0.8,
            "reinvestment_rate": -28.87,
            "research_to_sale_ratio": 3.37,
            "price_fair": 53.11,
            "eps_avg_yearly": 1.52,
            "eps_latest_yearly": 2.52,
            "eps_growth_yearly": 226.72
        },
        "20171": {
            "year_quarter": 20171,
            "year": 2017,
            "quarter": 1,
            "eps": 0.09,
            "eps_growth_year": 28.57,
            "eps_4q": 1.5,
            "eps_4q_growth_year": 5.79,
            "roe": 0.6,
            "roe_4q": 8.57,
            "gross_profit": 126451,
            "gross_margin": 17.58,
            "gross_margin_4q_avg": 20.04,
            "net_income": 17707,
            "revenue": 719333,
            "common_shares": 1594210,
            "book_valuer_per_share": 18.34,
            "book_valuer_per_share_4q_avg": 18.18,
            "equity": 2933501,
            "current_ratio": 395.3,
            "debt_ratio": 26.28,
            "inventory_turnover_ratio": 1.26,
            "account_receivable_turnover_ratio": 0.82,
            "reinvestment_rate": -2.96,
            "research_to_sale_ratio": 2.77,
            "price_fair": 50.58,
            "eps_avg_yearly": 1.45,
            "eps_latest_yearly": 0.36,
            "eps_growth_yearly": 191.12
        },
        "20172": {
            "year_quarter": 20172,
            "year": 2017,
            "quarter": 2,
            "eps": 0.37,
            "eps_growth_year": -27.45,
            "eps_4q": 1.35,
            "eps_4q_growth_year": -13.42,
            "roe": 2.05,
            "roe_4q": 7.550000000000001,
            "gross_profit": 131866,
            "gross_margin": 15.23,
            "gross_margin_4q_avg": 17.87,
            "net_income": 58728,
            "revenue": 865741,
            "common_shares": 1594210,
            "book_valuer_per_share": 17.5,
            "book_valuer_per_share_4q_avg": 18.09,
            "equity": 2798818,
            "current_ratio": 254.56,
            "debt_ratio": 33.78,
            "inventory_turnover_ratio": 1.54,
            "account_receivable_turnover_ratio": 0.95,
            "reinvestment_rate": -6.19,
            "research_to_sale_ratio": 2.63,
            "price_fair": 51.36,
            "eps_avg_yearly": 1.47,
            "eps_latest_yearly": 1.48,
            "eps_growth_yearly": 247.23
        },
        "20173": {
            "year_quarter": 20173,
            "year": 2017,
            "quarter": 3,
            "eps": 0.34,
            "eps_growth_year": 25.93,
            "eps_4q": 1.43,
            "eps_4q_growth_year": 21.34,
            "roe": 1.92,
            "roe_4q": 7.989999999999999,
            "gross_profit": 143155,
            "gross_margin": 18.03,
            "gross_margin_4q_avg": 17.34,
            "net_income": 54568,
            "revenue": 793796,
            "common_shares": 1594210,
            "book_valuer_per_share": 17.98,
            "book_valuer_per_share_4q_avg": 18.08,
            "equity": 2875017,
            "current_ratio": 289.32,
            "debt_ratio": 31,
            "inventory_turnover_ratio": 1.35,
            "account_receivable_turnover_ratio": 0.78,
            "reinvestment_rate": -5.87,
            "research_to_sale_ratio": 3.28,
            "price_fair": 51.98,
            "eps_avg_yearly": 1.49,
            "eps_latest_yearly": 1.36,
            "eps_growth_yearly": 246.1
        },
        "20174": {
            "year_quarter": 20174,
            "year": 2017,
            "quarter": 4,
            "eps": 0.25,
            "eps_growth_year": -59.65,
            "eps_4q": 1.05,
            "eps_4q_growth_year": -28.74,
            "roe": 1.4,
            "roe_4q": 5.969999999999999,
            "gross_profit": 143035,
            "gross_margin": 16.26,
            "gross_margin_4q_avg": 16.78,
            "net_income": 40682,
            "revenue": 879825,
            "common_shares": 1594210,
            "book_valuer_per_share": 18.25,
            "book_valuer_per_share_4q_avg": 18.02,
            "equity": 2918003,
            "current_ratio": 319.88,
            "debt_ratio": 29.15,
            "inventory_turnover_ratio": 1.55,
            "account_receivable_turnover_ratio": 0.82,
            "reinvestment_rate": -5.47,
            "research_to_sale_ratio": 2.7,
            "price_fair": 52.68,
            "eps_avg_yearly": 1.51,
            "eps_latest_yearly": 1,
            "eps_growth_yearly": 248.74
        },
        "20181": {
            "year_quarter": 20181,
            "year": 2018,
            "quarter": 1,
            "eps": 0.25,
            "eps_growth_year": 177.78,
            "eps_4q": 1.21,
            "eps_4q_growth_year": -19.14,
            "roe": 1.34,
            "roe_4q": 6.71,
            "gross_profit": 128813,
            "gross_margin": 18.8,
            "gross_margin_4q_avg": 17.08,
            "net_income": 39368,
            "revenue": 685022,
            "common_shares": 1594210,
            "book_valuer_per_share": 18.49,
            "book_valuer_per_share_4q_avg": 18.06,
            "equity": 2955807,
            "current_ratio": 338.78,
            "debt_ratio": 29.73,
            "inventory_turnover_ratio": 1.12,
            "account_receivable_turnover_ratio": 0.69,
            "reinvestment_rate": -27.96,
            "research_to_sale_ratio": 3.47,
            "price_fair": 52.68,
            "eps_avg_yearly": 1.51,
            "eps_latest_yearly": 1,
            "eps_growth_yearly": 236.98
        },
        "20182": {
            "year_quarter": 20182,
            "year": 2018,
            "quarter": 2,
            "eps": 0.56,
            "eps_growth_year": 51.35,
            "eps_4q": 1.41,
            "eps_4q_growth_year": 3.79,
            "roe": 3.04,
            "roe_4q": 7.699999999999999,
            "gross_profit": 137922,
            "gross_margin": 19.62,
            "gross_margin_4q_avg": 18.18,
            "net_income": 89433,
            "revenue": 703144,
            "common_shares": 1594210,
            "book_valuer_per_share": 18.31,
            "book_valuer_per_share_4q_avg": 18.26,
            "equity": 2926054,
            "current_ratio": 274.48,
            "debt_ratio": 30.22,
            "inventory_turnover_ratio": 1.08,
            "account_receivable_turnover_ratio": 0.8,
            "reinvestment_rate": -15.65,
            "research_to_sale_ratio": 3.26,
            "price_fair": 53.03,
            "eps_avg_yearly": 1.52,
            "eps_latest_yearly": 2.24,
            "eps_growth_yearly": 240.98
        },
        "20183": {
            "year_quarter": 20183,
            "year": 2018,
            "quarter": 3,
            "eps": 0.41,
            "eps_growth_year": 20.59,
            "eps_4q": 1.47,
            "eps_4q_growth_year": 3.18,
            "roe": 2.2,
            "roe_4q": 7.98,
            "gross_profit": 170046,
            "gross_margin": 24.7,
            "gross_margin_4q_avg": 19.85,
            "net_income": 65066,
            "revenue": 688520,
            "common_shares": 1594210,
            "book_valuer_per_share": 18.63,
            "book_valuer_per_share_4q_avg": 18.42,
            "equity": 2977256,
            "current_ratio": 359.79,
            "debt_ratio": 25.92,
            "inventory_turnover_ratio": 0.96,
            "account_receivable_turnover_ratio": 0.82,
            "reinvestment_rate": -15.53,
            "research_to_sale_ratio": 3.72,
            "price_fair": 52.41,
            "eps_avg_yearly": 1.5,
            "eps_latest_yearly": 1.64,
            "eps_growth_yearly": 236.2
        },
        "20184": {
            "year_quarter": 20184,
            "year": 2018,
            "quarter": 4,
            "eps": 0.42,
            "eps_growth_year": 63.29,
            "eps_4q": 1.63,
            "eps_4q_growth_year": 55.43,
            "roe": 2.18,
            "roe_4q": 8.760000000000002,
            "gross_profit": 140423,
            "gross_margin": 22.83,
            "gross_margin_4q_avg": 21.49,
            "net_income": 66116,
            "revenue": 615196,
            "common_shares": 1594210,
            "book_valuer_per_share": 19.24,
            "book_valuer_per_share_4q_avg": 18.67,
            "equity": 3075174,
            "current_ratio": 427.52,
            "debt_ratio": 25.36,
            "inventory_turnover_ratio": 0.87,
            "account_receivable_turnover_ratio": 0.82,
            "reinvestment_rate": -18.77,
            "research_to_sale_ratio": 3.77,
            "price_fair": 51.1,
            "eps_avg_yearly": 1.46,
            "eps_latest_yearly": 1.68,
            "eps_growth_yearly": 232.13
        },
        "20191": {
            "year_quarter": 20191,
            "year": 2019,
            "quarter": 1,
            "eps": 0.2,
            "eps_growth_year": -20,
            "eps_4q": 1.58,
            "eps_4q_growth_year": 30.69,
            "roe": 1.01,
            "roe_4q": 8.43,
            "gross_profit": 106174,
            "gross_margin": 19.25,
            "gross_margin_4q_avg": 21.6,
            "net_income": 31292,
            "revenue": 551464,
            "common_shares": 1594210,
            "book_valuer_per_share": 19.62,
            "book_valuer_per_share_4q_avg": 18.95,
            "equity": 3135947,
            "current_ratio": 440.23,
            "debt_ratio": 25.62,
            "inventory_turnover_ratio": 0.81,
            "account_receivable_turnover_ratio": 0.82,
            "reinvestment_rate": -17.25,
            "research_to_sale_ratio": 3.95,
            "price_fair": 50.05,
            "eps_avg_yearly": 1.43,
            "eps_latest_yearly": 0.8,
            "eps_growth_yearly": 230
        },
        "20192": {
            "year_quarter": 20192,
            "year": 2019,
            "quarter": 2,
            "eps": 0.27,
            "eps_growth_year": -51.79,
            "eps_4q": 1.29,
            "eps_4q_growth_year": -8.24,
            "roe": 1.43,
            "roe_4q": 6.82,
            "gross_profit": 117481,
            "gross_margin": 21.2,
            "gross_margin_4q_avg": 22,
            "net_income": 43137,
            "revenue": 554099,
            "common_shares": 1594210,
            "book_valuer_per_share": 18.22,
            "book_valuer_per_share_4q_avg": 18.93,
            "equity": 2912492,
            "current_ratio": 315.95,
            "debt_ratio": 29.8,
            "inventory_turnover_ratio": 0.79,
            "account_receivable_turnover_ratio": 0.85,
            "reinvestment_rate": -23.54,
            "research_to_sale_ratio": 4.01,
            "price_fair": 49.26,
            "eps_avg_yearly": 1.41,
            "eps_latest_yearly": 1.08,
            "eps_growth_yearly": 235.62
        },
        "20193": {
            "year_quarter": 20193,
            "year": 2019,
            "quarter": 3,
            "eps": 0.34,
            "eps_growth_year": -17.07,
            "eps_4q": 1.22,
            "eps_4q_growth_year": -17.22,
            "roe": 1.84,
            "roe_4q": 6.460000000000001,
            "gross_profit": 140634,
            "gross_margin": 22.56,
            "gross_margin_4q_avg": 21.46,
            "net_income": 53830,
            "revenue": 623313,
            "common_shares": 1594210,
            "book_valuer_per_share": 18.44,
            "book_valuer_per_share_4q_avg": 18.88,
            "equity": 2947672,
            "current_ratio": 461.99,
            "debt_ratio": 25.17,
            "inventory_turnover_ratio": 0.87,
            "account_receivable_turnover_ratio": 0.89,
            "reinvestment_rate": -27.47,
            "research_to_sale_ratio": 3.61,
            "price_fair": 46.46,
            "eps_avg_yearly": 1.33,
            "eps_latest_yearly": 1.36,
            "eps_growth_yearly": 221.27
        },
        "20194": {
            "year_quarter": 20194,
            "year": 2019,
            "quarter": 4,
            "eps": -0.04,
            "eps_growth_year": -110.14,
            "eps_4q": 0.76,
            "eps_4q_growth_year": -53.4,
            "roe": -0.23,
            "roe_4q": 4.05,
            "gross_profit": 97443,
            "gross_margin": 17.11,
            "gross_margin_4q_avg": 20.03,
            "net_income": -6913,
            "revenue": 569613,
            "common_shares": 1594210,
            "book_valuer_per_share": 18.39,
            "book_valuer_per_share_4q_avg": 18.67,
            "equity": 2939980,
            "current_ratio": 415.69,
            "debt_ratio": 25.24,
            "inventory_turnover_ratio": 0.88,
            "account_receivable_turnover_ratio": 0.8,
            "reinvestment_rate": -36.94,
            "research_to_sale_ratio": 3.89,
            "price_fair": 46.48,
            "eps_avg_yearly": 1.33,
            "eps_latest_yearly": 1.36,
            "eps_growth_yearly": 249.35
        },
        "20201": {
            "year_quarter": 20201,
            "year": 2020,
            "quarter": 1,
            "eps": 0.24,
            "eps_growth_year": 20,
            "eps_4q": 0.8,
            "eps_4q_growth_year": -49.41,
            "roe": 1.28,
            "roe_4q": 4.32,
            "gross_profit": 114177,
            "gross_margin": 21.62,
            "gross_margin_4q_avg": 20.62,
            "net_income": 37464,
            "revenue": 528057,
            "common_shares": 1594210,
            "book_valuer_per_share": 18.1,
            "book_valuer_per_share_4q_avg": 18.29,
            "equity": 2892573,
            "current_ratio": 424.54,
            "debt_ratio": 23.96,
            "inventory_turnover_ratio": 0.77,
            "account_receivable_turnover_ratio": 0.8,
            "reinvestment_rate": -37.36,
            "research_to_sale_ratio": 4.47,
            "price_fair": 49.1,
            "eps_avg_yearly": 1.4,
            "eps_latest_yearly": 1.36,
            "eps_growth_yearly": 289.67
        },
        "20202": {
            "year_quarter": 20202,
            "year": 2020,
            "quarter": 2,
            "eps": 0.32,
            "eps_growth_year": 18.52,
            "eps_4q": 0.85,
            "eps_4q_growth_year": -34.4,
            "roe": 1.75,
            "roe_4q": 4.640000000000001,
            "gross_profit": 139345,
            "gross_margin": 22.05,
            "gross_margin_4q_avg": 20.84,
            "net_income": 50253,
            "revenue": 631972,
            "common_shares": 1594210,
            "book_valuer_per_share": 17.84,
            "book_valuer_per_share_4q_avg": 18.19,
            "equity": 2851890,
            "current_ratio": 250.37,
            "debt_ratio": 29.83,
            "inventory_turnover_ratio": 0.85,
            "account_receivable_turnover_ratio": 1.02,
            "reinvestment_rate": -25.62,
            "research_to_sale_ratio": 3.67,
            "price_fair": 47.2,
            "eps_avg_yearly": 1.35,
            "eps_latest_yearly": 1.28,
            "eps_growth_yearly": 119.61
        },
        "20203": {
            "year_quarter": 20203,
            "year": 2020,
            "quarter": 3,
            "eps": 0.37,
            "eps_growth_year": 8.82,
            "eps_4q": 0.87,
            "eps_4q_growth_year": -28.38,
            "roe": 1.99,
            "roe_4q": 4.79,
            "gross_profit": 153514,
            "gross_margin": 21.19,
            "gross_margin_4q_avg": 20.49,
            "net_income": 58095,
            "revenue": 724478,
            "common_shares": 1594210,
            "book_valuer_per_share": 18.72,
            "book_valuer_per_share_4q_avg": 18.26,
            "equity": 2991282,
            "current_ratio": 268.03,
            "debt_ratio": 30.79,
            "inventory_turnover_ratio": 0.94,
            "account_receivable_turnover_ratio": 1.1,
            "reinvestment_rate": 12.54,
            "research_to_sale_ratio": 3.4,
            "price_fair": 48.2,
            "eps_avg_yearly": 1.38,
            "eps_latest_yearly": 1.48,
            "eps_growth_yearly": 137.52
        },
        "20204": {
            "year_quarter": 20204,
            "year": 2020,
            "quarter": 4,
            "eps": 0.1,
            "eps_growth_year": null,
            "eps_4q": 1.02,
            "eps_4q_growth_year": 33.46,
            "roe": 0.52,
            "roe_4q": 5.54,
            "gross_profit": 125306,
            "gross_margin": 17.74,
            "gross_margin_4q_avg": 20.65,
            "net_income": 15991,
            "revenue": 706365,
            "common_shares": 1594210,
            "book_valuer_per_share": 19.65,
            "book_valuer_per_share_4q_avg": 18.58,
            "equity": 3139580,
            "current_ratio": 306.71,
            "debt_ratio": 31.74,
            "inventory_turnover_ratio": 0.9,
            "account_receivable_turnover_ratio": 0.97,
            "reinvestment_rate": 20.69,
            "research_to_sale_ratio": 3.99,
            "price_fair": 42.9,
            "eps_avg_yearly": 1.23,
            "eps_latest_yearly": 0.4,
            "eps_growth_yearly": 78.57
        },
        "20211": {
            "year_quarter": 20211,
            "year": 2021,
            "quarter": 1,
            "eps": 0.48,
            "eps_growth_year": 100,
            "eps_4q": 1.27,
            "eps_4q_growth_year": 58.1,
            "roe": 2.35,
            "roe_4q": 6.61,
            "gross_profit": 161800,
            "gross_margin": 22.18,
            "gross_margin_4q_avg": 20.79,
            "net_income": 77168,
            "revenue": 729608,
            "common_shares": 1594210,
            "book_valuer_per_share": 21.49,
            "book_valuer_per_share_4q_avg": 19.43,
            "equity": 3433504,
            "current_ratio": 316.75,
            "debt_ratio": 32.2,
            "inventory_turnover_ratio": 0.83,
            "account_receivable_turnover_ratio": 0.96,
            "reinvestment_rate": -14.55,
            "research_to_sale_ratio": 3.42,
            "price_fair": 46.8,
            "eps_avg_yearly": 1.34,
            "eps_latest_yearly": 1.92,
            "eps_growth_yearly": 211.63
        },
        "20212": {
            "year_quarter": 20212,
            "year": 2021,
            "quarter": 2,
            "eps": 0.58,
            "eps_growth_year": 81.25,
            "eps_4q": 1.53,
            "eps_4q_growth_year": 80.43,
            "roe": 2.65,
            "roe_4q": 7.51,
            "gross_profit": 225391,
            "gross_margin": 27.35,
            "gross_margin_4q_avg": 22.12,
            "net_income": 91821,
            "revenue": 824177,
            "common_shares": 1594210,
            "book_valuer_per_share": 21.87,
            "book_valuer_per_share_4q_avg": 20.43,
            "equity": 3493424,
            "current_ratio": 331.41,
            "debt_ratio": 31.41,
            "inventory_turnover_ratio": 0.85,
            "account_receivable_turnover_ratio": 1,
            "reinvestment_rate": -7.93,
            "research_to_sale_ratio": 3.21,
            "price_fair": 48.9,
            "eps_avg_yearly": 1.4,
            "eps_latest_yearly": 2.32,
            "eps_growth_yearly": 128.7
        },
        "20213": {
            "year_quarter": 20213,
            "year": 2021,
            "quarter": 3,
            "eps": 0.78,
            "eps_growth_year": 110.81,
            "eps_4q": 1.94,
            "eps_4q_growth_year": 121.81,
            "roe": 3.48,
            "roe_4q": 9,
            "gross_profit": 274898,
            "gross_margin": 30.86,
            "gross_margin_4q_avg": 24.53,
            "net_income": 123405,
            "revenue": 890709,
            "common_shares": 1594210,
            "book_valuer_per_share": 22.58,
            "book_valuer_per_share_4q_avg": 21.4,
            "equity": 3605946,
            "current_ratio": 315.04,
            "debt_ratio": 33.23,
            "inventory_turnover_ratio": 0.85,
            "account_receivable_turnover_ratio": 1,
            "reinvestment_rate": 16.68,
            "research_to_sale_ratio": 3.38,
            "price_fair": 53.3,
            "eps_avg_yearly": 1.52,
            "eps_latest_yearly": 3.12,
            "eps_growth_yearly": 140.87
        },
        "20214": {
            "year_quarter": 20214,
            "year": 2021,
            "quarter": 4,
            "eps": 0.71,
            "eps_growth_year": 602.98,
            "eps_4q": 2.54,
            "eps_4q_growth_year": 150.44,
            "roe": 2.97,
            "roe_4q": 11.45,
            "gross_profit": 261332,
            "gross_margin": 33.43,
            "gross_margin_4q_avg": 28.46,
            "net_income": 112889,
            "revenue": 781706,
            "common_shares": 1594210,
            "book_valuer_per_share": 25.08,
            "book_valuer_per_share_4q_avg": 22.76,
            "equity": 4004601,
            "current_ratio": 351.45,
            "debt_ratio": 32.08,
            "inventory_turnover_ratio": 0.68,
            "account_receivable_turnover_ratio": 0.87,
            "reinvestment_rate": 6.52,
            "research_to_sale_ratio": 4.09,
            "price_fair": 57.9,
            "eps_avg_yearly": 1.65,
            "eps_latest_yearly": 2.84,
            "eps_growth_yearly": 145.86
        },
        "20221": {
            "year_quarter": 20221,
            "year": 2022,
            "quarter": 1,
            "eps": 1.04,
            "eps_growth_year": 116.67,
            "eps_4q": 3.1,
            "eps_4q_growth_year": 144.54,
            "roe": 4.1,
            "roe_4q": 13.200000000000001,
            "gross_profit": 287602,
            "gross_margin": 34.81,
            "gross_margin_4q_avg": 31.61,
            "net_income": 164968,
            "revenue": 826108,
            "common_shares": 1594210,
            "book_valuer_per_share": 25.27,
            "book_valuer_per_share_4q_avg": 23.7,
            "equity": 4036222,
            "current_ratio": 385.05,
            "debt_ratio": 31.79,
            "inventory_turnover_ratio": 0.66,
            "account_receivable_turnover_ratio": 0.96,
            "reinvestment_rate": 27.02,
            "research_to_sale_ratio": 3.9,
            "price_fair": 65.8,
            "eps_avg_yearly": 1.88,
            "eps_latest_yearly": 4.16,
            "eps_growth_yearly": 159.14
        },
        "20222": {
            "year_quarter": 20222,
            "year": 2022,
            "quarter": 2,
            "eps": 1.51,
            "eps_growth_year": 160.34,
            "eps_4q": 4.02,
            "eps_4q_growth_year": 163.61,
            "roe": 6.14,
            "roe_4q": 16.689999999999998,
            "gross_profit": 356363,
            "gross_margin": 38.81,
            "gross_margin_4q_avg": 34.48,
            "net_income": 239843,
            "revenue": 918302,
            "common_shares": 1594210,
            "book_valuer_per_share": 23.62,
            "book_valuer_per_share_4q_avg": 24.14,
            "equity": 3772053,
            "current_ratio": 289.48,
            "debt_ratio": 35.2,
            "inventory_turnover_ratio": 0.66,
            "account_receivable_turnover_ratio": 1.02,
            "reinvestment_rate": 20.22,
            "research_to_sale_ratio": 3.59,
            "price_fair": 75.3,
            "eps_avg_yearly": 2.15,
            "eps_latest_yearly": 6.04,
            "eps_growth_yearly": 136.63
        },
        "20223": {
            "year_quarter": 20223,
            "year": 2022,
            "quarter": 3,
            "eps": 1.72,
            "eps_growth_year": 120.51,
            "eps_4q": 4.97,
            "eps_4q_growth_year": 156.38,
            "roe": 7.02,
            "roe_4q": 20.229999999999997,
            "gross_profit": 349687,
            "gross_margin": 41.35,
            "gross_margin_4q_avg": 37.1,
            "net_income": 273478,
            "revenue": 845593,
            "common_shares": 1594210,
            "book_valuer_per_share": 25.17,
            "book_valuer_per_share_4q_avg": 24.79,
            "equity": 4019195,
            "current_ratio": 391.18,
            "debt_ratio": 29.89,
            "inventory_turnover_ratio": 0.54,
            "account_receivable_turnover_ratio": 0.91,
            "reinvestment_rate": 18.61,
            "research_to_sale_ratio": 4.02,
            "price_fair": 88.4,
            "eps_avg_yearly": 2.53,
            "eps_latest_yearly": 6.88,
            "eps_growth_yearly": 148.25
        },
        "20224": {
            "year_quarter": 20224,
            "year": 2022,
            "quarter": 4,
            "eps": 0.56,
            "eps_growth_year": -20.57,
            "eps_4q": 4.82,
            "eps_4q_growth_year": 89.38,
            "roe": 2.21,
            "roe_4q": 19.47,
            "gross_profit": 257020,
            "gross_margin": 38.16,
            "gross_margin_4q_avg": 38.28,
            "net_income": 89784,
            "revenue": 673581,
            "common_shares": 1594210,
            "book_valuer_per_share": 25.7,
            "book_valuer_per_share_4q_avg": 24.94,
            "equity": 4103098,
            "current_ratio": 386.02,
            "debt_ratio": 27.76,
            "inventory_turnover_ratio": 0.43,
            "account_receivable_turnover_ratio": 0.88,
            "reinvestment_rate": 18.84,
            "research_to_sale_ratio": 5.18,
            "price_fair": 89.8,
            "eps_avg_yearly": 2.57,
            "eps_latest_yearly": 2.24,
            "eps_growth_yearly": 128.29
        },
        "20231": {
            "year_quarter": 20231,
            "year": 2023,
            "quarter": 1,
            "eps": 0.55,
            "eps_growth_year": -47.12,
            "eps_4q": 4.33,
            "eps_4q_growth_year": 39.97,
            "roe": 2.13,
            "roe_4q": 17.5,
            "gross_profit": 199155,
            "gross_margin": 32.31,
            "gross_margin_4q_avg": 37.66,
            "net_income": 87346,
            "revenue": 616402,
            "common_shares": 1594210,
            "book_valuer_per_share": 25.76,
            "book_valuer_per_share_4q_avg": 25.06,
            "equity": 4112726,
            "current_ratio": 388.2,
            "debt_ratio": 26.02,
            "inventory_turnover_ratio": 0.45,
            "account_receivable_turnover_ratio": 1.01,
            "reinvestment_rate": 16.97,
            "research_to_sale_ratio": 5.16,
            "price_fair": 93.3,
            "eps_avg_yearly": 2.67,
            "eps_latest_yearly": 2.2,
            "eps_growth_yearly": 142.74
        }
    },
    "months": {
        "2001-09": {
            "month": "2001-09",
            "price": "22.01",
            "revenue": 38417
        },
        "2001-10": {
            "month": "2001-10",
            "price": "20.80",
            "revenue": 40220
        },
        "2001-11": {
            "month": "2001-11",
            "price": "27.38",
            "revenue": 40376
        },
        "2001-12": {
            "month": "2001-12",
            "price": "32.44",
            "revenue": 28736
        },
        "2002-01": {
            "month": "2002-01",
            "price": "32.26",
            "revenue": 35260
        },
        "2002-02": {
            "month": "2002-02",
            "price": "30.82",
            "revenue": 38442
        },
        "2002-03": {
            "month": "2002-03",
            "price": "35.83",
            "revenue": 46317
        },
        "2002-04": {
            "month": "2002-04",
            "price": "37.41",
            "revenue": 45342
        },
        "2002-05": {
            "month": "2002-05",
            "price": "26.08",
            "revenue": 41305
        },
        "2002-06": {
            "month": "2002-06",
            "price": "22.16",
            "revenue": 37407
        },
        "2002-07": {
            "month": "2002-07",
            "price": "17.87",
            "revenue": 43653
        },
        "2002-08": {
            "month": "2002-08",
            "price": "17.76",
            "revenue": 48393
        },
        "2002-09": {
            "month": "2002-09",
            "price": "19.98",
            "revenue": 52872
        },
        "2002-10": {
            "month": "2002-10",
            "price": "19.10",
            "revenue": 51963
        },
        "2002-11": {
            "month": "2002-11",
            "price": "20.78",
            "revenue": 56821
        },
        "2002-12": {
            "month": "2002-12",
            "price": "17.24",
            "revenue": 49585
        },
        "2003-01": {
            "month": "2003-01",
            "price": "16.80",
            "revenue": 59267
        },
        "2003-02": {
            "month": "2003-02",
            "price": "15.97",
            "revenue": 47820
        },
        "2003-03": {
            "month": "2003-03",
            "price": "14.30",
            "revenue": 65115
        },
        "2003-04": {
            "month": "2003-04",
            "price": "15.45",
            "revenue": 72685
        },
        "2003-05": {
            "month": "2003-05",
            "price": "17.00",
            "revenue": 76895
        },
        "2003-06": {
            "month": "2003-06",
            "price": "23.44",
            "revenue": 78162
        },
        "2003-07": {
            "month": "2003-07",
            "price": "26.73",
            "revenue": 71499
        },
        "2003-08": {
            "month": "2003-08",
            "price": "22.87",
            "revenue": 72845
        },
        "2003-09": {
            "month": "2003-09",
            "price": "21.74",
            "revenue": 76507
        },
        "2003-10": {
            "month": "2003-10",
            "price": "22.72",
            "revenue": 84615
        },
        "2003-11": {
            "month": "2003-11",
            "price": "25.40",
            "revenue": 86158
        },
        "2003-12": {
            "month": "2003-12",
            "price": "25.38",
            "revenue": 90303
        },
        "2004-01": {
            "month": "2004-01",
            "price": "25.80",
            "revenue": 87702
        },
        "2004-02": {
            "month": "2004-02",
            "price": "25.34",
            "revenue": 90016
        },
        "2004-03": {
            "month": "2004-03",
            "price": "26.87",
            "revenue": 100855
        },
        "2004-04": {
            "month": "2004-04",
            "price": "26.89",
            "revenue": 107816
        },
        "2004-05": {
            "month": "2004-05",
            "price": "19.65",
            "revenue": 103739
        },
        "2004-06": {
            "month": "2004-06",
            "price": "19.37",
            "revenue": 100845
        },
        "2004-07": {
            "month": "2004-07",
            "price": "16.68",
            "revenue": 107715
        },
        "2004-08": {
            "month": "2004-08",
            "price": "15.24",
            "revenue": 103812
        },
        "2004-09": {
            "month": "2004-09",
            "price": "16.45",
            "revenue": 112702
        },
        "2004-10": {
            "month": "2004-10",
            "price": "15.50",
            "revenue": 108900
        },
        "2004-11": {
            "month": "2004-11",
            "price": "15.01",
            "revenue": 103104
        },
        "2004-12": {
            "month": "2004-12",
            "price": "14.56",
            "revenue": 94953
        },
        "2005-01": {
            "month": "2005-01",
            "price": "14.25",
            "revenue": 109725
        },
        "2005-02": {
            "month": "2005-02",
            "price": "15.59",
            "revenue": 68394
        },
        "2005-03": {
            "month": "2005-03",
            "price": "18.30",
            "revenue": 93985
        },
        "2005-04": {
            "month": "2005-04",
            "price": "17.42",
            "revenue": 99602
        },
        "2005-05": {
            "month": "2005-05",
            "price": "14.98",
            "revenue": 95955
        },
        "2005-06": {
            "month": "2005-06",
            "price": "16.40",
            "revenue": 107548
        },
        "2005-07": {
            "month": "2005-07",
            "price": "17.00",
            "revenue": 103195
        },
        "2005-08": {
            "month": "2005-08",
            "price": "14.84",
            "revenue": 112746
        },
        "2005-09": {
            "month": "2005-09",
            "price": "15.78",
            "revenue": 128011
        },
        "2005-10": {
            "month": "2005-10",
            "price": "18.71",
            "revenue": 117288
        },
        "2005-11": {
            "month": "2005-11",
            "price": "18.90",
            "revenue": 120845
        },
        "2005-12": {
            "month": "2005-12",
            "price": "20.89",
            "revenue": 96735
        },
        "2006-01": {
            "month": "2006-01",
            "price": "20.54",
            "revenue": 102508
        },
        "2006-02": {
            "month": "2006-02",
            "price": "18.79",
            "revenue": 83438
        },
        "2006-03": {
            "month": "2006-03",
            "price": "19.78",
            "revenue": 131721
        },
        "2006-04": {
            "month": "2006-04",
            "price": "22.80",
            "revenue": 109287
        },
        "2006-05": {
            "month": "2006-05",
            "price": "21.25",
            "revenue": 122382
        },
        "2006-06": {
            "month": "2006-06",
            "price": "17.77",
            "revenue": 127188
        },
        "2006-07": {
            "month": "2006-07",
            "price": "18.47",
            "revenue": 125006
        },
        "2006-08": {
            "month": "2006-08",
            "price": "18.88",
            "revenue": 122020
        },
        "2006-09": {
            "month": "2006-09",
            "price": "18.35",
            "revenue": 119717
        },
        "2006-10": {
            "month": "2006-10",
            "price": "19.13",
            "revenue": 112299
        },
        "2006-11": {
            "month": "2006-11",
            "price": "19.65",
            "revenue": 100887
        },
        "2006-12": {
            "month": "2006-12",
            "price": "19.62",
            "revenue": 93044
        },
        "2007-01": {
            "month": "2007-01",
            "price": "22.70",
            "revenue": 126141
        },
        "2007-02": {
            "month": "2007-02",
            "price": "23.32",
            "revenue": 92157
        },
        "2007-03": {
            "month": "2007-03",
            "price": "25.07",
            "revenue": 120052
        },
        "2007-04": {
            "month": "2007-04",
            "price": "28.88",
            "revenue": 116635
        },
        "2007-05": {
            "month": "2007-05",
            "price": "28.31",
            "revenue": 120334
        },
        "2007-06": {
            "month": "2007-06",
            "price": "30.92",
            "revenue": 117325
        },
        "2007-07": {
            "month": "2007-07",
            "price": "29.42",
            "revenue": 133884
        },
        "2007-08": {
            "month": "2007-08",
            "price": "27.75",
            "revenue": 136523
        },
        "2007-09": {
            "month": "2007-09",
            "price": "27.71",
            "revenue": 130174
        },
        "2007-10": {
            "month": "2007-10",
            "price": "28.20",
            "revenue": 136443
        },
        "2007-11": {
            "month": "2007-11",
            "price": "22.30",
            "revenue": 144684
        },
        "2007-12": {
            "month": "2007-12",
            "price": "19.83",
            "revenue": 120728
        },
        "2008-01": {
            "month": "2008-01",
            "price": "17.91",
            "revenue": 168758
        },
        "2008-02": {
            "month": "2008-02",
            "price": "17.88",
            "revenue": 120013
        },
        "2008-03": {
            "month": "2008-03",
            "price": "19.23",
            "revenue": 147787
        },
        "2008-04": {
            "month": "2008-04",
            "price": "22.45",
            "revenue": 143568
        },
        "2008-05": {
            "month": "2008-05",
            "price": "21.25",
            "revenue": 136207
        },
        "2008-06": {
            "month": "2008-06",
            "price": "17.88",
            "revenue": 148788
        },
        "2008-07": {
            "month": "2008-07",
            "price": "15.09",
            "revenue": 161363
        },
        "2008-08": {
            "month": "2008-08",
            "price": "16.20",
            "revenue": 154278
        },
        "2008-09": {
            "month": "2008-09",
            "price": "15.37",
            "revenue": 163503
        },
        "2008-10": {
            "month": "2008-10",
            "price": "12.95",
            "revenue": 138143
        },
        "2008-11": {
            "month": "2008-11",
            "price": "9.77",
            "revenue": 106198
        },
        "2008-12": {
            "month": "2008-12",
            "price": "8.64",
            "revenue": 100432
        },
        "2009-01": {
            "month": "2009-01",
            "price": "9.27",
            "revenue": 75711
        },
        "2009-02": {
            "month": "2009-02",
            "price": "9.33",
            "revenue": 105758
        },
        "2009-03": {
            "month": "2009-03",
            "price": "10.89",
            "revenue": 135465
        },
        "2009-04": {
            "month": "2009-04",
            "price": "11.94",
            "revenue": 122140
        },
        "2009-05": {
            "month": "2009-05",
            "price": "11.98",
            "revenue": 93593
        },
        "2009-06": {
            "month": "2009-06",
            "price": "11.27",
            "revenue": 105170
        },
        "2009-07": {
            "month": "2009-07",
            "price": "12.38",
            "revenue": 136625
        },
        "2009-08": {
            "month": "2009-08",
            "price": "12.77",
            "revenue": 141116
        },
        "2009-09": {
            "month": "2009-09",
            "price": "12.61",
            "revenue": 152829
        },
        "2009-10": {
            "month": "2009-10",
            "price": "13.86",
            "revenue": 152464
        },
        "2009-11": {
            "month": "2009-11",
            "price": "13.14",
            "revenue": 163634
        },
        "2009-12": {
            "month": "2009-12",
            "price": "14.85",
            "revenue": 149101
        },
        "2010-01": {
            "month": "2010-01",
            "price": "14.99",
            "revenue": 155528
        },
        "2010-02": {
            "month": "2010-02",
            "price": "13.25",
            "revenue": 132414
        },
        "2010-03": {
            "month": "2010-03",
            "price": "14.16",
            "revenue": 184481
        },
        "2010-04": {
            "month": "2010-04",
            "price": "14.91",
            "revenue": 194790
        },
        "2010-05": {
            "month": "2010-05",
            "price": "13.91",
            "revenue": 183654
        },
        "2010-06": {
            "month": "2010-06",
            "price": "13.92",
            "revenue": 202933
        },
        "2010-07": {
            "month": "2010-07",
            "price": "14.84",
            "revenue": 220812
        },
        "2010-08": {
            "month": "2010-08",
            "price": "16.03",
            "revenue": 222754
        },
        "2010-09": {
            "month": "2010-09",
            "price": "19.80",
            "revenue": 208202
        },
        "2010-10": {
            "month": "2010-10",
            "price": "18.39",
            "revenue": 211354
        },
        "2010-11": {
            "month": "2010-11",
            "price": "17.14",
            "revenue": 184830
        },
        "2010-12": {
            "month": "2010-12",
            "price": "19.21",
            "revenue": 173128
        },
        "2011-01": {
            "month": "2011-01",
            "price": "19.25",
            "revenue": 188611
        },
        "2011-02": {
            "month": "2011-02",
            "price": "19.07",
            "revenue": 115060
        },
        "2011-03": {
            "month": "2011-03",
            "price": "18.72",
            "revenue": 208389
        },
        "2011-04": {
            "month": "2011-04",
            "price": "17.53",
            "revenue": 199243
        },
        "2011-05": {
            "month": "2011-05",
            "price": "15.18",
            "revenue": 192450
        },
        "2011-06": {
            "month": "2011-06",
            "price": "14.55",
            "revenue": 206131
        },
        "2011-07": {
            "month": "2011-07",
            "price": "13.48",
            "revenue": 191459
        },
        "2011-08": {
            "month": "2011-08",
            "price": "11.06",
            "revenue": 193033
        },
        "2011-09": {
            "month": "2011-09",
            "price": "9.82",
            "revenue": 193724
        },
        "2011-10": {
            "month": "2011-10",
            "price": "9.90",
            "revenue": 177646
        },
        "2011-11": {
            "month": "2011-11",
            "price": "10.15",
            "revenue": 172502
        },
        "2011-12": {
            "month": "2011-12",
            "price": "9.09",
            "revenue": 145448
        },
        "2012-01": {
            "month": "2012-01",
            "price": "10.26",
            "revenue": 137624
        },
        "2012-02": {
            "month": "2012-02",
            "price": "11.82",
            "revenue": 154996
        },
        "2012-03": {
            "month": "2012-03",
            "price": "12.79",
            "revenue": 189274
        },
        "2012-04": {
            "month": "2012-04",
            "price": "10.24",
            "revenue": 186330
        },
        "2012-05": {
            "month": "2012-05",
            "price": "9.17",
            "revenue": 190362
        },
        "2012-06": {
            "month": "2012-06",
            "price": "8.58",
            "revenue": 168593
        },
        "2012-07": {
            "month": "2012-07",
            "price": "8.71",
            "revenue": 182511
        },
        "2012-08": {
            "month": "2012-08",
            "price": "8.74",
            "revenue": 192343
        },
        "2012-09": {
            "month": "2012-09",
            "price": "9.98",
            "revenue": 168253
        },
        "2012-10": {
            "month": "2012-10",
            "price": "9.04",
            "revenue": 182899
        },
        "2012-11": {
            "month": "2012-11",
            "price": "8.65",
            "revenue": 157434
        },
        "2012-12": {
            "month": "2012-12",
            "price": "9.16",
            "revenue": 143879
        },
        "2013-01": {
            "month": "2013-01",
            "price": "9.07",
            "revenue": 193577
        },
        "2013-02": {
            "month": "2013-02",
            "price": "8.99",
            "revenue": 130508
        },
        "2013-03": {
            "month": "2013-03",
            "price": "9.57",
            "revenue": 222645
        },
        "2013-04": {
            "month": "2013-04",
            "price": "9.80",
            "revenue": 223148
        },
        "2013-05": {
            "month": "2013-05",
            "price": "11.85",
            "revenue": 201361
        },
        "2013-06": {
            "month": "2013-06",
            "price": "11.73",
            "revenue": 198453
        },
        "2013-07": {
            "month": "2013-07",
            "price": "11.94",
            "revenue": 209539
        },
        "2013-08": {
            "month": "2013-08",
            "price": "13.72",
            "revenue": 253544
        },
        "2013-09": {
            "month": "2013-09",
            "price": "15.07",
            "revenue": 197054
        },
        "2013-10": {
            "month": "2013-10",
            "price": "14.38",
            "revenue": 210067
        },
        "2013-11": {
            "month": "2013-11",
            "price": "13.05",
            "revenue": 204929
        },
        "2013-12": {
            "month": "2013-12",
            "price": "14.44",
            "revenue": 242653
        },
        "2014-01": {
            "month": "2014-01",
            "price": "15.84",
            "revenue": 199454
        },
        "2014-02": {
            "month": "2014-02",
            "price": "16.64",
            "revenue": 182118
        },
        "2014-03": {
            "month": "2014-03",
            "price": "19.80",
            "revenue": 201053
        },
        "2014-04": {
            "month": "2014-04",
            "price": "19.74",
            "revenue": 206373
        },
        "2014-05": {
            "month": "2014-05",
            "price": "18.13",
            "revenue": 198734
        },
        "2014-06": {
            "month": "2014-06",
            "price": "19.39",
            "revenue": 221834
        },
        "2014-07": {
            "month": "2014-07",
            "price": "19.73",
            "revenue": 287418
        },
        "2014-08": {
            "month": "2014-08",
            "price": "20.63",
            "revenue": 258317
        },
        "2014-09": {
            "month": "2014-09",
            "price": "20.99",
            "revenue": 234867
        },
        "2014-10": {
            "month": "2014-10",
            "price": "21.30",
            "revenue": 257376
        },
        "2014-11": {
            "month": "2014-11",
            "price": "20.88",
            "revenue": 229173
        },
        "2014-12": {
            "month": "2014-12",
            "price": "21.27",
            "revenue": 248226
        },
        "2015-01": {
            "month": "2015-01",
            "price": "22.62",
            "revenue": 289528
        },
        "2015-02": {
            "month": "2015-02",
            "price": "22.88",
            "revenue": 198719
        },
        "2015-03": {
            "month": "2015-03",
            "price": "24.17",
            "revenue": 217580
        },
        "2015-04": {
            "month": "2015-04",
            "price": "23.35",
            "revenue": 226560
        },
        "2015-05": {
            "month": "2015-05",
            "price": "21.16",
            "revenue": 213947
        },
        "2015-06": {
            "month": "2015-06",
            "price": "19.17",
            "revenue": 214036
        },
        "2015-07": {
            "month": "2015-07",
            "price": "17.02",
            "revenue": 273264
        },
        "2015-08": {
            "month": "2015-08",
            "price": "15.20",
            "revenue": 236983
        },
        "2015-09": {
            "month": "2015-09",
            "price": "16.45",
            "revenue": 250260
        },
        "2015-10": {
            "month": "2015-10",
            "price": "18.42",
            "revenue": 227386
        },
        "2015-11": {
            "month": "2015-11",
            "price": "19.84",
            "revenue": 214630
        },
        "2015-12": {
            "month": "2015-12",
            "price": "19.21",
            "revenue": 231141
        },
        "2016-01": {
            "month": "2016-01",
            "price": "17.47",
            "revenue": 250311
        },
        "2016-02": {
            "month": "2016-02",
            "price": "19.62",
            "revenue": 214533
        },
        "2016-03": {
            "month": "2016-03",
            "price": "21.22",
            "revenue": 243955
        },
        "2016-04": {
            "month": "2016-04",
            "price": "20.58",
            "revenue": 235996
        },
        "2016-05": {
            "month": "2016-05",
            "price": "17.53",
            "revenue": 237777
        },
        "2016-06": {
            "month": "2016-06",
            "price": "17.75",
            "revenue": 249322
        },
        "2016-07": {
            "month": "2016-07",
            "price": "18.50",
            "revenue": 243081
        },
        "2016-08": {
            "month": "2016-08",
            "price": "19.10",
            "revenue": 255895
        },
        "2016-09": {
            "month": "2016-09",
            "price": "17.83",
            "revenue": 286518
        },
        "2016-10": {
            "month": "2016-10",
            "price": "19.43",
            "revenue": 273999
        },
        "2016-11": {
            "month": "2016-11",
            "price": "18.27",
            "revenue": 248372
        },
        "2016-12": {
            "month": "2016-12",
            "price": "18.51",
            "revenue": 238165
        },
        "2017-01": {
            "month": "2017-01",
            "price": "19.51",
            "revenue": 245214
        },
        "2017-02": {
            "month": "2017-02",
            "price": "19.81",
            "revenue": 209848
        },
        "2017-03": {
            "month": "2017-03",
            "price": "20.09",
            "revenue": 264191
        },
        "2017-04": {
            "month": "2017-04",
            "price": "20.31",
            "revenue": 271454
        },
        "2017-05": {
            "month": "2017-05",
            "price": "20.08",
            "revenue": 269439
        },
        "2017-06": {
            "month": "2017-06",
            "price": "19.96",
            "revenue": 324861
        },
        "2017-07": {
            "month": "2017-07",
            "price": "20.21",
            "revenue": 255494
        },
        "2017-08": {
            "month": "2017-08",
            "price": "19.75",
            "revenue": 235432
        },
        "2017-09": {
            "month": "2017-09",
            "price": "19.68",
            "revenue": 302861
        },
        "2017-10": {
            "month": "2017-10",
            "price": "19.33",
            "revenue": 347583
        },
        "2017-11": {
            "month": "2017-11",
            "price": "20.84",
            "revenue": 305661
        },
        "2017-12": {
            "month": "2017-12",
            "price": "21.26",
            "revenue": 237255
        },
        "2018-01": {
            "month": "2018-01",
            "price": "22.10",
            "revenue": 252510
        },
        "2018-02": {
            "month": "2018-02",
            "price": "21.02",
            "revenue": 189768
        },
        "2018-03": {
            "month": "2018-03",
            "price": "20.49",
            "revenue": 242744
        },
        "2018-04": {
            "month": "2018-04",
            "price": "19.31",
            "revenue": 241264
        },
        "2018-05": {
            "month": "2018-05",
            "price": "19.33",
            "revenue": 231348
        },
        "2018-06": {
            "month": "2018-06",
            "price": "20.85",
            "revenue": 230465
        },
        "2018-07": {
            "month": "2018-07",
            "price": "21.08",
            "revenue": 230839
        },
        "2018-08": {
            "month": "2018-08",
            "price": "21.11",
            "revenue": 250412
        },
        "2018-09": {
            "month": "2018-09",
            "price": "19.24",
            "revenue": 207187
        },
        "2018-10": {
            "month": "2018-10",
            "price": "16.27",
            "revenue": 208700
        },
        "2018-11": {
            "month": "2018-11",
            "price": "16.77",
            "revenue": 221637
        },
        "2018-12": {
            "month": "2018-12",
            "price": "17.92",
            "revenue": 184891
        },
        "2019-01": {
            "month": "2019-01",
            "price": "17.75",
            "revenue": 207555
        },
        "2019-02": {
            "month": "2019-02",
            "price": "18.27",
            "revenue": 148533
        },
        "2019-03": {
            "month": "2019-03",
            "price": "19.37",
            "revenue": 195376
        },
        "2019-04": {
            "month": "2019-04",
            "price": "21.10",
            "revenue": 182620
        },
        "2019-05": {
            "month": "2019-05",
            "price": "19.77",
            "revenue": 182693
        },
        "2019-06": {
            "month": "2019-06",
            "price": "19.38",
            "revenue": 188970
        },
        "2019-07": {
            "month": "2019-07",
            "price": "20.65",
            "revenue": 209021
        },
        "2019-08": {
            "month": "2019-08",
            "price": "21.25",
            "revenue": 209179
        },
        "2019-09": {
            "month": "2019-09",
            "price": "20.77",
            "revenue": 204998
        },
        "2019-10": {
            "month": "2019-10",
            "price": "20.38",
            "revenue": 192161
        },
        "2019-11": {
            "month": "2019-11",
            "price": "20.20",
            "revenue": 177849
        },
        "2019-12": {
            "month": "2019-12",
            "price": "21.12",
            "revenue": 199576
        },
        "2020-01": {
            "month": "2020-01",
            "price": "20.12",
            "revenue": 168875
        },
        "2020-02": {
            "month": "2020-02",
            "price": "18.71",
            "revenue": 147653
        },
        "2020-03": {
            "month": "2020-03",
            "price": "16.74",
            "revenue": 211642
        },
        "2020-04": {
            "month": "2020-04",
            "price": "18.54",
            "revenue": 219234
        },
        "2020-05": {
            "month": "2020-05",
            "price": "20.96",
            "revenue": 198567
        },
        "2020-06": {
            "month": "2020-06",
            "price": "20.71",
            "revenue": 214276
        },
        "2020-07": {
            "month": "2020-07",
            "price": "22.42",
            "revenue": 233413
        },
        "2020-08": {
            "month": "2020-08",
            "price": "23.49",
            "revenue": 236417
        },
        "2020-09": {
            "month": "2020-09",
            "price": "21.92",
            "revenue": 255641
        },
        "2020-10": {
            "month": "2020-10",
            "price": "21.14",
            "revenue": 227955
        },
        "2020-11": {
            "month": "2020-11",
            "price": "21.38",
            "revenue": 239806
        },
        "2020-12": {
            "month": "2020-12",
            "price": "23.23",
            "revenue": 238960
        },
        "2021-01": {
            "month": "2021-01",
            "price": "23.79",
            "revenue": 264217
        },
        "2021-02": {
            "month": "2021-02",
            "price": "23.27",
            "revenue": 203670
        },
        "2021-03": {
            "month": "2021-03",
            "price": "24.37",
            "revenue": 261715
        },
        "2021-04": {
            "month": "2021-04",
            "price": "28.02",
            "revenue": 273894
        },
        "2021-05": {
            "month": "2021-05",
            "price": "27.16",
            "revenue": 275095
        },
        "2021-06": {
            "month": "2021-06",
            "price": "31.26",
            "revenue": 275866
        },
        "2021-07": {
            "month": "2021-07",
            "price": "36.63",
            "revenue": 298938
        },
        "2021-08": {
            "month": "2021-08",
            "price": "35.78",
            "revenue": 309109
        },
        "2021-09": {
            "month": "2021-09",
            "price": "32.18",
            "revenue": 282653
        },
        "2021-10": {
            "month": "2021-10",
            "price": "31.70",
            "revenue": 293285
        },
        "2021-11": {
            "month": "2021-11",
            "price": "38.11",
            "revenue": 251488
        },
        "2021-12": {
            "month": "2021-12",
            "price": "39.64",
            "revenue": 236912
        },
        "2022-01": {
            "month": "2022-01",
            "price": "35.89",
            "revenue": 280159
        },
        "2022-02": {
            "month": "2022-02",
            "price": "33.29",
            "revenue": 243775
        },
        "2022-03": {
            "month": "2022-03",
            "price": "33.24",
            "revenue": 302388
        },
        "2022-04": {
            "month": "2022-04",
            "price": "35.06",
            "revenue": 320263
        },
        "2022-05": {
            "month": "2022-05",
            "price": "36.67",
            "revenue": 310915
        },
        "2022-06": {
            "month": "2022-06",
            "price": "37.10",
            "revenue": 287804
        },
        "2022-07": {
            "month": "2022-07",
            "price": "35.40",
            "revenue": 312326
        },
        "2022-08": {
            "month": "2022-08",
            "price": "40.28",
            "revenue": 266354
        },
        "2022-09": {
            "month": "2022-09",
            "price": "35.80",
            "revenue": 266983
        },
        "2022-10": {
            "month": "2022-10",
            "price": "30.84",
            "revenue": 239150
        },
        "2022-11": {
            "month": "2022-11",
            "price": "34.35",
            "revenue": 227135
        },
        "2022-12": {
            "month": "2022-12",
            "price": "35.47",
            "revenue": 207369
        },
        "2023-01": {
            "month": "2023-01",
            "price": "34.08",
            "revenue": 226127
        },
        "2023-02": {
            "month": "2023-02",
            "price": "37.62",
            "revenue": 163967
        },
        "2023-03": {
            "month": "2023-03",
            "price": "37.77",
            "revenue": 226308
        },
        "2023-04": {
            "month": "2023-04",
            "price": "37.42",
            "revenue": 192840
        }
    }
}
