{
    "summary": {
        "stock_name": "兆赫",
        "stock_id": "2485",
        "category": "通信網路",
        "main_business": "數位有線視訊傳輸系統<br>數位衛星通訊傳輸系統<br>數位視訊轉換器產品",
        "website_url": "http://www.zinwell.com.tw",
        "ceo": "林慶輝",
        "pe_ratio": 100,
        "report_year_from": 2001,
        "report_year_to": 2023,
        "age": 22,
        "eps_negative_percentage": 22,
        "eps_growth_avg": {
            "last_all": 4.31,
            "last_2y": null,
            "last_4y": 0,
            "last_8y": -18.89,
            "last_12y": -12.7,
            "last_16y": 0.61,
            "last_20y": 4.31,
            "at_2006_last_3y": 47.57,
            "at_2007_last_3y": 47.57,
            "at_2008_last_3y": 52.56,
            "at_2009_last_3y": 33.91,
            "at_2010_last_3y": 6.66,
            "at_2011_last_3y": -21.52,
            "at_2012_last_3y": -23.92,
            "at_2013_last_3y": -3.42,
            "at_2014_last_3y": -6.52,
            "at_2015_last_3y": 6.47,
            "at_2016_last_3y": 7.9,
            "at_2017_last_3y": -28.34,
            "at_2018_last_3y": 2.01,
            "at_2019_last_3y": -32.81,
            "at_2020_last_3y": -31.34,
            "at_2021_last_3y": 0,
            "at_2022_last_3y": -100,
            "at_2023_last_3y": -100,
            "at_2006_last_all": 33.79,
            "at_2007_last_all": 44.82,
            "at_2008_last_all": 33.67,
            "at_2009_last_all": 25.57,
            "at_2010_last_all": 21.73,
            "at_2011_last_all": 18.29,
            "at_2012_last_all": 12.72,
            "at_2013_last_all": 15.91,
            "at_2014_last_all": 13.04,
            "at_2015_last_all": 14.91,
            "at_2016_last_all": 11.44,
            "at_2017_last_all": 4.85,
            "at_2018_last_all": 10.44,
            "at_2019_last_all": 4.31,
            "at_2020_last_all": 4.31,
            "at_2021_last_all": 4.31,
            "at_2022_last_all": 4.31,
            "at_2023_last_all": 4.31
        },
        "latest_eps": 0.08,
        "latest_price": 20.65,
        "latest_roe": -1.18,
        "latest_gross_margin": 4.71,
        "latest_equity": 6403384,
        "latest_revenue": 1503015,
        "latest_gross_profit": 70856,
        "latest_net_income": -97936,
        "latest_debt_ratio": 25.33,
        "latest_current_ratio": 248.42,
        "latest_account_receivable_turnover_ratio": 0.86,
        "latest_inventory_turnover_ratio": 0.56,
        "latest_reinvestment_rate": null,
        "latest_research_to_sale_ratio": 8.38
    },
    "eps_dividends": {
        "1999": {
            "cash": 0,
            "stock": 3,
            "eps": 0
        },
        "2000": {
            "cash": 0.5,
            "stock": 3,
            "eps": 0
        },
        "2001": {
            "cash": 0.51,
            "stock": 1.99,
            "eps": 1.36
        },
        "2002": {
            "cash": 0.2,
            "stock": 1.5,
            "eps": 1.07
        },
        "2003": {
            "cash": 0.4,
            "stock": 0.6,
            "eps": 2.31
        },
        "2004": {
            "cash": 0.54,
            "stock": 1.2,
            "eps": 1.08
        },
        "2005": {
            "cash": 0.2,
            "stock": 0.55,
            "eps": 1.55
        },
        "2006": {
            "cash": 0.6,
            "stock": 0.6,
            "eps": 3.3
        },
        "2007": {
            "cash": 1.5,
            "stock": 1,
            "eps": 7.72
        },
        "2008": {
            "cash": 2.71,
            "stock": 1.81,
            "eps": 5.15
        },
        "2009": {
            "cash": 3,
            "stock": 0,
            "eps": 3.55
        },
        "2010": {
            "cash": 2.5,
            "stock": 0,
            "eps": 3.23
        },
        "2011": {
            "cash": 4.5,
            "stock": 0,
            "eps": 2.82
        },
        "2012": {
            "cash": 0,
            "stock": 0,
            "eps": 1.61
        },
        "2013": {
            "cash": 1.3,
            "stock": 0,
            "eps": 2.43
        },
        "2014": {
            "cash": 1.6,
            "stock": 0,
            "eps": 1.91
        },
        "2015": {
            "cash": 1.5,
            "stock": 0,
            "eps": 2.66
        },
        "2016": {
            "cash": 2,
            "stock": 0,
            "eps": 1.67
        },
        "2017": {
            "cash": 1.4,
            "stock": 0,
            "eps": 0.1
        },
        "2018": {
            "cash": 0.4,
            "stock": 0,
            "eps": 0.93
        },
        "2019": {
            "cash": 0.5,
            "stock": 0,
            "eps": -0.37
        },
        "2020": {
            "cash": 0,
            "stock": 0,
            "eps": -0.47
        },
        "2021": {
            "cash": 0,
            "stock": 0,
            "eps": -1.12
        },
        "2022": {
            "cash": 0,
            "stock": 0,
            "eps": 0
        },
        "2023": {
            "cash": 0,
            "stock": 0,
            "eps": -0.19
        }
    },
    "dividends": {
        "1999-05-29": {
            "cash": 0,
            "stock": 3
        },
        "2000-07-11": {
            "cash": 0.5,
            "stock": 3
        },
        "2001-05-02": {
            "cash": 0.51,
            "stock": 1.99
        },
        "2002-06-14": {
            "cash": 0.2,
            "stock": 1.5
        },
        "2003-03-25": {
            "cash": 0.4,
            "stock": 0.6
        },
        "2004-03-30": {
            "cash": 0.54,
            "stock": 1.2
        },
        "2005-03-24": {
            "cash": 0.2,
            "stock": 0.55
        },
        "2006-03-24": {
            "cash": 0.6,
            "stock": 0.6
        },
        "2007-04-04": {
            "cash": 1.5,
            "stock": 1
        },
        "2008-03-24": {
            "cash": 2.71,
            "stock": 1.81
        },
        "2009-03-31": {
            "cash": 3,
            "stock": 0
        },
        "2010-03-26": {
            "cash": 2.5,
            "stock": 0
        },
        "2011-01-01": {
            "cash": 2,
            "stock": 0
        },
        "2011-03-18": {
            "cash": 2.5,
            "stock": 0
        },
        "2013-03-22": {
            "cash": 1.3,
            "stock": 0
        },
        "2014-08-15": {
            "cash": 1.6,
            "stock": 0
        },
        "2015-08-13": {
            "cash": 1.5,
            "stock": 0
        },
        "2016-08-26": {
            "cash": 2,
            "stock": 0
        },
        "2017-08-22": {
            "cash": 1.4,
            "stock": 0
        },
        "2018-08-28": {
            "cash": 0.4,
            "stock": 0
        },
        "2019-08-28": {
            "cash": 0.5,
            "stock": 0
        }
    },
    "prices": {
        "200101": "無",
        "200102": "無",
        "200103": "無",
        "200104": "無",
        "200105": "無",
        "200106": "無",
        "200107": "無",
        "200108": "無",
        "200109": "21.04",
        "200110": "21.81",
        "200111": "27.11",
        "200112": "43.27",
        "200201": "54.28",
        "200202": "53.02",
        "200203": "51.88",
        "200204": "51.20",
        "200205": "37.12",
        "200206": "30.80",
        "200207": "26.74",
        "200208": "24.55",
        "200209": "24.94",
        "200210": "28.90",
        "200211": "32.07",
        "200212": "28.31",
        "200301": "32.83",
        "200302": "33.42",
        "200303": "32.30",
        "200304": "31.23",
        "200305": "28.42",
        "200306": "34.30",
        "200307": "41.40",
        "200308": "42.02",
        "200309": "39.02",
        "200310": "40.19",
        "200311": "41.60",
        "200312": "44.51",
        "200401": "43.05",
        "200402": "40.76",
        "200403": "38.40",
        "200404": "34.97",
        "200405": "27.34",
        "200406": "31.04",
        "200407": "30.44",
        "200408": "27.92",
        "200409": "27.76",
        "200410": "24.42",
        "200411": "22.69",
        "200412": "24.29",
        "200501": "22.65",
        "200502": "27.62",
        "200503": "32.87",
        "200504": "31.10",
        "200505": "31.16",
        "200506": "34.14",
        "200507": "35.13",
        "200508": "29.29",
        "200509": "24.29",
        "200510": "23.42",
        "200511": "22.94",
        "200512": "27.39",
        "200601": "28.88",
        "200602": "29.97",
        "200603": "39.36",
        "200604": "48.72",
        "200605": "43.35",
        "200606": "32.52",
        "200607": "32.30",
        "200608": "34.49",
        "200609": "35.72",
        "200610": "37.39",
        "200611": "42.28",
        "200612": "43.10",
        "200701": "48.92",
        "200702": "49.70",
        "200703": "54.22",
        "200704": "62.94",
        "200705": "71.24",
        "200706": "84.80",
        "200707": "115.05",
        "200708": "122.65",
        "200709": "151.22",
        "200710": "150.77",
        "200711": "126.02",
        "200712": "108.76",
        "200801": "100.27",
        "200802": "88.70",
        "200803": "85.61",
        "200804": "90.93",
        "200805": "113.67",
        "200806": "96.74",
        "200807": "84.23",
        "200808": "65.38",
        "200809": "48.44",
        "200810": "36.39",
        "200811": "28.35",
        "200812": "31.75",
        "200901": "35.95",
        "200902": "37.84",
        "200903": "41.17",
        "200904": "53.06",
        "200905": "67.58",
        "200906": "58.13",
        "200907": "61.32",
        "200908": "58.86",
        "200909": "64.79",
        "200910": "62.59",
        "200911": "61.47",
        "200912": "60.17",
        "201001": "62.54",
        "201002": "64.44",
        "201003": "61.59",
        "201004": "56.10",
        "201005": "50.06",
        "201006": "49.51",
        "201007": "55.16",
        "201008": "55.39",
        "201009": "52.48",
        "201010": "51.08",
        "201011": "49.80",
        "201012": "57.01",
        "201101": "57.02",
        "201102": "51.38",
        "201103": "53.69",
        "201104": "52.58",
        "201105": "44.29",
        "201106": "44.13",
        "201107": "41.83",
        "201108": "35.53",
        "201109": "31.56",
        "201110": "33.08",
        "201111": "35.78",
        "201112": "33.24",
        "201201": "33.26",
        "201202": "38.72",
        "201203": "37.70",
        "201204": "32.98",
        "201205": "31.38",
        "201206": "30.70",
        "201207": "30.45",
        "201208": "29.15",
        "201209": "29.74",
        "201210": "27.17",
        "201211": "23.49",
        "201212": "24.62",
        "201301": "24.77",
        "201302": "25.41",
        "201303": "25.05",
        "201304": "24.38",
        "201305": "26.00",
        "201306": "25.49",
        "201307": "25.20",
        "201308": "26.21",
        "201309": "32.58",
        "201310": "32.06",
        "201311": "32.17",
        "201312": "33.71",
        "201401": "38.53",
        "201402": "38.47",
        "201403": "37.46",
        "201404": "33.44",
        "201405": "31.80",
        "201406": "32.97",
        "201407": "31.67",
        "201408": "27.78",
        "201409": "28.38",
        "201410": "28.19",
        "201411": "29.68",
        "201412": "32.21",
        "201501": "33.06",
        "201502": "31.63",
        "201503": "32.72",
        "201504": "30.92",
        "201505": "29.64",
        "201506": "33.48",
        "201507": "35.60",
        "201508": "32.51",
        "201509": "33.52",
        "201510": "37.44",
        "201511": "43.29",
        "201512": "48.67",
        "201601": "55.10",
        "201602": "58.31",
        "201603": "62.06",
        "201604": "53.48",
        "201605": "43.15",
        "201606": "41.20",
        "201607": "39.51",
        "201608": "36.16",
        "201609": "34.64",
        "201610": "35.68",
        "201611": "31.73",
        "201612": "32.69",
        "201701": "32.59",
        "201702": "32.91",
        "201703": "33.13",
        "201704": "33.11",
        "201705": "30.43",
        "201706": "30.61",
        "201707": "31.20",
        "201708": "28.88",
        "201709": "28.30",
        "201710": "28.76",
        "201711": "29.93",
        "201712": "31.30",
        "201801": "29.69",
        "201802": "26.74",
        "201803": "26.46",
        "201804": "26.00",
        "201805": "25.72",
        "201806": "26.14",
        "201807": "24.62",
        "201808": "23.22",
        "201809": "20.64",
        "201810": "17.66",
        "201811": "17.00",
        "201812": "19.87",
        "201901": "20.12",
        "201902": "20.53",
        "201903": "20.94",
        "201904": "22.88",
        "201905": "21.10",
        "201906": "20.45",
        "201907": "22.01",
        "201908": "23.05",
        "201909": "23.46",
        "201910": "23.47",
        "201911": "20.78",
        "201912": "20.53",
        "202001": "19.96",
        "202002": "17.86",
        "202003": "14.35",
        "202004": "14.98",
        "202005": "16.25",
        "202006": "17.79",
        "202007": "19.10",
        "202008": "18.60",
        "202009": "18.67",
        "202010": "18.31",
        "202011": "18.47",
        "202012": "19.47",
        "202101": "18.42",
        "202102": "18.03",
        "202103": "18.33",
        "202104": "20.65",
        "202105": "20.10",
        "202106": "20.51",
        "202107": "21.78",
        "202108": "18.84",
        "202109": "17.77",
        "202110": "18.38",
        "202111": "21.36",
        "202112": "21.72",
        "202201": "20.07",
        "202202": "19.04",
        "202203": "18.39",
        "202204": "17.83",
        "202205": "16.57",
        "202206": "16.79",
        "202207": "16.35",
        "202208": "17.62",
        "202209": "18.17",
        "202210": "17.11",
        "202211": "17.39",
        "202212": "17.86",
        "202301": "17.21",
        "202302": "17.97",
        "202303": "18.78",
        "202304": "19.89",
        "202305": "18.86",
        "202306": "19.64"
    },
    "quarters": {
        "20011": {
            "year_quarter": 20011,
            "year": 2001,
            "quarter": 1,
            "eps": 0.59,
            "eps_growth_year": -39.8,
            "eps_4q": 3.63,
            "eps_4q_growth_year": -22.77,
            "roe": 3.32,
            "roe_4q": 3.32,
            "gross_profit": 149096,
            "gross_margin": 24.17,
            "gross_margin_4q_avg": 24.17,
            "net_income": 57615,
            "revenue": 616824,
            "common_shares": 977548,
            "book_valuer_per_share": 18.02,
            "book_valuer_per_share_4q_avg": 18.02,
            "equity": 1761997,
            "current_ratio": 159.16,
            "debt_ratio": 31.05,
            "inventory_turnover_ratio": 1.01,
            "account_receivable_turnover_ratio": null,
            "reinvestment_rate": null,
            "research_to_sale_ratio": null,
            "price_fair": 0,
            "eps_avg_yearly": 0,
            "eps_latest_yearly": 0,
            "eps_growth_yearly": 0
        },
        "20012": {
            "year_quarter": 20012,
            "year": 2001,
            "quarter": 2,
            "eps": 0.19,
            "eps_growth_year": -80.61,
            "eps_4q": 2.31,
            "eps_4q_growth_year": -34.82,
            "roe": 1.33,
            "roe_4q": 4.65,
            "gross_profit": 100126,
            "gross_margin": 20.56,
            "gross_margin_4q_avg": 22.37,
            "net_income": 23164,
            "revenue": 486955,
            "common_shares": 977548,
            "book_valuer_per_share": 17.67,
            "book_valuer_per_share_4q_avg": 17.85,
            "equity": 1727495,
            "current_ratio": 126.17,
            "debt_ratio": 32.88,
            "inventory_turnover_ratio": 0.96,
            "account_receivable_turnover_ratio": null,
            "reinvestment_rate": null,
            "research_to_sale_ratio": null,
            "price_fair": 0,
            "eps_avg_yearly": 0,
            "eps_latest_yearly": 0,
            "eps_growth_yearly": 0
        },
        "20013": {
            "year_quarter": 20013,
            "year": 2001,
            "quarter": 3,
            "eps": 0.23,
            "eps_growth_year": -75.27,
            "eps_4q": 1.76,
            "eps_4q_growth_year": -48.53,
            "roe": 1.46,
            "roe_4q": 6.109999999999999,
            "gross_profit": 87397,
            "gross_margin": 21.66,
            "gross_margin_4q_avg": 22.13,
            "net_income": 28626,
            "revenue": 403573,
            "common_shares": 1356582,
            "book_valuer_per_share": 16.26,
            "book_valuer_per_share_4q_avg": 17.32,
            "equity": 2206342,
            "current_ratio": 267.14,
            "debt_ratio": 16.77,
            "inventory_turnover_ratio": 0.96,
            "account_receivable_turnover_ratio": null,
            "reinvestment_rate": null,
            "research_to_sale_ratio": null,
            "price_fair": 0,
            "eps_avg_yearly": 0,
            "eps_latest_yearly": 0,
            "eps_growth_yearly": 0
        },
        "20014": {
            "year_quarter": 20014,
            "year": 2001,
            "quarter": 4,
            "eps": 0.35,
            "eps_growth_year": -68.75,
            "eps_4q": 1.21,
            "eps_4q_growth_year": -67.73,
            "roe": 1.99,
            "roe_4q": 8.1,
            "gross_profit": 127243,
            "gross_margin": 22.83,
            "gross_margin_4q_avg": 22.31,
            "net_income": 44383,
            "revenue": 557366,
            "common_shares": 1356582,
            "book_valuer_per_share": 16.62,
            "book_valuer_per_share_4q_avg": 17.14,
            "equity": 2254253,
            "current_ratio": 307.74,
            "debt_ratio": 14.87,
            "inventory_turnover_ratio": 1.49,
            "account_receivable_turnover_ratio": null,
            "reinvestment_rate": null,
            "research_to_sale_ratio": null,
            "price_fair": 0,
            "eps_avg_yearly": 0,
            "eps_latest_yearly": 0,
            "eps_growth_yearly": 0
        },
        "20021": {
            "year_quarter": 20021,
            "year": 2002,
            "quarter": 1,
            "eps": 0.4,
            "eps_growth_year": -32.2,
            "eps_4q": 1.1,
            "eps_4q_growth_year": -69.68,
            "roe": 2.4,
            "roe_4q": 7.18,
            "gross_profit": 140135,
            "gross_margin": 24.77,
            "gross_margin_4q_avg": 22.46,
            "net_income": 54862,
            "revenue": 565747,
            "common_shares": 1356582,
            "book_valuer_per_share": 17.02,
            "book_valuer_per_share_4q_avg": 16.89,
            "equity": 2309115,
            "current_ratio": 312.21,
            "debt_ratio": 15.52,
            "inventory_turnover_ratio": 1.52,
            "account_receivable_turnover_ratio": null,
            "reinvestment_rate": null,
            "research_to_sale_ratio": null,
            "price_fair": 56,
            "eps_avg_yearly": 1.6,
            "eps_latest_yearly": 1.6,
            "eps_growth_yearly": 57.14
        },
        "20022": {
            "year_quarter": 20022,
            "year": 2002,
            "quarter": 2,
            "eps": 0.13,
            "eps_growth_year": -31.58,
            "eps_4q": 0.94,
            "eps_4q_growth_year": -59.55,
            "roe": 0.9,
            "roe_4q": 6.75,
            "gross_profit": 95929,
            "gross_margin": 19.82,
            "gross_margin_4q_avg": 22.27,
            "net_income": 20627,
            "revenue": 483912,
            "common_shares": 1356582,
            "book_valuer_per_share": 16.92,
            "book_valuer_per_share_4q_avg": 16.71,
            "equity": 2294724,
            "current_ratio": 334.68,
            "debt_ratio": 14.19,
            "inventory_turnover_ratio": 1.48,
            "account_receivable_turnover_ratio": null,
            "reinvestment_rate": null,
            "research_to_sale_ratio": null,
            "price_fair": 3.18,
            "eps_avg_yearly": 1.06,
            "eps_latest_yearly": 0.52,
            "eps_growth_yearly": -106.43
        },
        "20023": {
            "year_quarter": 20023,
            "year": 2002,
            "quarter": 3,
            "eps": 0.27,
            "eps_growth_year": 17.39,
            "eps_4q": 1.03,
            "eps_4q_growth_year": -41.65,
            "roe": 1.84,
            "roe_4q": 7.130000000000001,
            "gross_profit": 133339,
            "gross_margin": 25.91,
            "gross_margin_4q_avg": 23.33,
            "net_income": 42692,
            "revenue": 514703,
            "common_shares": 1586577,
            "book_valuer_per_share": 14.73,
            "book_valuer_per_share_4q_avg": 16.32,
            "equity": 2337284,
            "current_ratio": 331.79,
            "debt_ratio": 15.29,
            "inventory_turnover_ratio": 1.55,
            "account_receivable_turnover_ratio": null,
            "reinvestment_rate": null,
            "research_to_sale_ratio": null,
            "price_fair": 37.33,
            "eps_avg_yearly": 1.07,
            "eps_latest_yearly": 1.08,
            "eps_growth_yearly": 72.64
        },
        "20024": {
            "year_quarter": 20024,
            "year": 2002,
            "quarter": 4,
            "eps": 0.27,
            "eps_growth_year": -22.86,
            "eps_4q": 1,
            "eps_4q_growth_year": -17.25,
            "roe": 1.84,
            "roe_4q": 6.98,
            "gross_profit": 198015,
            "gross_margin": 28.5,
            "gross_margin_4q_avg": 24.75,
            "net_income": 43499,
            "revenue": 694875,
            "common_shares": 1586577,
            "book_valuer_per_share": 15.01,
            "book_valuer_per_share_4q_avg": 15.92,
            "equity": 2380782,
            "current_ratio": 261.17,
            "debt_ratio": 20.54,
            "inventory_turnover_ratio": 1.66,
            "account_receivable_turnover_ratio": null,
            "reinvestment_rate": 56.52,
            "research_to_sale_ratio": null,
            "price_fair": 37.45,
            "eps_avg_yearly": 1.07,
            "eps_latest_yearly": 1.08,
            "eps_growth_yearly": 54.48
        },
        "20031": {
            "year_quarter": 20031,
            "year": 2003,
            "quarter": 1,
            "eps": 0.85,
            "eps_growth_year": 112.5,
            "eps_4q": 1.53,
            "eps_4q_growth_year": 38.54,
            "roe": 5.49,
            "roe_4q": 10.07,
            "gross_profit": 269401,
            "gross_margin": 30.84,
            "gross_margin_4q_avg": 26.27,
            "net_income": 134385,
            "revenue": 873443,
            "common_shares": 1586577,
            "book_valuer_per_share": 15.85,
            "book_valuer_per_share_4q_avg": 15.63,
            "equity": 2515167,
            "current_ratio": 306.7,
            "debt_ratio": 18.65,
            "inventory_turnover_ratio": 1.92,
            "account_receivable_turnover_ratio": null,
            "reinvestment_rate": 33.99,
            "research_to_sale_ratio": null,
            "price_fair": 53.76,
            "eps_avg_yearly": 1.54,
            "eps_latest_yearly": 3.4,
            "eps_growth_yearly": 215.43
        },
        "20032": {
            "year_quarter": 20032,
            "year": 2003,
            "quarter": 2,
            "eps": 0.18,
            "eps_growth_year": 38.46,
            "eps_4q": 1.5,
            "eps_4q_growth_year": 60.12,
            "roe": 1.21,
            "roe_4q": 10.38,
            "gross_profit": 130791,
            "gross_margin": 23.5,
            "gross_margin_4q_avg": 27.19,
            "net_income": 30111,
            "revenue": 556609,
            "common_shares": 1586577,
            "book_valuer_per_share": 15.61,
            "book_valuer_per_share_4q_avg": 15.3,
            "equity": 2476344,
            "current_ratio": 325.3,
            "debt_ratio": 17.46,
            "inventory_turnover_ratio": 1.49,
            "account_receivable_turnover_ratio": null,
            "reinvestment_rate": 32.81,
            "research_to_sale_ratio": null,
            "price_fair": 49,
            "eps_avg_yearly": 1.4,
            "eps_latest_yearly": 0.72,
            "eps_growth_yearly": 126.98
        },
        "20033": {
            "year_quarter": 20033,
            "year": 2003,
            "quarter": 3,
            "eps": 0.28,
            "eps_growth_year": 3.7,
            "eps_4q": 1.49,
            "eps_4q_growth_year": 44.69,
            "roe": 1.93,
            "roe_4q": 10.469999999999999,
            "gross_profit": 155862,
            "gross_margin": 22.7,
            "gross_margin_4q_avg": 26.39,
            "net_income": 48229,
            "revenue": 686600,
            "common_shares": 1700008,
            "book_valuer_per_share": 14.85,
            "book_valuer_per_share_4q_avg": 15.33,
            "equity": 2524573,
            "current_ratio": 294.92,
            "debt_ratio": 18.87,
            "inventory_turnover_ratio": 1.76,
            "account_receivable_turnover_ratio": null,
            "reinvestment_rate": 26.54,
            "research_to_sale_ratio": null,
            "price_fair": 47.6,
            "eps_avg_yearly": 1.36,
            "eps_latest_yearly": 1.12,
            "eps_growth_yearly": 140.59
        },
        "20034": {
            "year_quarter": 20034,
            "year": 2003,
            "quarter": 4,
            "eps": 1,
            "eps_growth_year": 270.37,
            "eps_4q": 2.25,
            "eps_4q_growth_year": 123.75,
            "roe": 6.48,
            "roe_4q": 15.110000000000001,
            "gross_profit": 282341,
            "gross_margin": 24.65,
            "gross_margin_4q_avg": 25.42,
            "net_income": 170799,
            "revenue": 1145358,
            "common_shares": 1726348,
            "book_valuer_per_share": 15.9,
            "book_valuer_per_share_4q_avg": 15.55,
            "equity": 2745437,
            "current_ratio": 257.32,
            "debt_ratio": 23.16,
            "inventory_turnover_ratio": 2.6,
            "account_receivable_turnover_ratio": null,
            "reinvestment_rate": 8,
            "research_to_sale_ratio": null,
            "price_fair": 59.15,
            "eps_avg_yearly": 1.69,
            "eps_latest_yearly": 4,
            "eps_growth_yearly": 251.58
        },
        "20041": {
            "year_quarter": 20041,
            "year": 2004,
            "quarter": 1,
            "eps": 0.34,
            "eps_growth_year": -60,
            "eps_4q": 1.8,
            "eps_4q_growth_year": 17.85,
            "roe": 2.09,
            "roe_4q": 11.71,
            "gross_profit": 160763,
            "gross_margin": 21.84,
            "gross_margin_4q_avg": 23.17,
            "net_income": 58101,
            "revenue": 735986,
            "common_shares": 1728048,
            "book_valuer_per_share": 16.22,
            "book_valuer_per_share_4q_avg": 15.65,
            "equity": 2803754,
            "current_ratio": 308.78,
            "debt_ratio": 18.87,
            "inventory_turnover_ratio": 1.63,
            "account_receivable_turnover_ratio": null,
            "reinvestment_rate": 3.13,
            "research_to_sale_ratio": null,
            "price_fair": 57.87,
            "eps_avg_yearly": 1.65,
            "eps_latest_yearly": 1.36,
            "eps_growth_yearly": 194.3
        },
        "20042": {
            "year_quarter": 20042,
            "year": 2004,
            "quarter": 2,
            "eps": 0.24,
            "eps_growth_year": 33.33,
            "eps_4q": 1.84,
            "eps_4q_growth_year": 22.94,
            "roe": 1.49,
            "roe_4q": 11.99,
            "gross_profit": 156718,
            "gross_margin": 22.09,
            "gross_margin_4q_avg": 22.82,
            "net_income": 41508,
            "revenue": 709559,
            "common_shares": 1730598,
            "book_valuer_per_share": 15.97,
            "book_valuer_per_share_4q_avg": 15.74,
            "equity": 2764490,
            "current_ratio": 307.2,
            "debt_ratio": 18.99,
            "inventory_turnover_ratio": 1.58,
            "account_receivable_turnover_ratio": null,
            "reinvestment_rate": -1.82,
            "research_to_sale_ratio": null,
            "price_fair": 55.44,
            "eps_avg_yearly": 1.58,
            "eps_latest_yearly": 0.96,
            "eps_growth_yearly": 163.1
        },
        "20043": {
            "year_quarter": 20043,
            "year": 2004,
            "quarter": 3,
            "eps": 0.25,
            "eps_growth_year": -10.71,
            "eps_4q": 1.63,
            "eps_4q_growth_year": 9.87,
            "roe": 1.75,
            "roe_4q": 11.81,
            "gross_profit": 165069,
            "gross_margin": 19.49,
            "gross_margin_4q_avg": 22.02,
            "net_income": 48832,
            "revenue": 846875,
            "common_shares": 1975237,
            "book_valuer_per_share": 14.28,
            "book_valuer_per_share_4q_avg": 15.59,
            "equity": 2820153,
            "current_ratio": 299.43,
            "debt_ratio": 19.74,
            "inventory_turnover_ratio": 1.84,
            "account_receivable_turnover_ratio": null,
            "reinvestment_rate": -10.27,
            "research_to_sale_ratio": null,
            "price_fair": 53.58,
            "eps_avg_yearly": 1.53,
            "eps_latest_yearly": 1,
            "eps_growth_yearly": 149.79
        },
        "20044": {
            "year_quarter": 20044,
            "year": 2004,
            "quarter": 4,
            "eps": 0.25,
            "eps_growth_year": -75,
            "eps_4q": 0.99,
            "eps_4q_growth_year": -55.83,
            "roe": 1.76,
            "roe_4q": 7.09,
            "gross_profit": 246713,
            "gross_margin": 23.49,
            "gross_margin_4q_avg": 21.73,
            "net_income": 50021,
            "revenue": 1050120,
            "common_shares": 1978077,
            "book_valuer_per_share": 14.49,
            "book_valuer_per_share_4q_avg": 15.24,
            "equity": 2865757,
            "current_ratio": 264.96,
            "debt_ratio": 23.8,
            "inventory_turnover_ratio": 1.82,
            "account_receivable_turnover_ratio": null,
            "reinvestment_rate": -24.08,
            "research_to_sale_ratio": null,
            "price_fair": 52.03,
            "eps_avg_yearly": 1.49,
            "eps_latest_yearly": 1,
            "eps_growth_yearly": 137.31
        },
        "20051": {
            "year_quarter": 20051,
            "year": 2005,
            "quarter": 1,
            "eps": 0.44,
            "eps_growth_year": 29.41,
            "eps_4q": 1.15,
            "eps_4q_growth_year": -35.87,
            "roe": 2.97,
            "roe_4q": 7.970000000000001,
            "gross_profit": 229608,
            "gross_margin": 22.26,
            "gross_margin_4q_avg": 21.83,
            "net_income": 86618,
            "revenue": 1031636,
            "common_shares": 1984257,
            "book_valuer_per_share": 14.92,
            "book_valuer_per_share_4q_avg": 14.92,
            "equity": 2961365,
            "current_ratio": 274.39,
            "debt_ratio": 23.23,
            "inventory_turnover_ratio": 1.58,
            "account_receivable_turnover_ratio": null,
            "reinvestment_rate": -26.67,
            "research_to_sale_ratio": null,
            "price_fair": 52.77,
            "eps_avg_yearly": 1.51,
            "eps_latest_yearly": 1.76,
            "eps_growth_yearly": 150.13
        },
        "20052": {
            "year_quarter": 20052,
            "year": 2005,
            "quarter": 2,
            "eps": 0.06,
            "eps_growth_year": -75,
            "eps_4q": 0.98,
            "eps_4q_growth_year": -46.8,
            "roe": 0.41,
            "roe_4q": 6.890000000000001,
            "gross_profit": 159779,
            "gross_margin": 20.49,
            "gross_margin_4q_avg": 21.43,
            "net_income": 12094,
            "revenue": 779797,
            "common_shares": 1986777,
            "book_valuer_per_share": 14.78,
            "book_valuer_per_share_4q_avg": 14.62,
            "equity": 2937155,
            "current_ratio": 333.19,
            "debt_ratio": 19.05,
            "inventory_turnover_ratio": 1.24,
            "account_receivable_turnover_ratio": null,
            "reinvestment_rate": -22.45,
            "research_to_sale_ratio": null,
            "price_fair": 49.6,
            "eps_avg_yearly": 1.42,
            "eps_latest_yearly": 0.24,
            "eps_growth_yearly": 114.73
        },
        "20053": {
            "year_quarter": 20053,
            "year": 2005,
            "quarter": 3,
            "eps": 0.45,
            "eps_growth_year": 80,
            "eps_4q": 1.15,
            "eps_4q_growth_year": -29.71,
            "roe": 3.2,
            "roe_4q": 8.34,
            "gross_profit": 185713,
            "gross_margin": 23.47,
            "gross_margin_4q_avg": 22.43,
            "net_income": 95773,
            "revenue": 791217,
            "common_shares": 2115326,
            "book_valuer_per_share": 14.42,
            "book_valuer_per_share_4q_avg": 14.65,
            "equity": 3050131,
            "current_ratio": 359.16,
            "debt_ratio": 18.24,
            "inventory_turnover_ratio": 1.24,
            "account_receivable_turnover_ratio": null,
            "reinvestment_rate": -20.78,
            "research_to_sale_ratio": null,
            "price_fair": 50.49,
            "eps_avg_yearly": 1.44,
            "eps_latest_yearly": 1.8,
            "eps_growth_yearly": 280.42
        },
        "20054": {
            "year_quarter": 20054,
            "year": 2005,
            "quarter": 4,
            "eps": 0.6,
            "eps_growth_year": 140,
            "eps_4q": 1.51,
            "eps_4q_growth_year": 52.64,
            "roe": 4.09,
            "roe_4q": 10.67,
            "gross_profit": 308632,
            "gross_margin": 26.94,
            "gross_margin_4q_avg": 23.29,
            "net_income": 127674,
            "revenue": 1145535,
            "common_shares": 2125306,
            "book_valuer_per_share": 15.02,
            "book_valuer_per_share_4q_avg": 14.79,
            "equity": 3199094,
            "current_ratio": 233.06,
            "debt_ratio": 27.59,
            "inventory_turnover_ratio": 1.47,
            "account_receivable_turnover_ratio": null,
            "reinvestment_rate": -10.05,
            "research_to_sale_ratio": null,
            "price_fair": 52.59,
            "eps_avg_yearly": 1.5,
            "eps_latest_yearly": 2.4,
            "eps_growth_yearly": 271.22
        },
        "20061": {
            "year_quarter": 20061,
            "year": 2006,
            "quarter": 1,
            "eps": 0.77,
            "eps_growth_year": 75,
            "eps_4q": 1.87,
            "eps_4q_growth_year": 62.38,
            "roe": 5.01,
            "roe_4q": 12.71,
            "gross_profit": 353618,
            "gross_margin": 26.35,
            "gross_margin_4q_avg": 24.31,
            "net_income": 164544,
            "revenue": 1341794,
            "common_shares": 2138876,
            "book_valuer_per_share": 15.78,
            "book_valuer_per_share_4q_avg": 15,
            "equity": 3374136,
            "current_ratio": 262.6,
            "debt_ratio": 27.07,
            "inventory_turnover_ratio": 1.55,
            "account_receivable_turnover_ratio": null,
            "reinvestment_rate": -26.32,
            "research_to_sale_ratio": null,
            "price_fair": 55.83,
            "eps_avg_yearly": 1.6,
            "eps_latest_yearly": 3.08,
            "eps_growth_yearly": 274.73
        },
        "20062": {
            "year_quarter": 20062,
            "year": 2006,
            "quarter": 2,
            "eps": 0.77,
            "eps_growth_year": 1183.33,
            "eps_4q": 2.47,
            "eps_4q_growth_year": 151.96,
            "roe": 5.17,
            "roe_4q": 17.47,
            "gross_profit": 289412,
            "gross_margin": 23.48,
            "gross_margin_4q_avg": 25.06,
            "net_income": 175776,
            "revenue": 1232338,
            "common_shares": 2142116,
            "book_valuer_per_share": 15.98,
            "book_valuer_per_share_4q_avg": 15.3,
            "equity": 3422234,
            "current_ratio": 279.52,
            "debt_ratio": 24.04,
            "inventory_turnover_ratio": 1.95,
            "account_receivable_turnover_ratio": null,
            "reinvestment_rate": -18.8,
            "research_to_sale_ratio": null,
            "price_fair": 61.43,
            "eps_avg_yearly": 1.76,
            "eps_latest_yearly": 3.08,
            "eps_growth_yearly": 291.61
        },
        "20063": {
            "year_quarter": 20063,
            "year": 2006,
            "quarter": 3,
            "eps": 0.66,
            "eps_growth_year": 46.67,
            "eps_4q": 2.69,
            "eps_4q_growth_year": 134.44,
            "roe": 4.33,
            "roe_4q": 18.6,
            "gross_profit": 329662,
            "gross_margin": 26.26,
            "gross_margin_4q_avg": 25.76,
            "net_income": 151907,
            "revenue": 1255396,
            "common_shares": 2309275,
            "book_valuer_per_share": 15.58,
            "book_valuer_per_share_4q_avg": 15.59,
            "equity": 3597237,
            "current_ratio": 334.01,
            "debt_ratio": 20.67,
            "inventory_turnover_ratio": 2.7,
            "account_receivable_turnover_ratio": null,
            "reinvestment_rate": -16.03,
            "research_to_sale_ratio": null,
            "price_fair": 64.84,
            "eps_avg_yearly": 1.85,
            "eps_latest_yearly": 2.64,
            "eps_growth_yearly": 261.12
        },
        "20064": {
            "year_quarter": 20064,
            "year": 2006,
            "quarter": 4,
            "eps": 1.1,
            "eps_growth_year": 83.33,
            "eps_4q": 3.23,
            "eps_4q_growth_year": 113.29,
            "roe": 6.78,
            "roe_4q": 21.29,
            "gross_profit": 482793,
            "gross_margin": 25.34,
            "gross_margin_4q_avg": 25.36,
            "net_income": 254306,
            "revenue": 1905036,
            "common_shares": 2316225,
            "book_valuer_per_share": 16.67,
            "book_valuer_per_share_4q_avg": 16,
            "equity": 3906661,
            "current_ratio": 227.88,
            "debt_ratio": 31.16,
            "inventory_turnover_ratio": 2.59,
            "account_receivable_turnover_ratio": null,
            "reinvestment_rate": 11.84,
            "research_to_sale_ratio": null,
            "price_fair": 72.1,
            "eps_avg_yearly": 2.06,
            "eps_latest_yearly": 4.4,
            "eps_growth_yearly": 277.78
        },
        "20071": {
            "year_quarter": 20071,
            "year": 2007,
            "quarter": 1,
            "eps": 1.68,
            "eps_growth_year": 118.18,
            "eps_4q": 4.19,
            "eps_4q_growth_year": 123.81,
            "roe": 9.54,
            "roe_4q": 25.82,
            "gross_profit": 555800,
            "gross_margin": 26.86,
            "gross_margin_4q_avg": 25.49,
            "net_income": 389513,
            "revenue": 2069297,
            "common_shares": 2317105,
            "book_valuer_per_share": 18.39,
            "book_valuer_per_share_4q_avg": 16.66,
            "equity": 4261633,
            "current_ratio": 265,
            "debt_ratio": 29.69,
            "inventory_turnover_ratio": 2.75,
            "account_receivable_turnover_ratio": null,
            "reinvestment_rate": -12.87,
            "research_to_sale_ratio": null,
            "price_fair": 79.36,
            "eps_avg_yearly": 2.27,
            "eps_latest_yearly": 6.72,
            "eps_growth_yearly": 237.26
        },
        "20072": {
            "year_quarter": 20072,
            "year": 2007,
            "quarter": 2,
            "eps": 1.28,
            "eps_growth_year": 66.23,
            "eps_4q": 4.31,
            "eps_4q_growth_year": 74.59,
            "roe": 7.91,
            "roe_4q": 28.560000000000002,
            "gross_profit": 535888,
            "gross_margin": 29.41,
            "gross_margin_4q_avg": 26.97,
            "net_income": 335969,
            "revenue": 1822426,
            "common_shares": 2320195,
            "book_valuer_per_share": 18.26,
            "book_valuer_per_share_4q_avg": 17.23,
            "equity": 4237635,
            "current_ratio": 245.76,
            "debt_ratio": 30.57,
            "inventory_turnover_ratio": 3.62,
            "account_receivable_turnover_ratio": null,
            "reinvestment_rate": -10.21,
            "research_to_sale_ratio": null,
            "price_fair": 88.99,
            "eps_avg_yearly": 2.54,
            "eps_latest_yearly": 5.12,
            "eps_growth_yearly": 251.01
        },
        "20073": {
            "year_quarter": 20073,
            "year": 2007,
            "quarter": 3,
            "eps": 2.31,
            "eps_growth_year": 250,
            "eps_4q": 6.04,
            "eps_4q_growth_year": 124.13,
            "roe": 13.36,
            "roe_4q": 37.589999999999996,
            "gross_profit": 884381,
            "gross_margin": 28.69,
            "gross_margin_4q_avg": 27.58,
            "net_income": 607368,
            "revenue": 3082088,
            "common_shares": 2627083,
            "book_valuer_per_share": 18.47,
            "book_valuer_per_share_4q_avg": 17.95,
            "equity": 4853532,
            "current_ratio": 242.63,
            "debt_ratio": 32.12,
            "inventory_turnover_ratio": 5.7,
            "account_receivable_turnover_ratio": null,
            "reinvestment_rate": -6.61,
            "research_to_sale_ratio": null,
            "price_fair": 106.75,
            "eps_avg_yearly": 3.05,
            "eps_latest_yearly": 9.24,
            "eps_growth_yearly": 257.24
        },
        "20074": {
            "year_quarter": 20074,
            "year": 2007,
            "quarter": 4,
            "eps": 2.45,
            "eps_growth_year": 122.73,
            "eps_4q": 7.52,
            "eps_4q_growth_year": 132.92,
            "roe": 12.41,
            "roe_4q": 43.22,
            "gross_profit": 985414,
            "gross_margin": 31.22,
            "gross_margin_4q_avg": 29.05,
            "net_income": 643900,
            "revenue": 3155959,
            "common_shares": 2627083,
            "book_valuer_per_share": 20.96,
            "book_valuer_per_share_4q_avg": 19.02,
            "equity": 5522876,
            "current_ratio": 251.09,
            "debt_ratio": 31.38,
            "inventory_turnover_ratio": 3.21,
            "account_receivable_turnover_ratio": null,
            "reinvestment_rate": 12.76,
            "research_to_sale_ratio": null,
            "price_fair": 119.44,
            "eps_avg_yearly": 3.41,
            "eps_latest_yearly": 9.8,
            "eps_growth_yearly": 194.47
        },
        "20081": {
            "year_quarter": 20081,
            "year": 2008,
            "quarter": 1,
            "eps": 1.52,
            "eps_growth_year": -9.52,
            "eps_4q": 7.62,
            "eps_4q_growth_year": 81.97,
            "roe": 6.93,
            "roe_4q": 40.61,
            "gross_profit": 892431,
            "gross_margin": 33.07,
            "gross_margin_4q_avg": 30.6,
            "net_income": 396246,
            "revenue": 2698751,
            "common_shares": 2627083,
            "book_valuer_per_share": 22.46,
            "book_valuer_per_share_4q_avg": 20.04,
            "equity": 5911110,
            "current_ratio": 270.4,
            "debt_ratio": 29.42,
            "inventory_turnover_ratio": 1.94,
            "account_receivable_turnover_ratio": null,
            "reinvestment_rate": 13.31,
            "research_to_sale_ratio": null,
            "price_fair": 129.76,
            "eps_avg_yearly": 3.71,
            "eps_latest_yearly": 6.08,
            "eps_growth_yearly": 201.48
        },
        "20082": {
            "year_quarter": 20082,
            "year": 2008,
            "quarter": 2,
            "eps": 1.21,
            "eps_growth_year": -5.47,
            "eps_4q": 6.48,
            "eps_4q_growth_year": 50.4,
            "roe": 6.68,
            "roe_4q": 39.379999999999995,
            "gross_profit": 664470,
            "gross_margin": 28.43,
            "gross_margin_4q_avg": 30.35,
            "net_income": 380077,
            "revenue": 2336890,
            "common_shares": 2627083,
            "book_valuer_per_share": 20.8,
            "book_valuer_per_share_4q_avg": 20.67,
            "equity": 5469638,
            "current_ratio": 215.96,
            "debt_ratio": 36.76,
            "inventory_turnover_ratio": 1.59,
            "account_receivable_turnover_ratio": null,
            "reinvestment_rate": 12.43,
            "research_to_sale_ratio": null,
            "price_fair": 138.25,
            "eps_avg_yearly": 3.95,
            "eps_latest_yearly": 4.84,
            "eps_growth_yearly": 203.74
        },
        "20083": {
            "year_quarter": 20083,
            "year": 2008,
            "quarter": 3,
            "eps": 1.41,
            "eps_growth_year": -38.96,
            "eps_4q": 5.97,
            "eps_4q_growth_year": -1.12,
            "roe": 7.76,
            "roe_4q": 33.78,
            "gross_profit": 650124,
            "gross_margin": 28.37,
            "gross_margin_4q_avg": 30.27,
            "net_income": 443557,
            "revenue": 2291522,
            "common_shares": 3176890,
            "book_valuer_per_share": 18.75,
            "book_valuer_per_share_4q_avg": 20.74,
            "equity": 5957550,
            "current_ratio": 278.16,
            "debt_ratio": 27.99,
            "inventory_turnover_ratio": 1.42,
            "account_receivable_turnover_ratio": null,
            "reinvestment_rate": 13.73,
            "research_to_sale_ratio": null,
            "price_fair": 148.4,
            "eps_avg_yearly": 4.24,
            "eps_latest_yearly": 5.64,
            "eps_growth_yearly": 206.83
        },
        "20084": {
            "year_quarter": 20084,
            "year": 2008,
            "quarter": 4,
            "eps": 1.01,
            "eps_growth_year": -58.78,
            "eps_4q": 4.98,
            "eps_4q_growth_year": -33.78,
            "roe": 5.15,
            "roe_4q": 26.52,
            "gross_profit": 632604,
            "gross_margin": 26.94,
            "gross_margin_4q_avg": 29.2,
            "net_income": 315184,
            "revenue": 2348489,
            "common_shares": 3176890,
            "book_valuer_per_share": 19.8,
            "book_valuer_per_share_4q_avg": 20.45,
            "equity": 6287617,
            "current_ratio": 285.16,
            "debt_ratio": 28.2,
            "inventory_turnover_ratio": 1.54,
            "account_receivable_turnover_ratio": 2.34,
            "reinvestment_rate": 13.26,
            "research_to_sale_ratio": null,
            "price_fair": 155.05,
            "eps_avg_yearly": 4.43,
            "eps_latest_yearly": 4.04,
            "eps_growth_yearly": 199.73
        },
        "20091": {
            "year_quarter": 20091,
            "year": 2009,
            "quarter": 1,
            "eps": 1.21,
            "eps_growth_year": -20.39,
            "eps_4q": 4.91,
            "eps_4q_growth_year": -35.63,
            "roe": 5.84,
            "roe_4q": 25.43,
            "gross_profit": 679582,
            "gross_margin": 30.77,
            "gross_margin_4q_avg": 28.63,
            "net_income": 378922,
            "revenue": 2208905,
            "common_shares": 3176890,
            "book_valuer_per_share": 21.08,
            "book_valuer_per_share_4q_avg": 20.11,
            "equity": 6689663,
            "current_ratio": 287.2,
            "debt_ratio": 28.46,
            "inventory_turnover_ratio": 1.39,
            "account_receivable_turnover_ratio": 1,
            "reinvestment_rate": 12.76,
            "research_to_sale_ratio": null,
            "price_fair": 161.79,
            "eps_avg_yearly": 4.62,
            "eps_latest_yearly": 4.84,
            "eps_growth_yearly": 185.68
        },
        "20092": {
            "year_quarter": 20092,
            "year": 2009,
            "quarter": 2,
            "eps": 0.67,
            "eps_growth_year": -44.63,
            "eps_4q": 4.38,
            "eps_4q_growth_year": -32.42,
            "roe": 3.31,
            "roe_4q": 22.060000000000002,
            "gross_profit": 672022,
            "gross_margin": 26.39,
            "gross_margin_4q_avg": 28.12,
            "net_income": 208717,
            "revenue": 2546390,
            "common_shares": 3176890,
            "book_valuer_per_share": 18.67,
            "book_valuer_per_share_4q_avg": 19.58,
            "equity": 5918510,
            "current_ratio": 218.74,
            "debt_ratio": 37.26,
            "inventory_turnover_ratio": 1.81,
            "account_receivable_turnover_ratio": 1.02,
            "reinvestment_rate": 10.07,
            "research_to_sale_ratio": null,
            "price_fair": 167.13,
            "eps_avg_yearly": 4.78,
            "eps_latest_yearly": 2.68,
            "eps_growth_yearly": 196.12
        },
        "20093": {
            "year_quarter": 20093,
            "year": 2009,
            "quarter": 3,
            "eps": 0.81,
            "eps_growth_year": -42.55,
            "eps_4q": 3.74,
            "eps_4q_growth_year": -37.35,
            "roe": 4.19,
            "roe_4q": 18.490000000000002,
            "gross_profit": 651954,
            "gross_margin": 30.16,
            "gross_margin_4q_avg": 28.57,
            "net_income": 254116,
            "revenue": 2161675,
            "common_shares": 3176890,
            "book_valuer_per_share": 19.43,
            "book_valuer_per_share_4q_avg": 19.75,
            "equity": 6199295,
            "current_ratio": 322.35,
            "debt_ratio": 24.54,
            "inventory_turnover_ratio": 1.69,
            "account_receivable_turnover_ratio": 0.87,
            "reinvestment_rate": 10.33,
            "research_to_sale_ratio": null,
            "price_fair": 170.28,
            "eps_avg_yearly": 4.87,
            "eps_latest_yearly": 3.24,
            "eps_growth_yearly": 38.84
        },
        "20094": {
            "year_quarter": 20094,
            "year": 2009,
            "quarter": 4,
            "eps": 0.86,
            "eps_growth_year": -14.85,
            "eps_4q": 3.55,
            "eps_4q_growth_year": -28.8,
            "roe": 4.28,
            "roe_4q": 17.62,
            "gross_profit": 591184,
            "gross_margin": 26.26,
            "gross_margin_4q_avg": 28.4,
            "net_income": 271001,
            "revenue": 2250840,
            "common_shares": 3176890,
            "book_valuer_per_share": 20.28,
            "book_valuer_per_share_4q_avg": 19.87,
            "equity": 6466863,
            "current_ratio": 315.39,
            "debt_ratio": 25.64,
            "inventory_turnover_ratio": 1.88,
            "account_receivable_turnover_ratio": 2.35,
            "reinvestment_rate": 10.82,
            "research_to_sale_ratio": null,
            "price_fair": 172.55,
            "eps_avg_yearly": 4.93,
            "eps_latest_yearly": 3.44,
            "eps_growth_yearly": 32.05
        },
        "20101": {
            "year_quarter": 20101,
            "year": 2010,
            "quarter": 1,
            "eps": 0.88,
            "eps_growth_year": -27.27,
            "eps_4q": 3.22,
            "eps_4q_growth_year": -34.38,
            "roe": 4.19,
            "roe_4q": 15.97,
            "gross_profit": 564487,
            "gross_margin": 27.27,
            "gross_margin_4q_avg": 27.52,
            "net_income": 276771,
            "revenue": 2069853,
            "common_shares": 3176890,
            "book_valuer_per_share": 21.15,
            "book_valuer_per_share_4q_avg": 19.88,
            "equity": 6739728,
            "current_ratio": 339.43,
            "debt_ratio": 23.97,
            "inventory_turnover_ratio": 1.54,
            "account_receivable_turnover_ratio": 0.96,
            "reinvestment_rate": 16.04,
            "research_to_sale_ratio": 3.63,
            "price_fair": 173.51,
            "eps_avg_yearly": 4.96,
            "eps_latest_yearly": 3.52,
            "eps_growth_yearly": 25.55
        },
        "20102": {
            "year_quarter": 20102,
            "year": 2010,
            "quarter": 2,
            "eps": 0.87,
            "eps_growth_year": 30.29,
            "eps_4q": 3.42,
            "eps_4q_growth_year": -21.91,
            "roe": 4.22,
            "roe_4q": 16.880000000000003,
            "gross_profit": 516693,
            "gross_margin": 24.05,
            "gross_margin_4q_avg": 26.94,
            "net_income": 273446,
            "revenue": 2148312,
            "common_shares": 3176890,
            "book_valuer_per_share": 19.54,
            "book_valuer_per_share_4q_avg": 20.1,
            "equity": 6225401,
            "current_ratio": 236.08,
            "debt_ratio": 33.76,
            "inventory_turnover_ratio": 1.59,
            "account_receivable_turnover_ratio": 0.88,
            "reinvestment_rate": 16.63,
            "research_to_sale_ratio": 3.3,
            "price_fair": 174.39,
            "eps_avg_yearly": 4.98,
            "eps_latest_yearly": 3.48,
            "eps_growth_yearly": 25.27
        },
        "20103": {
            "year_quarter": 20103,
            "year": 2010,
            "quarter": 3,
            "eps": 0.99,
            "eps_growth_year": 22.48,
            "eps_4q": 3.61,
            "eps_4q_growth_year": -3.54,
            "roe": 4.88,
            "roe_4q": 17.57,
            "gross_profit": 690537,
            "gross_margin": 28.45,
            "gross_margin_4q_avg": 26.51,
            "net_income": 311115,
            "revenue": 2427544,
            "common_shares": 3176890,
            "book_valuer_per_share": 20.49,
            "book_valuer_per_share_4q_avg": 20.37,
            "equity": 6522306,
            "current_ratio": 275.85,
            "debt_ratio": 29.14,
            "inventory_turnover_ratio": 1.42,
            "account_receivable_turnover_ratio": 1.07,
            "reinvestment_rate": 15.23,
            "research_to_sale_ratio": 3,
            "price_fair": 177.28,
            "eps_avg_yearly": 5.07,
            "eps_latest_yearly": 3.96,
            "eps_growth_yearly": 32.29
        },
        "20104": {
            "year_quarter": 20104,
            "year": 2010,
            "quarter": 4,
            "eps": 0.49,
            "eps_growth_year": -42.9,
            "eps_4q": 3.24,
            "eps_4q_growth_year": -8.75,
            "roe": 2.19,
            "roe_4q": 15.48,
            "gross_profit": 611820,
            "gross_margin": 22.77,
            "gross_margin_4q_avg": 25.64,
            "net_income": 143992,
            "revenue": 2686504,
            "common_shares": 3176890,
            "book_valuer_per_share": 20.82,
            "book_valuer_per_share_4q_avg": 20.5,
            "equity": 6614653,
            "current_ratio": 304.16,
            "debt_ratio": 26.18,
            "inventory_turnover_ratio": 1.51,
            "account_receivable_turnover_ratio": 1.49,
            "reinvestment_rate": 8.14,
            "research_to_sale_ratio": 3.2,
            "price_fair": 63.83,
            "eps_avg_yearly": 4.91,
            "eps_latest_yearly": 1.96,
            "eps_growth_yearly": 2.99
        },
        "20111": {
            "year_quarter": 20111,
            "year": 2011,
            "quarter": 1,
            "eps": 0.83,
            "eps_growth_year": -5.68,
            "eps_4q": 3.18,
            "eps_4q_growth_year": -1.12,
            "roe": 3.84,
            "roe_4q": 15.129999999999999,
            "gross_profit": 460557,
            "gross_margin": 17.46,
            "gross_margin_4q_avg": 23.18,
            "net_income": 259064,
            "revenue": 2637389,
            "common_shares": 3176890,
            "book_valuer_per_share": 21.68,
            "book_valuer_per_share_4q_avg": 20.63,
            "equity": 6888640,
            "current_ratio": 307.38,
            "debt_ratio": 26.17,
            "inventory_turnover_ratio": 1.53,
            "account_receivable_turnover_ratio": 1.54,
            "reinvestment_rate": 16.47,
            "research_to_sale_ratio": 2.81,
            "price_fair": 80.64,
            "eps_avg_yearly": 4.7,
            "eps_latest_yearly": 3.32,
            "eps_growth_yearly": 7.16
        },
        "20112": {
            "year_quarter": 20112,
            "year": 2011,
            "quarter": 2,
            "eps": 0.32,
            "eps_growth_year": -63.13,
            "eps_4q": 2.63,
            "eps_4q_growth_year": -23.05,
            "roe": 1.6,
            "roe_4q": 12.509999999999998,
            "gross_profit": 412367,
            "gross_margin": 16.19,
            "gross_margin_4q_avg": 21.22,
            "net_income": 104867,
            "revenue": 2547486,
            "common_shares": 3176890,
            "book_valuer_per_share": 19.47,
            "book_valuer_per_share_4q_avg": 20.62,
            "equity": 6186891,
            "current_ratio": 248.14,
            "debt_ratio": 32.74,
            "inventory_turnover_ratio": 1.39,
            "account_receivable_turnover_ratio": 1.36,
            "reinvestment_rate": 14.74,
            "research_to_sale_ratio": 2.89,
            "price_fair": 13.38,
            "eps_avg_yearly": 4.46,
            "eps_latest_yearly": 1.28,
            "eps_growth_yearly": -2.25
        },
        "20113": {
            "year_quarter": 20113,
            "year": 2011,
            "quarter": 3,
            "eps": 1.17,
            "eps_growth_year": 18.39,
            "eps_4q": 2.82,
            "eps_4q_growth_year": -21.94,
            "roe": 5.59,
            "roe_4q": 13.219999999999999,
            "gross_profit": 410412,
            "gross_margin": 15.82,
            "gross_margin_4q_avg": 18.06,
            "net_income": 360798,
            "revenue": 2594407,
            "common_shares": 3176890,
            "book_valuer_per_share": 20.87,
            "book_valuer_per_share_4q_avg": 20.71,
            "equity": 6713618,
            "current_ratio": 311.45,
            "debt_ratio": 26.11,
            "inventory_turnover_ratio": 1.38,
            "account_receivable_turnover_ratio": 1.36,
            "reinvestment_rate": 16.05,
            "research_to_sale_ratio": 3.65,
            "price_fair": 146.13,
            "eps_avg_yearly": 4.18,
            "eps_latest_yearly": 4.68,
            "eps_growth_yearly": 44.04
        },
        "20114": {
            "year_quarter": 20114,
            "year": 2011,
            "quarter": 4,
            "eps": 0.5,
            "eps_growth_year": 1.4,
            "eps_4q": 2.82,
            "eps_4q_growth_year": -12.78,
            "roe": 2.24,
            "roe_4q": 13.27,
            "gross_profit": 500120,
            "gross_margin": 17.4,
            "gross_margin_4q_avg": 16.72,
            "net_income": 151978,
            "revenue": 2873564,
            "common_shares": 3176890,
            "book_valuer_per_share": 21.36,
            "book_valuer_per_share_4q_avg": 20.85,
            "equity": 6864349,
            "current_ratio": 294.83,
            "debt_ratio": 27.59,
            "inventory_turnover_ratio": 1.45,
            "account_receivable_turnover_ratio": 1.49,
            "reinvestment_rate": 4.84,
            "research_to_sale_ratio": 2.67,
            "price_fair": 129.06,
            "eps_avg_yearly": 3.69,
            "eps_latest_yearly": 2,
            "eps_growth_yearly": 28.21
        },
        "20121": {
            "year_quarter": 20121,
            "year": 2012,
            "quarter": 1,
            "eps": 0.49,
            "eps_growth_year": -40.96,
            "eps_4q": 2.49,
            "eps_4q_growth_year": -21.86,
            "roe": 2.19,
            "roe_4q": 11.62,
            "gross_profit": 391385,
            "gross_margin": 19.03,
            "gross_margin_4q_avg": 17.11,
            "net_income": 152069,
            "revenue": 2056539,
            "common_shares": 3176890,
            "book_valuer_per_share": 21.79,
            "book_valuer_per_share_4q_avg": 20.87,
            "equity": 6994534,
            "current_ratio": 341.9,
            "debt_ratio": 24.01,
            "inventory_turnover_ratio": 1.07,
            "account_receivable_turnover_ratio": 1.14,
            "reinvestment_rate": 2.72,
            "research_to_sale_ratio": 3.44,
            "price_fair": 120.05,
            "eps_avg_yearly": 3.43,
            "eps_latest_yearly": 1.96,
            "eps_growth_yearly": 37.2
        },
        "20122": {
            "year_quarter": 20122,
            "year": 2012,
            "quarter": 2,
            "eps": 0.57,
            "eps_growth_year": 75.93,
            "eps_4q": 2.73,
            "eps_4q_growth_year": 3.77,
            "roe": 2.59,
            "roe_4q": 12.61,
            "gross_profit": 370993,
            "gross_margin": 17.41,
            "gross_margin_4q_avg": 17.42,
            "net_income": 175198,
            "revenue": 2130565,
            "common_shares": 3176890,
            "book_valuer_per_share": 20.38,
            "book_valuer_per_share_4q_avg": 21.1,
            "equity": 6542022,
            "current_ratio": 263.81,
            "debt_ratio": 31.19,
            "inventory_turnover_ratio": 1.28,
            "account_receivable_turnover_ratio": 1.21,
            "reinvestment_rate": 0.91,
            "research_to_sale_ratio": 3.45,
            "price_fair": 114.45,
            "eps_avg_yearly": 3.27,
            "eps_latest_yearly": 2.28,
            "eps_growth_yearly": 46.38
        },
        "20123": {
            "year_quarter": 20123,
            "year": 2012,
            "quarter": 3,
            "eps": 0.45,
            "eps_growth_year": -61.61,
            "eps_4q": 2.01,
            "eps_4q_growth_year": -28.66,
            "roe": 2.07,
            "roe_4q": 9.09,
            "gross_profit": 428930,
            "gross_margin": 19.82,
            "gross_margin_4q_avg": 18.42,
            "net_income": 136664,
            "revenue": 2164384,
            "common_shares": 3176890,
            "book_valuer_per_share": 20.79,
            "book_valuer_per_share_4q_avg": 21.08,
            "equity": 6666213,
            "current_ratio": 359.2,
            "debt_ratio": 22.98,
            "inventory_turnover_ratio": 1.43,
            "account_receivable_turnover_ratio": 1.2,
            "reinvestment_rate": -2.99,
            "research_to_sale_ratio": 3.18,
            "price_fair": 106.05,
            "eps_avg_yearly": 3.03,
            "eps_latest_yearly": 1.8,
            "eps_growth_yearly": 36.98
        },
        "20124": {
            "year_quarter": 20124,
            "year": 2012,
            "quarter": 4,
            "eps": 0.1,
            "eps_growth_year": -79.21,
            "eps_4q": 1.61,
            "eps_4q_growth_year": -42.8,
            "roe": 0.26,
            "roe_4q": 7.109999999999999,
            "gross_profit": 233237,
            "gross_margin": 15.58,
            "gross_margin_4q_avg": 17.96,
            "net_income": 17515,
            "revenue": 1497082,
            "common_shares": 3176890,
            "book_valuer_per_share": 20.9,
            "book_valuer_per_share_4q_avg": 20.97,
            "equity": 6685468,
            "current_ratio": 423.62,
            "debt_ratio": 19.48,
            "inventory_turnover_ratio": 1.25,
            "account_receivable_turnover_ratio": 0.91,
            "reinvestment_rate": -3.88,
            "research_to_sale_ratio": 4.63,
            "price_fair": 97.05,
            "eps_avg_yearly": 2.8,
            "eps_latest_yearly": 0.4,
            "eps_growth_yearly": 24.63
        },
        "20131": {
            "year_quarter": 20131,
            "year": 2013,
            "quarter": 1,
            "eps": 0.57,
            "eps_growth_year": 16.33,
            "eps_4q": 1.69,
            "eps_4q_growth_year": -32.06,
            "roe": 2.6,
            "roe_4q": 7.52,
            "gross_profit": 282940,
            "gross_margin": 17.65,
            "gross_margin_4q_avg": 17.62,
            "net_income": 175497,
            "revenue": 1602771,
            "common_shares": 3176890,
            "book_valuer_per_share": 21.37,
            "book_valuer_per_share_4q_avg": 20.86,
            "equity": 6830968,
            "current_ratio": 384.59,
            "debt_ratio": 22.13,
            "inventory_turnover_ratio": 1.37,
            "account_receivable_turnover_ratio": 1.07,
            "reinvestment_rate": -6.04,
            "research_to_sale_ratio": 4.21,
            "price_fair": 92.49,
            "eps_avg_yearly": 2.64,
            "eps_latest_yearly": 2.28,
            "eps_growth_yearly": 137.18
        },
        "20132": {
            "year_quarter": 20132,
            "year": 2013,
            "quarter": 2,
            "eps": 0.72,
            "eps_growth_year": 27.17,
            "eps_4q": 1.85,
            "eps_4q_growth_year": -32.39,
            "roe": 3.34,
            "roe_4q": 8.27,
            "gross_profit": 425472,
            "gross_margin": 19.67,
            "gross_margin_4q_avg": 18.18,
            "net_income": 224993,
            "revenue": 2163300,
            "common_shares": 3176890,
            "book_valuer_per_share": 20.84,
            "book_valuer_per_share_4q_avg": 20.98,
            "equity": 6656115,
            "current_ratio": 300.9,
            "debt_ratio": 28.05,
            "inventory_turnover_ratio": 1.51,
            "account_receivable_turnover_ratio": 1.37,
            "reinvestment_rate": 0.62,
            "research_to_sale_ratio": 3.35,
            "price_fair": 92.93,
            "eps_avg_yearly": 2.66,
            "eps_latest_yearly": 2.88,
            "eps_growth_yearly": 154.91
        },
        "20133": {
            "year_quarter": 20133,
            "year": 2013,
            "quarter": 3,
            "eps": 0.52,
            "eps_growth_year": 15.33,
            "eps_4q": 1.92,
            "eps_4q_growth_year": -4.56,
            "roe": 2.38,
            "roe_4q": 8.58,
            "gross_profit": 457990,
            "gross_margin": 19.02,
            "gross_margin_4q_avg": 17.98,
            "net_income": 160451,
            "revenue": 2408561,
            "common_shares": 3176890,
            "book_valuer_per_share": 21.33,
            "book_valuer_per_share_4q_avg": 21.11,
            "equity": 6807272,
            "current_ratio": 376.17,
            "debt_ratio": 22.61,
            "inventory_turnover_ratio": 1.64,
            "account_receivable_turnover_ratio": 1.44,
            "reinvestment_rate": -0.66,
            "research_to_sale_ratio": 2.77,
            "price_fair": 90.39,
            "eps_avg_yearly": 2.58,
            "eps_latest_yearly": 2.08,
            "eps_growth_yearly": 142.75
        },
        "20134": {
            "year_quarter": 20134,
            "year": 2013,
            "quarter": 4,
            "eps": 0.62,
            "eps_growth_year": 500.66,
            "eps_4q": 2.44,
            "eps_4q_growth_year": 50.85,
            "roe": 2.68,
            "roe_4q": 11,
            "gross_profit": 424826,
            "gross_margin": 19.32,
            "gross_margin_4q_avg": 18.92,
            "net_income": 184915,
            "revenue": 2198962,
            "common_shares": 3176890,
            "book_valuer_per_share": 21.99,
            "book_valuer_per_share_4q_avg": 21.38,
            "equity": 7007227,
            "current_ratio": 356.52,
            "debt_ratio": 24.14,
            "inventory_turnover_ratio": 1.65,
            "account_receivable_turnover_ratio": 1.32,
            "reinvestment_rate": -5.47,
            "research_to_sale_ratio": 3.19,
            "price_fair": 88.29,
            "eps_avg_yearly": 2.52,
            "eps_latest_yearly": 2.48,
            "eps_growth_yearly": 146.01
        },
        "20141": {
            "year_quarter": 20141,
            "year": 2014,
            "quarter": 1,
            "eps": 0.58,
            "eps_growth_year": 1.75,
            "eps_4q": 2.45,
            "eps_4q_growth_year": 44.67,
            "roe": 2.5,
            "roe_4q": 10.899999999999999,
            "gross_profit": 326273,
            "gross_margin": 18.17,
            "gross_margin_4q_avg": 19.05,
            "net_income": 177354,
            "revenue": 1795247,
            "common_shares": 3176890,
            "book_valuer_per_share": 22.56,
            "book_valuer_per_share_4q_avg": 21.68,
            "equity": 7181752,
            "current_ratio": 388.3,
            "debt_ratio": 22.47,
            "inventory_turnover_ratio": 1.39,
            "account_receivable_turnover_ratio": 1.13,
            "reinvestment_rate": -7.44,
            "research_to_sale_ratio": 3.95,
            "price_fair": 85.66,
            "eps_avg_yearly": 2.45,
            "eps_latest_yearly": 2.32,
            "eps_growth_yearly": 143.82
        },
        "20142": {
            "year_quarter": 20142,
            "year": 2014,
            "quarter": 2,
            "eps": 0.1,
            "eps_growth_year": -86.11,
            "eps_4q": 1.83,
            "eps_4q_growth_year": -1.15,
            "roe": 0.31,
            "roe_4q": 7.87,
            "gross_profit": 274080,
            "gross_margin": 16.57,
            "gross_margin_4q_avg": 18.27,
            "net_income": 21332,
            "revenue": 1653919,
            "common_shares": 3176890,
            "book_valuer_per_share": 21.02,
            "book_valuer_per_share_4q_avg": 21.73,
            "equity": 6753598,
            "current_ratio": 321.99,
            "debt_ratio": 26.52,
            "inventory_turnover_ratio": 1.27,
            "account_receivable_turnover_ratio": 1.15,
            "reinvestment_rate": -11.45,
            "research_to_sale_ratio": 4.35,
            "price_fair": 78.93,
            "eps_avg_yearly": 2.26,
            "eps_latest_yearly": 0.4,
            "eps_growth_yearly": 123.41
        },
        "20143": {
            "year_quarter": 20143,
            "year": 2014,
            "quarter": 3,
            "eps": 0.55,
            "eps_growth_year": 5.77,
            "eps_4q": 1.85,
            "eps_4q_growth_year": -3.47,
            "roe": 2.38,
            "roe_4q": 7.869999999999999,
            "gross_profit": 346704,
            "gross_margin": 17.84,
            "gross_margin_4q_avg": 17.98,
            "net_income": 163083,
            "revenue": 1943767,
            "common_shares": 3176890,
            "book_valuer_per_share": 21.63,
            "book_valuer_per_share_4q_avg": 21.8,
            "equity": 6935296,
            "current_ratio": 349.44,
            "debt_ratio": 24.62,
            "inventory_turnover_ratio": 1.32,
            "account_receivable_turnover_ratio": 1.49,
            "reinvestment_rate": -8.73,
            "research_to_sale_ratio": 3.84,
            "price_fair": 75.08,
            "eps_avg_yearly": 2.15,
            "eps_latest_yearly": 2.2,
            "eps_growth_yearly": 232.46
        },
        "20144": {
            "year_quarter": 20144,
            "year": 2014,
            "quarter": 4,
            "eps": 0.68,
            "eps_growth_year": 9.18,
            "eps_4q": 1.91,
            "eps_4q_growth_year": -21.67,
            "roe": 2.95,
            "roe_4q": 8.14,
            "gross_profit": 320328,
            "gross_margin": 13.96,
            "gross_margin_4q_avg": 16.64,
            "net_income": 207977,
            "revenue": 2294834,
            "common_shares": 3176890,
            "book_valuer_per_share": 22.37,
            "book_valuer_per_share_4q_avg": 21.9,
            "equity": 7163181,
            "current_ratio": 364.06,
            "debt_ratio": 23.61,
            "inventory_turnover_ratio": 1.5,
            "account_receivable_turnover_ratio": 1.93,
            "reinvestment_rate": -4.05,
            "research_to_sale_ratio": 3.57,
            "price_fair": 76.74,
            "eps_avg_yearly": 2.19,
            "eps_latest_yearly": 2.72,
            "eps_growth_yearly": 251
        },
        "20151": {
            "year_quarter": 20151,
            "year": 2015,
            "quarter": 1,
            "eps": 0.25,
            "eps_growth_year": -56.9,
            "eps_4q": 1.58,
            "eps_4q_growth_year": -35.52,
            "roe": 1.04,
            "roe_4q": 6.68,
            "gross_profit": 362285,
            "gross_margin": 15.76,
            "gross_margin_4q_avg": 16.03,
            "net_income": 74544,
            "revenue": 2298858,
            "common_shares": 3176890,
            "book_valuer_per_share": 22.59,
            "book_valuer_per_share_4q_avg": 21.9,
            "equity": 7229086,
            "current_ratio": 362.58,
            "debt_ratio": 23.46,
            "inventory_turnover_ratio": 1.5,
            "account_receivable_turnover_ratio": 1.88,
            "reinvestment_rate": -3.83,
            "research_to_sale_ratio": 3.21,
            "price_fair": 71.66,
            "eps_avg_yearly": 2.05,
            "eps_latest_yearly": 1,
            "eps_growth_yearly": 217.84
        },
        "20152": {
            "year_quarter": 20152,
            "year": 2015,
            "quarter": 2,
            "eps": 0.36,
            "eps_growth_year": 260,
            "eps_4q": 1.84,
            "eps_4q_growth_year": 0.59,
            "roe": 1.56,
            "roe_4q": 7.930000000000001,
            "gross_profit": 355605,
            "gross_margin": 14.19,
            "gross_margin_4q_avg": 15.44,
            "net_income": 109503,
            "revenue": 2505276,
            "common_shares": 3176890,
            "book_valuer_per_share": 21.41,
            "book_valuer_per_share_4q_avg": 22,
            "equity": 6846476,
            "current_ratio": 272,
            "debt_ratio": 30.76,
            "inventory_turnover_ratio": 1.31,
            "account_receivable_turnover_ratio": 1.95,
            "reinvestment_rate": 0.45,
            "research_to_sale_ratio": 3.02,
            "price_fair": 72.01,
            "eps_avg_yearly": 2.06,
            "eps_latest_yearly": 1.44,
            "eps_growth_yearly": 244.2
        },
        "20153": {
            "year_quarter": 20153,
            "year": 2015,
            "quarter": 3,
            "eps": 1.16,
            "eps_growth_year": 110.91,
            "eps_4q": 2.45,
            "eps_4q_growth_year": 32.36,
            "roe": 5.13,
            "roe_4q": 10.68,
            "gross_profit": 430793,
            "gross_margin": 15.24,
            "gross_margin_4q_avg": 14.79,
            "net_income": 361640,
            "revenue": 2826670,
            "common_shares": 3176890,
            "book_valuer_per_share": 22.69,
            "book_valuer_per_share_4q_avg": 22.27,
            "equity": 7246888,
            "current_ratio": 290.25,
            "debt_ratio": 28.77,
            "inventory_turnover_ratio": 1.09,
            "account_receivable_turnover_ratio": 2.09,
            "reinvestment_rate": 8.55,
            "research_to_sale_ratio": 3.18,
            "price_fair": 71.93,
            "eps_avg_yearly": 2.06,
            "eps_latest_yearly": 4.64,
            "eps_growth_yearly": 233.35
        },
        "20154": {
            "year_quarter": 20154,
            "year": 2015,
            "quarter": 4,
            "eps": 0.89,
            "eps_growth_year": 30.44,
            "eps_4q": 2.66,
            "eps_4q_growth_year": 39.23,
            "roe": 3.77,
            "roe_4q": 11.5,
            "gross_profit": 601093,
            "gross_margin": 16.58,
            "gross_margin_4q_avg": 15.44,
            "net_income": 277587,
            "revenue": 3626188,
            "common_shares": 3176890,
            "book_valuer_per_share": 23.43,
            "book_valuer_per_share_4q_avg": 22.53,
            "equity": 7479093,
            "current_ratio": 308.56,
            "debt_ratio": 27.17,
            "inventory_turnover_ratio": 1.33,
            "account_receivable_turnover_ratio": 2.26,
            "reinvestment_rate": 8.94,
            "research_to_sale_ratio": 2.25,
            "price_fair": 75.34,
            "eps_avg_yearly": 2.15,
            "eps_latest_yearly": 3.56,
            "eps_growth_yearly": 241.85
        },
        "20161": {
            "year_quarter": 20161,
            "year": 2016,
            "quarter": 1,
            "eps": 0.71,
            "eps_growth_year": 184,
            "eps_4q": 3.11,
            "eps_4q_growth_year": 97.46,
            "roe": 2.91,
            "roe_4q": 13.37,
            "gross_profit": 596360,
            "gross_margin": 14.39,
            "gross_margin_4q_avg": 15.1,
            "net_income": 220390,
            "revenue": 4143579,
            "common_shares": 3176890,
            "book_valuer_per_share": 24.12,
            "book_valuer_per_share_4q_avg": 22.91,
            "equity": 7692889,
            "current_ratio": 298.21,
            "debt_ratio": 27.98,
            "inventory_turnover_ratio": 1.62,
            "account_receivable_turnover_ratio": 2.07,
            "reinvestment_rate": 10.53,
            "research_to_sale_ratio": 1.93,
            "price_fair": 77.26,
            "eps_avg_yearly": 2.21,
            "eps_latest_yearly": 2.84,
            "eps_growth_yearly": 237.29
        },
        "20162": {
            "year_quarter": 20162,
            "year": 2016,
            "quarter": 2,
            "eps": 0.35,
            "eps_growth_year": -2.78,
            "eps_4q": 3.1,
            "eps_4q_growth_year": 68.83,
            "roe": 1.47,
            "roe_4q": 13.280000000000001,
            "gross_profit": 423714,
            "gross_margin": 11.62,
            "gross_margin_4q_avg": 14.46,
            "net_income": 108670,
            "revenue": 3647969,
            "common_shares": 3176890,
            "book_valuer_per_share": 22.37,
            "book_valuer_per_share_4q_avg": 23.15,
            "equity": 7136227,
            "current_ratio": 256.46,
            "debt_ratio": 32.12,
            "inventory_turnover_ratio": 1.38,
            "account_receivable_turnover_ratio": 1.72,
            "reinvestment_rate": 13.03,
            "research_to_sale_ratio": 2.07,
            "price_fair": 75.34,
            "eps_avg_yearly": 2.15,
            "eps_latest_yearly": 1.4,
            "eps_growth_yearly": 220.54
        },
        "20163": {
            "year_quarter": 20163,
            "year": 2016,
            "quarter": 3,
            "eps": 0.17,
            "eps_growth_year": -85.34,
            "eps_4q": 2.12,
            "eps_4q_growth_year": -13.65,
            "roe": 0.68,
            "roe_4q": 8.83,
            "gross_profit": 404926,
            "gross_margin": 13.55,
            "gross_margin_4q_avg": 14.04,
            "net_income": 48898,
            "revenue": 2987363,
            "common_shares": 3176890,
            "book_valuer_per_share": 22.43,
            "book_valuer_per_share_4q_avg": 23.09,
            "equity": 7147004,
            "current_ratio": 416.36,
            "debt_ratio": 19.43,
            "inventory_turnover_ratio": 1.2,
            "account_receivable_turnover_ratio": 1.78,
            "reinvestment_rate": 19.58,
            "research_to_sale_ratio": 2.24,
            "price_fair": 72.89,
            "eps_avg_yearly": 2.08,
            "eps_latest_yearly": 0.68,
            "eps_growth_yearly": 212.94
        },
        "20164": {
            "year_quarter": 20164,
            "year": 2016,
            "quarter": 4,
            "eps": 0.44,
            "eps_growth_year": -50.07,
            "eps_4q": 1.67,
            "eps_4q_growth_year": -37.06,
            "roe": 1.88,
            "roe_4q": 6.94,
            "gross_profit": 307237,
            "gross_margin": 12.28,
            "gross_margin_4q_avg": 12.96,
            "net_income": 135614,
            "revenue": 2502858,
            "common_shares": 3176890,
            "book_valuer_per_share": 22.77,
            "book_valuer_per_share_4q_avg": 22.92,
            "equity": 7251468,
            "current_ratio": 372.12,
            "debt_ratio": 22.03,
            "inventory_turnover_ratio": 1.21,
            "account_receivable_turnover_ratio": 1.59,
            "reinvestment_rate": 18.86,
            "research_to_sale_ratio": 3.35,
            "price_fair": 75.86,
            "eps_avg_yearly": 2.17,
            "eps_latest_yearly": 1.76,
            "eps_growth_yearly": 272.09
        },
        "20171": {
            "year_quarter": 20171,
            "year": 2017,
            "quarter": 1,
            "eps": -0.42,
            "eps_growth_year": -159.15,
            "eps_4q": 0.54,
            "eps_4q_growth_year": -82.5,
            "roe": -1.87,
            "roe_4q": 2.1599999999999997,
            "gross_profit": 278039,
            "gross_margin": 13.11,
            "gross_margin_4q_avg": 12.64,
            "net_income": -134122,
            "revenue": 2121446,
            "common_shares": 3176890,
            "book_valuer_per_share": 22.18,
            "book_valuer_per_share_4q_avg": 22.44,
            "equity": 7063480,
            "current_ratio": 367.99,
            "debt_ratio": 21.94,
            "inventory_turnover_ratio": 1.06,
            "account_receivable_turnover_ratio": 1.43,
            "reinvestment_rate": 22.26,
            "research_to_sale_ratio": 3.25,
            "price_fair": 75.6,
            "eps_avg_yearly": 2.16,
            "eps_latest_yearly": 1.76,
            "eps_growth_yearly": 164.9
        },
        "20172": {
            "year_quarter": 20172,
            "year": 2017,
            "quarter": 2,
            "eps": 0.28,
            "eps_growth_year": -20,
            "eps_4q": 0.47,
            "eps_4q_growth_year": -84.83,
            "roe": 1.26,
            "roe_4q": 1.9499999999999997,
            "gross_profit": 231814,
            "gross_margin": 10.47,
            "gross_margin_4q_avg": 12.35,
            "net_income": 86708,
            "revenue": 2214197,
            "common_shares": 3176890,
            "book_valuer_per_share": 21.12,
            "book_valuer_per_share_4q_avg": 22.13,
            "equity": 6726378,
            "current_ratio": 315.7,
            "debt_ratio": 24.62,
            "inventory_turnover_ratio": 1.29,
            "account_receivable_turnover_ratio": 1.66,
            "reinvestment_rate": 23.37,
            "research_to_sale_ratio": 2.98,
            "price_fair": 73.8,
            "eps_avg_yearly": 2.11,
            "eps_latest_yearly": 1.76,
            "eps_growth_yearly": 169.16
        },
        "20173": {
            "year_quarter": 20173,
            "year": 2017,
            "quarter": 3,
            "eps": 0.2,
            "eps_growth_year": 17.65,
            "eps_4q": 0.5,
            "eps_4q_growth_year": -76.26,
            "roe": 0.91,
            "roe_4q": 2.1799999999999997,
            "gross_profit": 236108,
            "gross_margin": 10.69,
            "gross_margin_4q_avg": 11.64,
            "net_income": 61871,
            "revenue": 2208840,
            "common_shares": 3176890,
            "book_valuer_per_share": 21.38,
            "book_valuer_per_share_4q_avg": 21.86,
            "equity": 6805365,
            "current_ratio": 386.42,
            "debt_ratio": 20.06,
            "inventory_turnover_ratio": 1.42,
            "account_receivable_turnover_ratio": 1.74,
            "reinvestment_rate": 28.83,
            "research_to_sale_ratio": 3.02,
            "price_fair": 70.6,
            "eps_avg_yearly": 2.02,
            "eps_latest_yearly": 0.8,
            "eps_growth_yearly": 168.93
        },
        "20174": {
            "year_quarter": 20174,
            "year": 2017,
            "quarter": 4,
            "eps": 0.04,
            "eps_growth_year": -91.42,
            "eps_4q": 0.1,
            "eps_4q_growth_year": -94.14,
            "roe": 0.11,
            "roe_4q": 0.41000000000000014,
            "gross_profit": 203898,
            "gross_margin": 9.59,
            "gross_margin_4q_avg": 10.97,
            "net_income": 7499,
            "revenue": 2125457,
            "common_shares": 3176890,
            "book_valuer_per_share": 21.4,
            "book_valuer_per_share_4q_avg": 21.52,
            "equity": 6805849,
            "current_ratio": 409.39,
            "debt_ratio": 19.15,
            "inventory_turnover_ratio": 1.49,
            "account_receivable_turnover_ratio": 1.6,
            "reinvestment_rate": 34.16,
            "research_to_sale_ratio": 3.09,
            "price_fair": 64.8,
            "eps_avg_yearly": 1.85,
            "eps_latest_yearly": 0.16,
            "eps_growth_yearly": 140.58
        },
        "20181": {
            "year_quarter": 20181,
            "year": 2018,
            "quarter": 1,
            "eps": -0.3,
            "eps_growth_year": null,
            "eps_4q": 0.22,
            "eps_4q_growth_year": -60.23,
            "roe": -1.43,
            "roe_4q": 0.8500000000000002,
            "gross_profit": 87091,
            "gross_margin": 5.36,
            "gross_margin_4q_avg": 9.03,
            "net_income": -96997,
            "revenue": 1625165,
            "common_shares": 3176890,
            "book_valuer_per_share": 21.16,
            "book_valuer_per_share_4q_avg": 21.27,
            "equity": 6731464,
            "current_ratio": 364.54,
            "debt_ratio": 20.75,
            "inventory_turnover_ratio": 1.24,
            "account_receivable_turnover_ratio": 1.14,
            "reinvestment_rate": 42.15,
            "research_to_sale_ratio": 3.97,
            "price_fair": 63.54,
            "eps_avg_yearly": 1.82,
            "eps_latest_yearly": 0.16,
            "eps_growth_yearly": 153.38
        },
        "20182": {
            "year_quarter": 20182,
            "year": 2018,
            "quarter": 2,
            "eps": 0.5,
            "eps_growth_year": 78.57,
            "eps_4q": 0.44,
            "eps_4q_growth_year": -6.71,
            "roe": 2.29,
            "roe_4q": 1.8800000000000001,
            "gross_profit": 198540,
            "gross_margin": 9.32,
            "gross_margin_4q_avg": 8.74,
            "net_income": 153974,
            "revenue": 2130087,
            "common_shares": 3176890,
            "book_valuer_per_share": 21.22,
            "book_valuer_per_share_4q_avg": 21.29,
            "equity": 6744941,
            "current_ratio": 311.15,
            "debt_ratio": 24.31,
            "inventory_turnover_ratio": 1.41,
            "account_receivable_turnover_ratio": 1.09,
            "reinvestment_rate": 41.8,
            "research_to_sale_ratio": 3.05,
            "price_fair": 67.67,
            "eps_avg_yearly": 1.93,
            "eps_latest_yearly": 0.16,
            "eps_growth_yearly": 193.75
        },
        "20183": {
            "year_quarter": 20183,
            "year": 2018,
            "quarter": 3,
            "eps": 0.26,
            "eps_growth_year": 30,
            "eps_4q": 0.5,
            "eps_4q_growth_year": -0.36,
            "roe": 1.16,
            "roe_4q": 2.1300000000000003,
            "gross_profit": 203015,
            "gross_margin": 10.18,
            "gross_margin_4q_avg": 8.61,
            "net_income": 78802,
            "revenue": 1994547,
            "common_shares": 3176890,
            "book_valuer_per_share": 21.36,
            "book_valuer_per_share_4q_avg": 21.29,
            "equity": 6808367,
            "current_ratio": 364.45,
            "debt_ratio": 20.35,
            "inventory_turnover_ratio": 1.26,
            "account_receivable_turnover_ratio": 0.74,
            "reinvestment_rate": 44.26,
            "research_to_sale_ratio": 3.1,
            "price_fair": 64.28,
            "eps_avg_yearly": 1.84,
            "eps_latest_yearly": 1.04,
            "eps_growth_yearly": 27.75
        },
        "20184": {
            "year_quarter": 20184,
            "year": 2018,
            "quarter": 4,
            "eps": 0.47,
            "eps_growth_year": 1142.67,
            "eps_4q": 0.93,
            "eps_4q_growth_year": 853.77,
            "roe": 2.06,
            "roe_4q": 4.08,
            "gross_profit": 163569,
            "gross_margin": 8.09,
            "gross_margin_4q_avg": 8.24,
            "net_income": 141391,
            "revenue": 2021759,
            "common_shares": 3176890,
            "book_valuer_per_share": 21.83,
            "book_valuer_per_share_4q_avg": 21.39,
            "equity": 6950172,
            "current_ratio": 333.09,
            "debt_ratio": 22.91,
            "inventory_turnover_ratio": 1.26,
            "account_receivable_turnover_ratio": 0.75,
            "reinvestment_rate": 41.93,
            "research_to_sale_ratio": 2.89,
            "price_fair": 61.83,
            "eps_avg_yearly": 1.77,
            "eps_latest_yearly": 1.88,
            "eps_growth_yearly": 46.79
        },
        "20191": {
            "year_quarter": 20191,
            "year": 2019,
            "quarter": 1,
            "eps": -0.17,
            "eps_growth_year": null,
            "eps_4q": 1.07,
            "eps_4q_growth_year": 391.62,
            "roe": -0.84,
            "roe_4q": 4.67,
            "gross_profit": 75232,
            "gross_margin": 4.2,
            "gross_margin_4q_avg": 7.95,
            "net_income": -57983,
            "revenue": 1792199,
            "common_shares": 3176890,
            "book_valuer_per_share": 21.76,
            "book_valuer_per_share_4q_avg": 21.54,
            "equity": 6925725,
            "current_ratio": 345.04,
            "debt_ratio": 21.25,
            "inventory_turnover_ratio": 1.12,
            "account_receivable_turnover_ratio": 0.68,
            "reinvestment_rate": 49.47,
            "research_to_sale_ratio": 3.12,
            "price_fair": 64.27,
            "eps_avg_yearly": 1.84,
            "eps_latest_yearly": 1.88,
            "eps_growth_yearly": 74.04
        },
        "20192": {
            "year_quarter": 20192,
            "year": 2019,
            "quarter": 2,
            "eps": 0.24,
            "eps_growth_year": -52,
            "eps_4q": 0.8,
            "eps_4q_growth_year": 82.56,
            "roe": 1.04,
            "roe_4q": 3.42,
            "gross_profit": 176521,
            "gross_margin": 8.35,
            "gross_margin_4q_avg": 7.71,
            "net_income": 71336,
            "revenue": 2115019,
            "common_shares": 3176890,
            "book_valuer_per_share": 21.44,
            "book_valuer_per_share_4q_avg": 21.6,
            "equity": 6820617,
            "current_ratio": 301.69,
            "debt_ratio": 24.67,
            "inventory_turnover_ratio": 1.33,
            "account_receivable_turnover_ratio": 0.78,
            "reinvestment_rate": 49.51,
            "research_to_sale_ratio": 2.66,
            "price_fair": 65.66,
            "eps_avg_yearly": 1.88,
            "eps_latest_yearly": 1.88,
            "eps_growth_yearly": 63.84
        },
        "20193": {
            "year_quarter": 20193,
            "year": 2019,
            "quarter": 3,
            "eps": -0.09,
            "eps_growth_year": -134.62,
            "eps_4q": 0.45,
            "eps_4q_growth_year": -9.69,
            "roe": -0.42,
            "roe_4q": 1.8400000000000003,
            "gross_profit": 170265,
            "gross_margin": 7.57,
            "gross_margin_4q_avg": 7.05,
            "net_income": -28769,
            "revenue": 2248400,
            "common_shares": 3176890,
            "book_valuer_per_share": 21.2,
            "book_valuer_per_share_4q_avg": 21.56,
            "equity": 6739700,
            "current_ratio": 317.62,
            "debt_ratio": 23.58,
            "inventory_turnover_ratio": 1.59,
            "account_receivable_turnover_ratio": 0.74,
            "reinvestment_rate": 49.64,
            "research_to_sale_ratio": 2.47,
            "price_fair": 4.71,
            "eps_avg_yearly": 1.57,
            "eps_latest_yearly": 1.88,
            "eps_growth_yearly": -27.83
        },
        "20194": {
            "year_quarter": 20194,
            "year": 2019,
            "quarter": 4,
            "eps": -0.35,
            "eps_growth_year": -173.81,
            "eps_4q": -0.37,
            "eps_4q_growth_year": -139.39,
            "roe": -1.68,
            "roe_4q": -1.9,
            "gross_profit": 86889,
            "gross_margin": 5.35,
            "gross_margin_4q_avg": 6.37,
            "net_income": -112300,
            "revenue": 1624093,
            "common_shares": 3176890,
            "book_valuer_per_share": 20.77,
            "book_valuer_per_share_4q_avg": 21.29,
            "equity": 6604372,
            "current_ratio": 348.98,
            "debt_ratio": 21.25,
            "inventory_turnover_ratio": 1.35,
            "account_receivable_turnover_ratio": 0.56,
            "reinvestment_rate": 73.35,
            "research_to_sale_ratio": 3.35,
            "price_fair": 3.96,
            "eps_avg_yearly": 1.32,
            "eps_latest_yearly": 1.88,
            "eps_growth_yearly": -19.67
        },
        "20201": {
            "year_quarter": 20201,
            "year": 2020,
            "quarter": 1,
            "eps": 0.03,
            "eps_growth_year": null,
            "eps_4q": -0.17,
            "eps_4q_growth_year": -116.1,
            "roe": 0.09,
            "roe_4q": -0.9699999999999998,
            "gross_profit": 32250,
            "gross_margin": 2.22,
            "gross_margin_4q_avg": 5.87,
            "net_income": 6044,
            "revenue": 1454751,
            "common_shares": 3176890,
            "book_valuer_per_share": 20.75,
            "book_valuer_per_share_4q_avg": 21.04,
            "equity": 6595169,
            "current_ratio": 312.06,
            "debt_ratio": 23.72,
            "inventory_turnover_ratio": 1.08,
            "account_receivable_turnover_ratio": 0.58,
            "reinvestment_rate": 105.98,
            "research_to_sale_ratio": 3.66,
            "price_fair": 3.31,
            "eps_avg_yearly": 1.1,
            "eps_latest_yearly": 1.88,
            "eps_growth_yearly": -10.92
        },
        "20202": {
            "year_quarter": 20202,
            "year": 2020,
            "quarter": 2,
            "eps": 0,
            "eps_growth_year": -100,
            "eps_4q": -0.41,
            "eps_4q_growth_year": -151.18,
            "roe": -0.05,
            "roe_4q": -2.06,
            "gross_profit": 107866,
            "gross_margin": 5.48,
            "gross_margin_4q_avg": 5.16,
            "net_income": -3240,
            "revenue": 1969751,
            "common_shares": 3176890,
            "book_valuer_per_share": 20.69,
            "book_valuer_per_share_4q_avg": 20.85,
            "equity": 6572428,
            "current_ratio": 337.22,
            "debt_ratio": 21.78,
            "inventory_turnover_ratio": 1.24,
            "account_receivable_turnover_ratio": 0.73,
            "reinvestment_rate": 143.98,
            "research_to_sale_ratio": 2.74,
            "price_fair": 32.72,
            "eps_avg_yearly": 1.05,
            "eps_latest_yearly": 1.88,
            "eps_growth_yearly": 21.06
        },
        "20203": {
            "year_quarter": 20203,
            "year": 2020,
            "quarter": 3,
            "eps": -0.12,
            "eps_growth_year": null,
            "eps_4q": -0.44,
            "eps_4q_growth_year": -198.09,
            "roe": -0.57,
            "roe_4q": -2.21,
            "gross_profit": 105398,
            "gross_margin": 4.48,
            "gross_margin_4q_avg": 4.38,
            "net_income": -37636,
            "revenue": 2353315,
            "common_shares": 3176890,
            "book_valuer_per_share": 20.64,
            "book_valuer_per_share_4q_avg": 20.71,
            "equity": 6559351,
            "current_ratio": 280.9,
            "debt_ratio": 26.06,
            "inventory_turnover_ratio": 1.49,
            "account_receivable_turnover_ratio": 0.74,
            "reinvestment_rate": 179.21,
            "research_to_sale_ratio": 2.3,
            "price_fair": 39.48,
            "eps_avg_yearly": 1.13,
            "eps_latest_yearly": 1.88,
            "eps_growth_yearly": 66.42
        },
        "20204": {
            "year_quarter": 20204,
            "year": 2020,
            "quarter": 4,
            "eps": -0.38,
            "eps_growth_year": null,
            "eps_4q": -0.48,
            "eps_4q_growth_year": null,
            "roe": -1.86,
            "roe_4q": -2.39,
            "gross_profit": 25920,
            "gross_margin": 1.2,
            "gross_margin_4q_avg": 3.35,
            "net_income": -121339,
            "revenue": 2159545,
            "common_shares": 3176890,
            "book_valuer_per_share": 20.35,
            "book_valuer_per_share_4q_avg": 20.61,
            "equity": 6465638,
            "current_ratio": 277.15,
            "debt_ratio": 25.58,
            "inventory_turnover_ratio": 1.47,
            "account_receivable_turnover_ratio": 0.82,
            "reinvestment_rate": 1211.97,
            "research_to_sale_ratio": 2.61,
            "price_fair": 2.91,
            "eps_avg_yearly": 0.97,
            "eps_latest_yearly": 1.88,
            "eps_growth_yearly": -75.8
        },
        "20211": {
            "year_quarter": 20211,
            "year": 2021,
            "quarter": 1,
            "eps": -0.23,
            "eps_growth_year": -866.67,
            "eps_4q": -0.73,
            "eps_4q_growth_year": null,
            "roe": -1.17,
            "roe_4q": -3.65,
            "gross_profit": 21960,
            "gross_margin": 1.56,
            "gross_margin_4q_avg": 3.18,
            "net_income": -76302,
            "revenue": 1403398,
            "common_shares": 3176890,
            "book_valuer_per_share": 20.1,
            "book_valuer_per_share_4q_avg": 20.45,
            "equity": 6602014,
            "current_ratio": 291.02,
            "debt_ratio": 24.34,
            "inventory_turnover_ratio": 1,
            "account_receivable_turnover_ratio": 0.75,
            "reinvestment_rate": 645.26,
            "research_to_sale_ratio": 3.94,
            "price_fair": 2.91,
            "eps_avg_yearly": 0.97,
            "eps_latest_yearly": 1.88,
            "eps_growth_yearly": -75.8
        },
        "20212": {
            "year_quarter": 20212,
            "year": 2021,
            "quarter": 2,
            "eps": -0.43,
            "eps_growth_year": null,
            "eps_4q": -1.16,
            "eps_4q_growth_year": null,
            "roe": -2.13,
            "roe_4q": -5.73,
            "gross_profit": -6777,
            "gross_margin": -0.45,
            "gross_margin_4q_avg": 1.7,
            "net_income": -139112,
            "revenue": 1512150,
            "common_shares": 3176890,
            "book_valuer_per_share": 19.64,
            "book_valuer_per_share_4q_avg": 20.18,
            "equity": 6452120,
            "current_ratio": 274.33,
            "debt_ratio": 25.1,
            "inventory_turnover_ratio": 0.98,
            "account_receivable_turnover_ratio": 0.9,
            "reinvestment_rate": null,
            "research_to_sale_ratio": 3.86,
            "price_fair": 2.91,
            "eps_avg_yearly": 0.97,
            "eps_latest_yearly": 1.88,
            "eps_growth_yearly": -75.8
        },
        "20213": {
            "year_quarter": 20213,
            "year": 2021,
            "quarter": 3,
            "eps": -0.11,
            "eps_growth_year": null,
            "eps_4q": -1.15,
            "eps_4q_growth_year": null,
            "roe": -0.6,
            "roe_4q": -5.76,
            "gross_profit": 72803,
            "gross_margin": 4.2,
            "gross_margin_4q_avg": 1.63,
            "net_income": -39043,
            "revenue": 1734528,
            "common_shares": 3176890,
            "book_valuer_per_share": 19.7,
            "book_valuer_per_share_4q_avg": 19.95,
            "equity": 6510407,
            "current_ratio": 247.49,
            "debt_ratio": 26.51,
            "inventory_turnover_ratio": 0.92,
            "account_receivable_turnover_ratio": 1.03,
            "reinvestment_rate": null,
            "research_to_sale_ratio": 3.44,
            "price_fair": 3.08,
            "eps_avg_yearly": 1.03,
            "eps_latest_yearly": 1.88,
            "eps_growth_yearly": -62.97
        },
        "20214": {
            "year_quarter": 20214,
            "year": 2021,
            "quarter": 4,
            "eps": -0.35,
            "eps_growth_year": null,
            "eps_4q": -1.11,
            "eps_4q_growth_year": null,
            "roe": -1.8,
            "roe_4q": -5.699999999999999,
            "gross_profit": 14989,
            "gross_margin": 0.92,
            "gross_margin_4q_avg": 1.56,
            "net_income": -116519,
            "revenue": 1627467,
            "common_shares": 3176890,
            "book_valuer_per_share": 19.4,
            "book_valuer_per_share_4q_avg": 19.71,
            "equity": 6409828,
            "current_ratio": 255.8,
            "debt_ratio": 25.1,
            "inventory_turnover_ratio": 0.82,
            "account_receivable_turnover_ratio": 0.95,
            "reinvestment_rate": null,
            "research_to_sale_ratio": 3.7,
            "price_fair": 51.1,
            "eps_avg_yearly": 1.46,
            "eps_latest_yearly": 1.88,
            "eps_growth_yearly": 65.54
        },
        "20221": {
            "year_quarter": 20221,
            "year": 2022,
            "quarter": 1,
            "eps": -0.27,
            "eps_growth_year": null,
            "eps_4q": -1.16,
            "eps_4q_growth_year": null,
            "roe": -1.41,
            "roe_4q": -5.9399999999999995,
            "gross_profit": -1512,
            "gross_margin": -0.11,
            "gross_margin_4q_avg": 1.14,
            "net_income": -89889,
            "revenue": 1392480,
            "common_shares": 3176890,
            "book_valuer_per_share": 19.29,
            "book_valuer_per_share_4q_avg": 19.51,
            "equity": 6370924,
            "current_ratio": 253.76,
            "debt_ratio": 23.88,
            "inventory_turnover_ratio": 0.68,
            "account_receivable_turnover_ratio": 0.91,
            "reinvestment_rate": null,
            "research_to_sale_ratio": 4.26,
            "price_fair": 51.1,
            "eps_avg_yearly": 1.46,
            "eps_latest_yearly": 1.88,
            "eps_growth_yearly": 65.54
        },
        "20222": {
            "year_quarter": 20222,
            "year": 2022,
            "quarter": 2,
            "eps": -0.03,
            "eps_growth_year": null,
            "eps_4q": -0.76,
            "eps_4q_growth_year": null,
            "roe": -0.22,
            "roe_4q": -4.029999999999999,
            "gross_profit": 114448,
            "gross_margin": 8.39,
            "gross_margin_4q_avg": 3.35,
            "net_income": -14187,
            "revenue": 1363670,
            "common_shares": 3176890,
            "book_valuer_per_share": 19.19,
            "book_valuer_per_share_4q_avg": 19.4,
            "equity": 6457246,
            "current_ratio": 265.67,
            "debt_ratio": 23.1,
            "inventory_turnover_ratio": 0.57,
            "account_receivable_turnover_ratio": 0.96,
            "reinvestment_rate": null,
            "research_to_sale_ratio": 4.34,
            "price_fair": 51.1,
            "eps_avg_yearly": 1.46,
            "eps_latest_yearly": 1.88,
            "eps_growth_yearly": 65.54
        },
        "20223": {
            "year_quarter": 20223,
            "year": 2022,
            "quarter": 3,
            "eps": 0.25,
            "eps_growth_year": null,
            "eps_4q": -0.4,
            "eps_4q_growth_year": null,
            "roe": 0.71,
            "roe_4q": -2.7199999999999998,
            "gross_profit": 147037,
            "gross_margin": 7.88,
            "gross_margin_4q_avg": 4.27,
            "net_income": 45888,
            "revenue": 1865544,
            "common_shares": 3176890,
            "book_valuer_per_share": 19.48,
            "book_valuer_per_share_4q_avg": 19.34,
            "equity": 6515434,
            "current_ratio": 253.7,
            "debt_ratio": 25.12,
            "inventory_turnover_ratio": 0.73,
            "account_receivable_turnover_ratio": 1.22,
            "reinvestment_rate": null,
            "research_to_sale_ratio": 6.06,
            "price_fair": 65.8,
            "eps_avg_yearly": 1.88,
            "eps_latest_yearly": 1.88,
            "eps_growth_yearly": 323.08
        },
        "20224": {
            "year_quarter": 20224,
            "year": 2022,
            "quarter": 4,
            "eps": 0.05,
            "eps_growth_year": null,
            "eps_4q": 0,
            "eps_4q_growth_year": null,
            "roe": -0.14,
            "roe_4q": -1.06,
            "gross_profit": 237038,
            "gross_margin": 12.09,
            "gross_margin_4q_avg": 7.06,
            "net_income": -9173,
            "revenue": 1960341,
            "common_shares": 3176890,
            "book_valuer_per_share": 19.49,
            "book_valuer_per_share_4q_avg": 19.36,
            "equity": 6494484,
            "current_ratio": 218.57,
            "debt_ratio": 29.57,
            "inventory_turnover_ratio": 0.68,
            "account_receivable_turnover_ratio": 1.09,
            "reinvestment_rate": null,
            "research_to_sale_ratio": 4.77,
            "price_fair": 0.6,
            "eps_avg_yearly": 0.2,
            "eps_latest_yearly": 0.2,
            "eps_growth_yearly": -320
        },
        "20231": {
            "year_quarter": 20231,
            "year": 2023,
            "quarter": 1,
            "eps": -0.19,
            "eps_growth_year": null,
            "eps_4q": 0.08,
            "eps_4q_growth_year": null,
            "roe": -1.52,
            "roe_4q": -1.1700000000000002,
            "gross_profit": 70856,
            "gross_margin": 4.71,
            "gross_margin_4q_avg": 8.27,
            "net_income": -97936,
            "revenue": 1503015,
            "common_shares": 3176890,
            "book_valuer_per_share": 19.32,
            "book_valuer_per_share_4q_avg": 19.37,
            "equity": 6403384,
            "current_ratio": 248.42,
            "debt_ratio": 25.33,
            "inventory_turnover_ratio": 0.56,
            "account_receivable_turnover_ratio": 0.86,
            "reinvestment_rate": null,
            "research_to_sale_ratio": 8.38,
            "price_fair": 0.6,
            "eps_avg_yearly": 0.2,
            "eps_latest_yearly": 0.2,
            "eps_growth_yearly": -320
        }
    },
    "months": {
        "2001-09": {
            "month": "2001-09",
            "price": "21.04",
            "revenue": 134746
        },
        "2001-10": {
            "month": "2001-10",
            "price": "21.81",
            "revenue": 157381
        },
        "2001-11": {
            "month": "2001-11",
            "price": "27.11",
            "revenue": 183230
        },
        "2001-12": {
            "month": "2001-12",
            "price": "43.27",
            "revenue": 216755
        },
        "2002-01": {
            "month": "2002-01",
            "price": "54.28",
            "revenue": 193710
        },
        "2002-02": {
            "month": "2002-02",
            "price": "53.02",
            "revenue": 180142
        },
        "2002-03": {
            "month": "2002-03",
            "price": "51.88",
            "revenue": 191895
        },
        "2002-04": {
            "month": "2002-04",
            "price": "51.20",
            "revenue": 187101
        },
        "2002-05": {
            "month": "2002-05",
            "price": "37.12",
            "revenue": 146115
        },
        "2002-06": {
            "month": "2002-06",
            "price": "30.80",
            "revenue": 150696
        },
        "2002-07": {
            "month": "2002-07",
            "price": "26.74",
            "revenue": 155612
        },
        "2002-08": {
            "month": "2002-08",
            "price": "24.55",
            "revenue": 167744
        },
        "2002-09": {
            "month": "2002-09",
            "price": "24.94",
            "revenue": 191347
        },
        "2002-10": {
            "month": "2002-10",
            "price": "28.90",
            "revenue": 201151
        },
        "2002-11": {
            "month": "2002-11",
            "price": "32.07",
            "revenue": 230815
        },
        "2002-12": {
            "month": "2002-12",
            "price": "28.31",
            "revenue": 262908
        },
        "2003-01": {
            "month": "2003-01",
            "price": "32.83",
            "revenue": 337575
        },
        "2003-02": {
            "month": "2003-02",
            "price": "33.42",
            "revenue": 295968
        },
        "2003-03": {
            "month": "2003-03",
            "price": "32.30",
            "revenue": 239901
        },
        "2003-04": {
            "month": "2003-04",
            "price": "31.23",
            "revenue": 195354
        },
        "2003-05": {
            "month": "2003-05",
            "price": "28.42",
            "revenue": 182770
        },
        "2003-06": {
            "month": "2003-06",
            "price": "34.30",
            "revenue": 178486
        },
        "2003-07": {
            "month": "2003-07",
            "price": "41.40",
            "revenue": 175001
        },
        "2003-08": {
            "month": "2003-08",
            "price": "42.02",
            "revenue": 220545
        },
        "2003-09": {
            "month": "2003-09",
            "price": "39.02",
            "revenue": 291054
        },
        "2003-10": {
            "month": "2003-10",
            "price": "40.19",
            "revenue": 339443
        },
        "2003-11": {
            "month": "2003-11",
            "price": "41.60",
            "revenue": 412457
        },
        "2003-12": {
            "month": "2003-12",
            "price": "44.51",
            "revenue": 393458
        },
        "2004-01": {
            "month": "2004-01",
            "price": "43.05",
            "revenue": 272556
        },
        "2004-02": {
            "month": "2004-02",
            "price": "40.76",
            "revenue": 248932
        },
        "2004-03": {
            "month": "2004-03",
            "price": "38.40",
            "revenue": 230310
        },
        "2004-04": {
            "month": "2004-04",
            "price": "34.97",
            "revenue": 240256
        },
        "2004-05": {
            "month": "2004-05",
            "price": "27.34",
            "revenue": 226730
        },
        "2004-06": {
            "month": "2004-06",
            "price": "31.04",
            "revenue": 226760
        },
        "2004-07": {
            "month": "2004-07",
            "price": "30.44",
            "revenue": 241420
        },
        "2004-08": {
            "month": "2004-08",
            "price": "27.92",
            "revenue": 280726
        },
        "2004-09": {
            "month": "2004-09",
            "price": "27.76",
            "revenue": 324730
        },
        "2004-10": {
            "month": "2004-10",
            "price": "24.42",
            "revenue": 396358
        },
        "2004-11": {
            "month": "2004-11",
            "price": "22.69",
            "revenue": 363117
        },
        "2004-12": {
            "month": "2004-12",
            "price": "24.29",
            "revenue": 350064
        },
        "2005-01": {
            "month": "2005-01",
            "price": "22.65",
            "revenue": 396356
        },
        "2005-02": {
            "month": "2005-02",
            "price": "27.62",
            "revenue": 314927
        },
        "2005-03": {
            "month": "2005-03",
            "price": "32.87",
            "revenue": 320353
        },
        "2005-04": {
            "month": "2005-04",
            "price": "31.10",
            "revenue": 304821
        },
        "2005-05": {
            "month": "2005-05",
            "price": "31.16",
            "revenue": 229251
        },
        "2005-06": {
            "month": "2005-06",
            "price": "34.14",
            "revenue": 245725
        },
        "2005-07": {
            "month": "2005-07",
            "price": "35.13",
            "revenue": 258622
        },
        "2005-08": {
            "month": "2005-08",
            "price": "29.29",
            "revenue": 227090
        },
        "2005-09": {
            "month": "2005-09",
            "price": "24.29",
            "revenue": 305505
        },
        "2005-10": {
            "month": "2005-10",
            "price": "23.42",
            "revenue": 321863
        },
        "2005-11": {
            "month": "2005-11",
            "price": "22.94",
            "revenue": 401739
        },
        "2005-12": {
            "month": "2005-12",
            "price": "27.39",
            "revenue": 413069
        },
        "2006-01": {
            "month": "2006-01",
            "price": "28.88",
            "revenue": 413291
        },
        "2006-02": {
            "month": "2006-02",
            "price": "29.97",
            "revenue": 426575
        },
        "2006-03": {
            "month": "2006-03",
            "price": "39.36",
            "revenue": 501932
        },
        "2006-04": {
            "month": "2006-04",
            "price": "48.72",
            "revenue": 530245
        },
        "2006-05": {
            "month": "2006-05",
            "price": "43.35",
            "revenue": 395295
        },
        "2006-06": {
            "month": "2006-06",
            "price": "32.52",
            "revenue": 306795
        },
        "2006-07": {
            "month": "2006-07",
            "price": "32.30",
            "revenue": 376236
        },
        "2006-08": {
            "month": "2006-08",
            "price": "34.49",
            "revenue": 399083
        },
        "2006-09": {
            "month": "2006-09",
            "price": "35.72",
            "revenue": 480077
        },
        "2006-10": {
            "month": "2006-10",
            "price": "37.39",
            "revenue": 629349
        },
        "2006-11": {
            "month": "2006-11",
            "price": "42.28",
            "revenue": 631338
        },
        "2006-12": {
            "month": "2006-12",
            "price": "43.10",
            "revenue": 681065
        },
        "2007-01": {
            "month": "2007-01",
            "price": "48.92",
            "revenue": 738434
        },
        "2007-02": {
            "month": "2007-02",
            "price": "49.70",
            "revenue": 584222
        },
        "2007-03": {
            "month": "2007-03",
            "price": "54.22",
            "revenue": 746641
        },
        "2007-04": {
            "month": "2007-04",
            "price": "62.94",
            "revenue": 640031
        },
        "2007-05": {
            "month": "2007-05",
            "price": "71.24",
            "revenue": 552181
        },
        "2007-06": {
            "month": "2007-06",
            "price": "84.80",
            "revenue": 630214
        },
        "2007-07": {
            "month": "2007-07",
            "price": "115.05",
            "revenue": 772180
        },
        "2007-08": {
            "month": "2007-08",
            "price": "122.65",
            "revenue": 1038677
        },
        "2007-09": {
            "month": "2007-09",
            "price": "151.22",
            "revenue": 1271232
        },
        "2007-10": {
            "month": "2007-10",
            "price": "150.77",
            "revenue": 1306188
        },
        "2007-11": {
            "month": "2007-11",
            "price": "126.02",
            "revenue": 973816
        },
        "2007-12": {
            "month": "2007-12",
            "price": "108.76",
            "revenue": 875954
        },
        "2008-01": {
            "month": "2008-01",
            "price": "100.27",
            "revenue": 989712
        },
        "2008-02": {
            "month": "2008-02",
            "price": "88.70",
            "revenue": 889867
        },
        "2008-03": {
            "month": "2008-03",
            "price": "85.61",
            "revenue": 850117
        },
        "2008-04": {
            "month": "2008-04",
            "price": "90.93",
            "revenue": 915161
        },
        "2008-05": {
            "month": "2008-05",
            "price": "113.67",
            "revenue": 814703
        },
        "2008-06": {
            "month": "2008-06",
            "price": "96.74",
            "revenue": 723522
        },
        "2008-07": {
            "month": "2008-07",
            "price": "84.23",
            "revenue": 669211
        },
        "2008-08": {
            "month": "2008-08",
            "price": "65.38",
            "revenue": 713710
        },
        "2008-09": {
            "month": "2008-09",
            "price": "48.44",
            "revenue": 740425
        },
        "2008-10": {
            "month": "2008-10",
            "price": "36.39",
            "revenue": 704543
        },
        "2008-11": {
            "month": "2008-11",
            "price": "28.35",
            "revenue": 808546
        },
        "2008-12": {
            "month": "2008-12",
            "price": "31.75",
            "revenue": 830122
        },
        "2009-01": {
            "month": "2009-01",
            "price": "35.95",
            "revenue": 686907
        },
        "2009-02": {
            "month": "2009-02",
            "price": "37.84",
            "revenue": 693627
        },
        "2009-03": {
            "month": "2009-03",
            "price": "41.17",
            "revenue": 735749
        },
        "2009-04": {
            "month": "2009-04",
            "price": "53.06",
            "revenue": 877603
        },
        "2009-05": {
            "month": "2009-05",
            "price": "67.58",
            "revenue": 839502
        },
        "2009-06": {
            "month": "2009-06",
            "price": "58.13",
            "revenue": 824155
        },
        "2009-07": {
            "month": "2009-07",
            "price": "61.32",
            "revenue": 700763
        },
        "2009-08": {
            "month": "2009-08",
            "price": "58.86",
            "revenue": 729010
        },
        "2009-09": {
            "month": "2009-09",
            "price": "64.79",
            "revenue": 732060
        },
        "2009-10": {
            "month": "2009-10",
            "price": "62.59",
            "revenue": 807477
        },
        "2009-11": {
            "month": "2009-11",
            "price": "61.47",
            "revenue": 710571
        },
        "2009-12": {
            "month": "2009-12",
            "price": "60.17",
            "revenue": 733616
        },
        "2010-01": {
            "month": "2010-01",
            "price": "62.54",
            "revenue": 825661
        },
        "2010-02": {
            "month": "2010-02",
            "price": "64.44",
            "revenue": 683151
        },
        "2010-03": {
            "month": "2010-03",
            "price": "61.59",
            "revenue": 557103
        },
        "2010-04": {
            "month": "2010-04",
            "price": "56.10",
            "revenue": 721048
        },
        "2010-05": {
            "month": "2010-05",
            "price": "50.06",
            "revenue": 701579
        },
        "2010-06": {
            "month": "2010-06",
            "price": "49.51",
            "revenue": 713474
        },
        "2010-07": {
            "month": "2010-07",
            "price": "55.16",
            "revenue": 751941
        },
        "2010-08": {
            "month": "2010-08",
            "price": "55.39",
            "revenue": 803382
        },
        "2010-09": {
            "month": "2010-09",
            "price": "52.48",
            "revenue": 872429
        },
        "2010-10": {
            "month": "2010-10",
            "price": "51.08",
            "revenue": 848615
        },
        "2010-11": {
            "month": "2010-11",
            "price": "49.80",
            "revenue": 945651
        },
        "2010-12": {
            "month": "2010-12",
            "price": "57.01",
            "revenue": 898477
        },
        "2011-01": {
            "month": "2011-01",
            "price": "57.02",
            "revenue": 860160
        },
        "2011-02": {
            "month": "2011-02",
            "price": "51.38",
            "revenue": 775383
        },
        "2011-03": {
            "month": "2011-03",
            "price": "53.69",
            "revenue": 1000065
        },
        "2011-04": {
            "month": "2011-04",
            "price": "52.58",
            "revenue": 859235
        },
        "2011-05": {
            "month": "2011-05",
            "price": "44.29",
            "revenue": 806409
        },
        "2011-06": {
            "month": "2011-06",
            "price": "44.13",
            "revenue": 881322
        },
        "2011-07": {
            "month": "2011-07",
            "price": "41.83",
            "revenue": 811138
        },
        "2011-08": {
            "month": "2011-08",
            "price": "35.53",
            "revenue": 819997
        },
        "2011-09": {
            "month": "2011-09",
            "price": "31.56",
            "revenue": 950869
        },
        "2011-10": {
            "month": "2011-10",
            "price": "33.08",
            "revenue": 1044314
        },
        "2011-11": {
            "month": "2011-11",
            "price": "35.78",
            "revenue": 840627
        },
        "2011-12": {
            "month": "2011-12",
            "price": "33.24",
            "revenue": 968437
        },
        "2012-01": {
            "month": "2012-01",
            "price": "33.26",
            "revenue": 737908
        },
        "2012-02": {
            "month": "2012-02",
            "price": "38.72",
            "revenue": 570688
        },
        "2012-03": {
            "month": "2012-03",
            "price": "37.70",
            "revenue": 734766
        },
        "2012-04": {
            "month": "2012-04",
            "price": "32.98",
            "revenue": 705367
        },
        "2012-05": {
            "month": "2012-05",
            "price": "31.38",
            "revenue": 657389
        },
        "2012-06": {
            "month": "2012-06",
            "price": "30.70",
            "revenue": 749484
        },
        "2012-07": {
            "month": "2012-07",
            "price": "30.45",
            "revenue": 729978
        },
        "2012-08": {
            "month": "2012-08",
            "price": "29.15",
            "revenue": 706323
        },
        "2012-09": {
            "month": "2012-09",
            "price": "29.74",
            "revenue": 701105
        },
        "2012-10": {
            "month": "2012-10",
            "price": "27.17",
            "revenue": 586052
        },
        "2012-11": {
            "month": "2012-11",
            "price": "23.49",
            "revenue": 459601
        },
        "2012-12": {
            "month": "2012-12",
            "price": "24.62",
            "revenue": 419805
        },
        "2013-01": {
            "month": "2013-01",
            "price": "24.77",
            "revenue": 468811
        },
        "2013-02": {
            "month": "2013-02",
            "price": "25.41",
            "revenue": 412266
        },
        "2013-03": {
            "month": "2013-03",
            "price": "25.05",
            "revenue": 721694
        },
        "2013-04": {
            "month": "2013-04",
            "price": "24.38",
            "revenue": 728434
        },
        "2013-05": {
            "month": "2013-05",
            "price": "26.00",
            "revenue": 765450
        },
        "2013-06": {
            "month": "2013-06",
            "price": "25.49",
            "revenue": 669415
        },
        "2013-07": {
            "month": "2013-07",
            "price": "25.20",
            "revenue": 677696
        },
        "2013-08": {
            "month": "2013-08",
            "price": "26.21",
            "revenue": 873252
        },
        "2013-09": {
            "month": "2013-09",
            "price": "32.58",
            "revenue": 857613
        },
        "2013-10": {
            "month": "2013-10",
            "price": "32.06",
            "revenue": 748052
        },
        "2013-11": {
            "month": "2013-11",
            "price": "32.17",
            "revenue": 688823
        },
        "2013-12": {
            "month": "2013-12",
            "price": "33.71",
            "revenue": 762087
        },
        "2014-01": {
            "month": "2014-01",
            "price": "38.53",
            "revenue": 653933
        },
        "2014-02": {
            "month": "2014-02",
            "price": "38.47",
            "revenue": 537434
        },
        "2014-03": {
            "month": "2014-03",
            "price": "37.46",
            "revenue": 610476
        },
        "2014-04": {
            "month": "2014-04",
            "price": "33.44",
            "revenue": 556872
        },
        "2014-05": {
            "month": "2014-05",
            "price": "31.80",
            "revenue": 548103
        },
        "2014-06": {
            "month": "2014-06",
            "price": "32.97",
            "revenue": 542347
        },
        "2014-07": {
            "month": "2014-07",
            "price": "31.67",
            "revenue": 644179
        },
        "2014-08": {
            "month": "2014-08",
            "price": "27.78",
            "revenue": 560438
        },
        "2014-09": {
            "month": "2014-09",
            "price": "28.38",
            "revenue": 739151
        },
        "2014-10": {
            "month": "2014-10",
            "price": "28.19",
            "revenue": 742244
        },
        "2014-11": {
            "month": "2014-11",
            "price": "29.68",
            "revenue": 772491
        },
        "2014-12": {
            "month": "2014-12",
            "price": "32.21",
            "revenue": 816941
        },
        "2015-01": {
            "month": "2015-01",
            "price": "33.06",
            "revenue": 812325
        },
        "2015-02": {
            "month": "2015-02",
            "price": "31.63",
            "revenue": 671836
        },
        "2015-03": {
            "month": "2015-03",
            "price": "32.72",
            "revenue": 814679
        },
        "2015-04": {
            "month": "2015-04",
            "price": "30.92",
            "revenue": 885287
        },
        "2015-05": {
            "month": "2015-05",
            "price": "29.64",
            "revenue": 820559
        },
        "2015-06": {
            "month": "2015-06",
            "price": "33.48",
            "revenue": 799449
        },
        "2015-07": {
            "month": "2015-07",
            "price": "35.60",
            "revenue": 1003321
        },
        "2015-08": {
            "month": "2015-08",
            "price": "32.51",
            "revenue": 899894
        },
        "2015-09": {
            "month": "2015-09",
            "price": "33.52",
            "revenue": 923455
        },
        "2015-10": {
            "month": "2015-10",
            "price": "37.44",
            "revenue": 948348
        },
        "2015-11": {
            "month": "2015-11",
            "price": "43.29",
            "revenue": 1065675
        },
        "2015-12": {
            "month": "2015-12",
            "price": "48.67",
            "revenue": 1626371
        },
        "2016-01": {
            "month": "2016-01",
            "price": "55.10",
            "revenue": 1628132
        },
        "2016-02": {
            "month": "2016-02",
            "price": "58.31",
            "revenue": 801706
        },
        "2016-03": {
            "month": "2016-03",
            "price": "62.06",
            "revenue": 1713741
        },
        "2016-04": {
            "month": "2016-04",
            "price": "53.48",
            "revenue": 1478228
        },
        "2016-05": {
            "month": "2016-05",
            "price": "43.15",
            "revenue": 1260049
        },
        "2016-06": {
            "month": "2016-06",
            "price": "41.20",
            "revenue": 909692
        },
        "2016-07": {
            "month": "2016-07",
            "price": "39.51",
            "revenue": 1039111
        },
        "2016-08": {
            "month": "2016-08",
            "price": "36.16",
            "revenue": 1049749
        },
        "2016-09": {
            "month": "2016-09",
            "price": "34.64",
            "revenue": 898503
        },
        "2016-10": {
            "month": "2016-10",
            "price": "35.68",
            "revenue": 718118
        },
        "2016-11": {
            "month": "2016-11",
            "price": "31.73",
            "revenue": 886218
        },
        "2016-12": {
            "month": "2016-12",
            "price": "32.69",
            "revenue": 898522
        },
        "2017-01": {
            "month": "2017-01",
            "price": "32.59",
            "revenue": 758555
        },
        "2017-02": {
            "month": "2017-02",
            "price": "32.91",
            "revenue": 662778
        },
        "2017-03": {
            "month": "2017-03",
            "price": "33.13",
            "revenue": 700112
        },
        "2017-04": {
            "month": "2017-04",
            "price": "33.11",
            "revenue": 662776
        },
        "2017-05": {
            "month": "2017-05",
            "price": "30.43",
            "revenue": 743385
        },
        "2017-06": {
            "month": "2017-06",
            "price": "30.61",
            "revenue": 808037
        },
        "2017-07": {
            "month": "2017-07",
            "price": "31.20",
            "revenue": 761650
        },
        "2017-08": {
            "month": "2017-08",
            "price": "28.88",
            "revenue": 731655
        },
        "2017-09": {
            "month": "2017-09",
            "price": "28.30",
            "revenue": 715535
        },
        "2017-10": {
            "month": "2017-10",
            "price": "28.76",
            "revenue": 717967
        },
        "2017-11": {
            "month": "2017-11",
            "price": "29.93",
            "revenue": 666786
        },
        "2017-12": {
            "month": "2017-12",
            "price": "31.30",
            "revenue": 740703
        },
        "2018-01": {
            "month": "2018-01",
            "price": "29.69",
            "revenue": 609447
        },
        "2018-02": {
            "month": "2018-02",
            "price": "26.74",
            "revenue": 346207
        },
        "2018-03": {
            "month": "2018-03",
            "price": "26.46",
            "revenue": 669511
        },
        "2018-04": {
            "month": "2018-04",
            "price": "26.00",
            "revenue": 664593
        },
        "2018-05": {
            "month": "2018-05",
            "price": "25.72",
            "revenue": 667894
        },
        "2018-06": {
            "month": "2018-06",
            "price": "26.14",
            "revenue": 797600
        },
        "2018-07": {
            "month": "2018-07",
            "price": "24.62",
            "revenue": 722323
        },
        "2018-08": {
            "month": "2018-08",
            "price": "23.22",
            "revenue": 629523
        },
        "2018-09": {
            "month": "2018-09",
            "price": "20.64",
            "revenue": 642702
        },
        "2018-10": {
            "month": "2018-10",
            "price": "17.66",
            "revenue": 674749
        },
        "2018-11": {
            "month": "2018-11",
            "price": "17.00",
            "revenue": 683767
        },
        "2018-12": {
            "month": "2018-12",
            "price": "19.87",
            "revenue": 663243
        },
        "2019-01": {
            "month": "2019-01",
            "price": "20.12",
            "revenue": 677318
        },
        "2019-02": {
            "month": "2019-02",
            "price": "20.53",
            "revenue": 398813
        },
        "2019-03": {
            "month": "2019-03",
            "price": "20.94",
            "revenue": 716068
        },
        "2019-04": {
            "month": "2019-04",
            "price": "22.88",
            "revenue": 726978
        },
        "2019-05": {
            "month": "2019-05",
            "price": "21.10",
            "revenue": 719455
        },
        "2019-06": {
            "month": "2019-06",
            "price": "20.45",
            "revenue": 668587
        },
        "2019-07": {
            "month": "2019-07",
            "price": "22.01",
            "revenue": 855167
        },
        "2019-08": {
            "month": "2019-08",
            "price": "23.05",
            "revenue": 765285
        },
        "2019-09": {
            "month": "2019-09",
            "price": "23.46",
            "revenue": 627948
        },
        "2019-10": {
            "month": "2019-10",
            "price": "23.47",
            "revenue": 423944
        },
        "2019-11": {
            "month": "2019-11",
            "price": "20.78",
            "revenue": 607674
        },
        "2019-12": {
            "month": "2019-12",
            "price": "20.53",
            "revenue": 592475
        },
        "2020-01": {
            "month": "2020-01",
            "price": "19.96",
            "revenue": 365560
        },
        "2020-02": {
            "month": "2020-02",
            "price": "17.86",
            "revenue": 363745
        },
        "2020-03": {
            "month": "2020-03",
            "price": "14.35",
            "revenue": 725446
        },
        "2020-04": {
            "month": "2020-04",
            "price": "14.98",
            "revenue": 736342
        },
        "2020-05": {
            "month": "2020-05",
            "price": "16.25",
            "revenue": 684400
        },
        "2020-06": {
            "month": "2020-06",
            "price": "17.79",
            "revenue": 549009
        },
        "2020-07": {
            "month": "2020-07",
            "price": "19.10",
            "revenue": 699170
        },
        "2020-08": {
            "month": "2020-08",
            "price": "18.60",
            "revenue": 851105
        },
        "2020-09": {
            "month": "2020-09",
            "price": "18.67",
            "revenue": 803040
        },
        "2020-10": {
            "month": "2020-10",
            "price": "18.31",
            "revenue": 737449
        },
        "2020-11": {
            "month": "2020-11",
            "price": "18.47",
            "revenue": 742552
        },
        "2020-12": {
            "month": "2020-12",
            "price": "19.47",
            "revenue": 679544
        },
        "2021-01": {
            "month": "2021-01",
            "price": "18.42",
            "revenue": 584193
        },
        "2021-02": {
            "month": "2021-02",
            "price": "18.03",
            "revenue": 340735
        },
        "2021-03": {
            "month": "2021-03",
            "price": "18.33",
            "revenue": 478470
        },
        "2021-04": {
            "month": "2021-04",
            "price": "20.65",
            "revenue": 521919
        },
        "2021-05": {
            "month": "2021-05",
            "price": "20.10",
            "revenue": 419972
        },
        "2021-06": {
            "month": "2021-06",
            "price": "20.51",
            "revenue": 570259
        },
        "2021-07": {
            "month": "2021-07",
            "price": "21.78",
            "revenue": 584491
        },
        "2021-08": {
            "month": "2021-08",
            "price": "18.84",
            "revenue": 557053
        },
        "2021-09": {
            "month": "2021-09",
            "price": "17.77",
            "revenue": 592984
        },
        "2021-10": {
            "month": "2021-10",
            "price": "18.38",
            "revenue": 587350
        },
        "2021-11": {
            "month": "2021-11",
            "price": "21.36",
            "revenue": 508734
        },
        "2021-12": {
            "month": "2021-12",
            "price": "21.72",
            "revenue": 531383
        },
        "2022-01": {
            "month": "2022-01",
            "price": "20.07",
            "revenue": 498445
        },
        "2022-02": {
            "month": "2022-02",
            "price": "19.04",
            "revenue": 365434
        },
        "2022-03": {
            "month": "2022-03",
            "price": "18.39",
            "revenue": 528601
        },
        "2022-04": {
            "month": "2022-04",
            "price": "17.83",
            "revenue": 408879
        },
        "2022-05": {
            "month": "2022-05",
            "price": "16.57",
            "revenue": 417360
        },
        "2022-06": {
            "month": "2022-06",
            "price": "16.79",
            "revenue": 537431
        },
        "2022-07": {
            "month": "2022-07",
            "price": "16.35",
            "revenue": 589100
        },
        "2022-08": {
            "month": "2022-08",
            "price": "17.62",
            "revenue": 655975
        },
        "2022-09": {
            "month": "2022-09",
            "price": "18.17",
            "revenue": 620468
        },
        "2022-10": {
            "month": "2022-10",
            "price": "17.11",
            "revenue": 632740
        },
        "2022-11": {
            "month": "2022-11",
            "price": "17.39",
            "revenue": 721428
        },
        "2022-12": {
            "month": "2022-12",
            "price": "17.86",
            "revenue": 606173
        },
        "2023-01": {
            "month": "2023-01",
            "price": "17.21",
            "revenue": 456852
        },
        "2023-02": {
            "month": "2023-02",
            "price": "17.97",
            "revenue": 502454
        },
        "2023-03": {
            "month": "2023-03",
            "price": "18.78",
            "revenue": 543709
        },
        "2023-04": {
            "month": "2023-04",
            "price": "19.89",
            "revenue": 448934
        },
        "2023-05": {
            "month": "2023-05",
            "price": "18.86",
            "revenue": 552326
        }
    }
}
