{
    "summary": {
        "stock_name": "一詮",
        "stock_id": "2486",
        "category": "光電",
        "main_business": "LED及SMD導線架<br>直下式電視背光模組、散熱片及IC導線架<br>其他電子零組件",
        "website_url": "http://www.i-chiun.com.tw",
        "ceo": "周萬順",
        "pe_ratio": 74,
        "report_year_from": 2001,
        "report_year_to": 2023,
        "age": 22,
        "eps_negative_percentage": 30,
        "eps_growth_avg": {
            "last_all": 9.23,
            "last_2y": -74.73,
            "last_4y": -74.73,
            "last_8y": -59.81,
            "last_12y": -37.18,
            "last_16y": -13.85,
            "last_20y": 9.23,
            "at_2006_last_3y": 51.38,
            "at_2007_last_3y": 63.23,
            "at_2008_last_3y": 28.99,
            "at_2009_last_3y": 21.15,
            "at_2010_last_3y": 0.8,
            "at_2011_last_3y": -28,
            "at_2012_last_3y": -25.01,
            "at_2013_last_3y": -14.56,
            "at_2014_last_3y": -1.57,
            "at_2015_last_3y": -1.57,
            "at_2016_last_3y": -1.57,
            "at_2017_last_3y": -52.36,
            "at_2018_last_3y": -100,
            "at_2019_last_3y": null,
            "at_2020_last_3y": null,
            "at_2021_last_3y": null,
            "at_2022_last_3y": -74.73,
            "at_2023_last_3y": -74.73,
            "at_2006_last_all": 61.1,
            "at_2007_last_all": 53.45,
            "at_2008_last_all": 40.53,
            "at_2009_last_all": 44.05,
            "at_2010_last_all": 34.3,
            "at_2011_last_all": 20.87,
            "at_2012_last_all": 20.87,
            "at_2013_last_all": 28.06,
            "at_2014_last_all": 25.33,
            "at_2015_last_all": 15.69,
            "at_2016_last_all": 15.69,
            "at_2017_last_all": 15.69,
            "at_2018_last_all": 15.69,
            "at_2019_last_all": 15.69,
            "at_2020_last_all": 15.69,
            "at_2021_last_all": 15.69,
            "at_2022_last_all": 9.23,
            "at_2023_last_all": 9.23
        },
        "latest_eps": 0.4,
        "latest_price": 29.75,
        "latest_roe": 1.9,
        "latest_gross_margin": 13.35,
        "latest_equity": 4219604,
        "latest_revenue": 1107979,
        "latest_gross_profit": 147969,
        "latest_net_income": 13416,
        "latest_debt_ratio": 44.31,
        "latest_current_ratio": 287.17,
        "latest_account_receivable_turnover_ratio": 0.6,
        "latest_inventory_turnover_ratio": 0.74,
        "latest_reinvestment_rate": -98.49,
        "latest_research_to_sale_ratio": 2.81
    },
    "eps_dividends": {
        "1999": {
            "cash": 2,
            "stock": 2,
            "eps": 0
        },
        "2000": {
            "cash": 0,
            "stock": 0,
            "eps": 0
        },
        "2001": {
            "cash": 0,
            "stock": 1,
            "eps": 0.13
        },
        "2002": {
            "cash": 0,
            "stock": 1,
            "eps": 0.59
        },
        "2003": {
            "cash": 0,
            "stock": 0,
            "eps": 0.4
        },
        "2004": {
            "cash": 0,
            "stock": 1,
            "eps": 0.9
        },
        "2005": {
            "cash": 0,
            "stock": 1,
            "eps": 2.2
        },
        "2006": {
            "cash": 0,
            "stock": 1,
            "eps": 3.03
        },
        "2007": {
            "cash": 2,
            "stock": 1,
            "eps": 3.49
        },
        "2008": {
            "cash": 2,
            "stock": 1,
            "eps": 2.2
        },
        "2009": {
            "cash": 1,
            "stock": 0,
            "eps": 3.71
        },
        "2010": {
            "cash": 2,
            "stock": 0,
            "eps": 2.09
        },
        "2011": {
            "cash": 1,
            "stock": 0,
            "eps": -1.95
        },
        "2012": {
            "cash": 0,
            "stock": 0,
            "eps": 0.39
        },
        "2013": {
            "cash": 1,
            "stock": 0,
            "eps": 1.06
        },
        "2014": {
            "cash": 1,
            "stock": 0,
            "eps": 1.01
        },
        "2015": {
            "cash": 1,
            "stock": 0,
            "eps": -1.39
        },
        "2016": {
            "cash": 0,
            "stock": 0,
            "eps": -0.51
        },
        "2017": {
            "cash": 0,
            "stock": 0,
            "eps": -0.87
        },
        "2018": {
            "cash": 0,
            "stock": 0,
            "eps": -0.55
        },
        "2019": {
            "cash": 0,
            "stock": 0,
            "eps": -0.9
        },
        "2020": {
            "cash": 0,
            "stock": 0,
            "eps": -0.74
        },
        "2021": {
            "cash": 0,
            "stock": 0,
            "eps": 1.82
        },
        "2022": {
            "cash": 1,
            "stock": 0,
            "eps": 0.46
        },
        "2023": {
            "cash": 0,
            "stock": 0,
            "eps": 0.06
        }
    },
    "dividends": {
        "1999-07-08": {
            "cash": 1.51,
            "stock": 1.51
        },
        "2000-03-20": {
            "cash": 0,
            "stock": 0.08
        },
        "2001-05-24": {
            "cash": 0.16,
            "stock": 0.9
        },
        "2002-06-21": {
            "cash": 0,
            "stock": 0.5
        },
        "2003-04-14": {
            "cash": 0,
            "stock": 0.47
        },
        "2004-04-28": {
            "cash": 0,
            "stock": 0.5
        },
        "2005-04-20": {
            "cash": 0.17,
            "stock": 0.7
        },
        "2006-04-10": {
            "cash": 0.26,
            "stock": 0.87
        },
        "2007-04-23": {
            "cash": 1.5,
            "stock": 0.5
        },
        "2008-03-26": {
            "cash": 1.75,
            "stock": 0.5
        },
        "2009-03-26": {
            "cash": 1.1,
            "stock": 0.46
        },
        "2010-03-18": {
            "cash": 2.49,
            "stock": 0
        },
        "2011-03-24": {
            "cash": 1.25,
            "stock": 0
        },
        "2013-03-08": {
            "cash": 0.5,
            "stock": 0
        },
        "2014-08-14": {
            "cash": 0.75,
            "stock": 0
        },
        "2015-08-18": {
            "cash": 0.75,
            "stock": 0
        },
        "2022-07-11": {
            "cash": 0.5,
            "stock": 0
        },
        "2023-07-13": {
            "cash": 0.4,
            "stock": 0
        }
    },
    "prices": {
        "200101": "無",
        "200102": "無",
        "200103": "無",
        "200104": "無",
        "200105": "無",
        "200106": "無",
        "200107": "無",
        "200108": "無",
        "200109": "8.18",
        "200110": "7.01",
        "200111": "10.00",
        "200112": "20.25",
        "200201": "23.05",
        "200202": "23.86",
        "200203": "23.71",
        "200204": "25.09",
        "200205": "21.48",
        "200206": "18.48",
        "200207": "15.43",
        "200208": "17.45",
        "200209": "18.35",
        "200210": "16.31",
        "200211": "19.14",
        "200212": "17.43",
        "200301": "16.88",
        "200302": "16.18",
        "200303": "15.70",
        "200304": "15.29",
        "200305": "13.69",
        "200306": "18.21",
        "200307": "21.99",
        "200308": "18.30",
        "200309": "16.22",
        "200310": "16.47",
        "200311": "16.71",
        "200312": "16.57",
        "200401": "18.09",
        "200402": "18.94",
        "200403": "17.00",
        "200404": "16.55",
        "200405": "14.48",
        "200406": "14.07",
        "200407": "12.38",
        "200408": "12.40",
        "200409": "14.24",
        "200410": "13.82",
        "200411": "13.09",
        "200412": "11.91",
        "200501": "11.30",
        "200502": "12.08",
        "200503": "12.74",
        "200504": "13.74",
        "200505": "14.21",
        "200506": "15.50",
        "200507": "18.89",
        "200508": "18.49",
        "200509": "16.85",
        "200510": "16.61",
        "200511": "16.90",
        "200512": "23.80",
        "200601": "28.45",
        "200602": "25.93",
        "200603": "27.65",
        "200604": "37.19",
        "200605": "37.06",
        "200606": "33.79",
        "200607": "32.21",
        "200608": "32.08",
        "200609": "32.76",
        "200610": "34.94",
        "200611": "33.54",
        "200612": "33.89",
        "200701": "36.48",
        "200702": "39.84",
        "200703": "47.34",
        "200704": "46.88",
        "200705": "45.46",
        "200706": "49.90",
        "200707": "53.68",
        "200708": "49.15",
        "200709": "49.46",
        "200710": "48.16",
        "200711": "42.72",
        "200712": "36.49",
        "200801": "32.72",
        "200802": "33.15",
        "200803": "36.73",
        "200804": "39.15",
        "200805": "42.24",
        "200806": "38.71",
        "200807": "33.30",
        "200808": "34.64",
        "200809": "28.84",
        "200810": "22.34",
        "200811": "16.09",
        "200812": "14.05",
        "200901": "14.96",
        "200902": "16.48",
        "200903": "20.11",
        "200904": "22.88",
        "200905": "29.40",
        "200906": "31.88",
        "200907": "40.25",
        "200908": "40.74",
        "200909": "47.87",
        "200910": "46.95",
        "200911": "45.46",
        "200912": "52.77",
        "201001": "51.70",
        "201002": "48.30",
        "201003": "50.47",
        "201004": "54.40",
        "201005": "47.35",
        "201006": "44.14",
        "201007": "44.01",
        "201008": "41.54",
        "201009": "39.58",
        "201010": "38.65",
        "201011": "31.67",
        "201012": "34.00",
        "201101": "36.40",
        "201102": "35.34",
        "201103": "33.43",
        "201104": "30.33",
        "201105": "25.14",
        "201106": "23.46",
        "201107": "19.52",
        "201108": "15.19",
        "201109": "15.06",
        "201110": "16.77",
        "201111": "14.72",
        "201112": "13.54",
        "201201": "14.03",
        "201202": "19.09",
        "201203": "22.15",
        "201204": "22.54",
        "201205": "22.66",
        "201206": "20.29",
        "201207": "17.29",
        "201208": "18.90",
        "201209": "20.83",
        "201210": "19.79",
        "201211": "18.03",
        "201212": "18.20",
        "201301": "19.06",
        "201302": "19.62",
        "201303": "20.76",
        "201304": "20.51",
        "201305": "20.67",
        "201306": "19.56",
        "201307": "18.83",
        "201308": "17.18",
        "201309": "17.20",
        "201310": "19.30",
        "201311": "17.66",
        "201312": "18.70",
        "201401": "20.18",
        "201402": "20.51",
        "201403": "23.07",
        "201404": "23.68",
        "201405": "21.05",
        "201406": "22.17",
        "201407": "23.22",
        "201408": "22.02",
        "201409": "20.99",
        "201410": "18.07",
        "201411": "17.75",
        "201412": "18.59",
        "201501": "19.06",
        "201502": "19.05",
        "201503": "18.77",
        "201504": "17.94",
        "201505": "15.82",
        "201506": "13.26",
        "201507": "12.07",
        "201508": "10.46",
        "201509": "10.59",
        "201510": "11.21",
        "201511": "10.69",
        "201512": "10.12",
        "201601": "9.26",
        "201602": "9.65",
        "201603": "9.90",
        "201604": "8.93",
        "201605": "8.23",
        "201606": "8.67",
        "201607": "9.60",
        "201608": "9.09",
        "201609": "9.34",
        "201610": "8.70",
        "201611": "8.08",
        "201612": "8.35",
        "201701": "9.14",
        "201702": "9.48",
        "201703": "9.53",
        "201704": "9.16",
        "201705": "9.13",
        "201706": "8.91",
        "201707": "9.05",
        "201708": "10.69",
        "201709": "11.46",
        "201710": "11.16",
        "201711": "10.76",
        "201712": "10.60",
        "201801": "11.58",
        "201802": "10.72",
        "201803": "10.60",
        "201804": "9.73",
        "201805": "10.10",
        "201806": "12.88",
        "201807": "13.68",
        "201808": "11.90",
        "201809": "11.14",
        "201810": "9.28",
        "201811": "9.10",
        "201812": "9.59",
        "201901": "9.11",
        "201902": "9.40",
        "201903": "9.31",
        "201904": "9.22",
        "201905": "8.43",
        "201906": "8.21",
        "201907": "8.31",
        "201908": "8.20",
        "201909": "8.31",
        "201910": "8.25",
        "201911": "8.06",
        "201912": "8.54",
        "202001": "8.67",
        "202002": "8.04",
        "202003": "6.30",
        "202004": "6.74",
        "202005": "7.44",
        "202006": "7.32",
        "202007": "8.58",
        "202008": "8.86",
        "202009": "11.44",
        "202010": "13.06",
        "202011": "15.37",
        "202012": "19.50",
        "202101": "18.50",
        "202102": "19.98",
        "202103": "25.57",
        "202104": "34.51",
        "202105": "28.40",
        "202106": "32.24",
        "202107": "54.04",
        "202108": "52.74",
        "202109": "54.77",
        "202110": "53.83",
        "202111": "58.15",
        "202112": "52.08",
        "202201": "46.41",
        "202202": "46.91",
        "202203": "44.47",
        "202204": "41.80",
        "202205": "36.72",
        "202206": "33.51",
        "202207": "26.74",
        "202208": "25.61",
        "202209": "21.09",
        "202210": "17.44",
        "202211": "19.10",
        "202212": "22.82",
        "202301": "22.28",
        "202302": "23.51",
        "202303": "27.28",
        "202304": "29.11",
        "202305": "28.42"
    },
    "quarters": {
        "20011": {
            "year_quarter": 20011,
            "year": 2001,
            "quarter": 1,
            "eps": 0.01,
            "eps_growth_year": -95,
            "eps_4q": 0.7,
            "eps_4q_growth_year": -53.49,
            "roe": 0.09,
            "roe_4q": 0.09,
            "gross_profit": 25006,
            "gross_margin": 14.24,
            "gross_margin_4q_avg": 14.24,
            "net_income": 615,
            "revenue": 175620,
            "common_shares": 560000,
            "book_valuer_per_share": 13.55,
            "book_valuer_per_share_4q_avg": 13.55,
            "equity": 758964,
            "current_ratio": 85.97,
            "debt_ratio": 46.08,
            "inventory_turnover_ratio": 1.37,
            "account_receivable_turnover_ratio": null,
            "reinvestment_rate": null,
            "research_to_sale_ratio": null,
            "price_fair": 0,
            "eps_avg_yearly": 0,
            "eps_latest_yearly": 0,
            "eps_growth_yearly": 0
        },
        "20012": {
            "year_quarter": 20012,
            "year": 2001,
            "quarter": 2,
            "eps": -0.08,
            "eps_growth_year": -118.6,
            "eps_4q": 0.36,
            "eps_4q_growth_year": -79.83,
            "roe": -0.62,
            "roe_4q": -0.53,
            "gross_profit": 29044,
            "gross_margin": 19.03,
            "gross_margin_4q_avg": 16.64,
            "net_income": -4669,
            "revenue": 152649,
            "common_shares": 560000,
            "book_valuer_per_share": 13.39,
            "book_valuer_per_share_4q_avg": 13.47,
            "equity": 750054,
            "current_ratio": 71.42,
            "debt_ratio": 47.65,
            "inventory_turnover_ratio": 1.23,
            "account_receivable_turnover_ratio": null,
            "reinvestment_rate": null,
            "research_to_sale_ratio": null,
            "price_fair": 0,
            "eps_avg_yearly": 0,
            "eps_latest_yearly": 0,
            "eps_growth_yearly": 0
        },
        "20013": {
            "year_quarter": 20013,
            "year": 2001,
            "quarter": 3,
            "eps": 0.01,
            "eps_growth_year": -97.56,
            "eps_4q": 0.04,
            "eps_4q_growth_year": -97.35,
            "roe": 0.08,
            "roe_4q": -0.45000000000000007,
            "gross_profit": 25394,
            "gross_margin": 18.39,
            "gross_margin_4q_avg": 17.22,
            "net_income": 647,
            "revenue": 138117,
            "common_shares": 628205,
            "book_valuer_per_share": 12.33,
            "book_valuer_per_share_4q_avg": 13.09,
            "equity": 774341,
            "current_ratio": 75.01,
            "debt_ratio": 48.13,
            "inventory_turnover_ratio": 1,
            "account_receivable_turnover_ratio": null,
            "reinvestment_rate": null,
            "research_to_sale_ratio": null,
            "price_fair": 0,
            "eps_avg_yearly": 0,
            "eps_latest_yearly": 0,
            "eps_growth_yearly": 0
        },
        "20014": {
            "year_quarter": 20014,
            "year": 2001,
            "quarter": 4,
            "eps": 0.19,
            "eps_growth_year": 46.15,
            "eps_4q": 0.14,
            "eps_4q_growth_year": -87.36,
            "roe": 1.51,
            "roe_4q": 1.06,
            "gross_profit": 24934,
            "gross_margin": 14.47,
            "gross_margin_4q_avg": 16.53,
            "net_income": 11891,
            "revenue": 172291,
            "common_shares": 628205,
            "book_valuer_per_share": 12.65,
            "book_valuer_per_share_4q_avg": 12.98,
            "equity": 803119,
            "current_ratio": 66.64,
            "debt_ratio": 52.15,
            "inventory_turnover_ratio": 0.96,
            "account_receivable_turnover_ratio": null,
            "reinvestment_rate": null,
            "research_to_sale_ratio": null,
            "price_fair": 0,
            "eps_avg_yearly": 0,
            "eps_latest_yearly": 0,
            "eps_growth_yearly": 0
        },
        "20021": {
            "year_quarter": 20021,
            "year": 2002,
            "quarter": 1,
            "eps": 0.01,
            "eps_growth_year": 0,
            "eps_4q": 0.15,
            "eps_4q_growth_year": -78.28,
            "roe": 0.07,
            "roe_4q": 1.04,
            "gross_profit": 20796,
            "gross_margin": 11.18,
            "gross_margin_4q_avg": 15.77,
            "net_income": 551,
            "revenue": 186014,
            "common_shares": 628205,
            "book_valuer_per_share": 12.58,
            "book_valuer_per_share_4q_avg": 12.74,
            "equity": 790118,
            "current_ratio": 71.65,
            "debt_ratio": 49.28,
            "inventory_turnover_ratio": 1.11,
            "account_receivable_turnover_ratio": null,
            "reinvestment_rate": null,
            "research_to_sale_ratio": null,
            "price_fair": 0.12,
            "eps_avg_yearly": 0.04,
            "eps_latest_yearly": 0.04,
            "eps_growth_yearly": -378.95
        },
        "20022": {
            "year_quarter": 20022,
            "year": 2002,
            "quarter": 2,
            "eps": 0.01,
            "eps_growth_year": null,
            "eps_4q": 0.21,
            "eps_4q_growth_year": -39.61,
            "roe": 0.05,
            "roe_4q": 1.7100000000000002,
            "gross_profit": 35571,
            "gross_margin": 17.76,
            "gross_margin_4q_avg": 15.45,
            "net_income": 397,
            "revenue": 200298,
            "common_shares": 628205,
            "book_valuer_per_share": 12.47,
            "book_valuer_per_share_4q_avg": 12.51,
            "equity": 783163,
            "current_ratio": 72.72,
            "debt_ratio": 52.59,
            "inventory_turnover_ratio": 1.31,
            "account_receivable_turnover_ratio": null,
            "reinvestment_rate": null,
            "research_to_sale_ratio": null,
            "price_fair": 0.12,
            "eps_avg_yearly": 0.04,
            "eps_latest_yearly": 0.04,
            "eps_growth_yearly": -189.47
        },
        "20023": {
            "year_quarter": 20023,
            "year": 2002,
            "quarter": 3,
            "eps": 0.33,
            "eps_growth_year": 3200,
            "eps_4q": 0.52,
            "eps_4q_growth_year": 1061.17,
            "roe": 2.76,
            "roe_4q": 4.39,
            "gross_profit": 45473,
            "gross_margin": 22.5,
            "gross_margin_4q_avg": 16.48,
            "net_income": 22048,
            "revenue": 202087,
            "common_shares": 660650,
            "book_valuer_per_share": 12.36,
            "book_valuer_per_share_4q_avg": 12.52,
            "equity": 816771,
            "current_ratio": 74.7,
            "debt_ratio": 51.21,
            "inventory_turnover_ratio": 1.06,
            "account_receivable_turnover_ratio": null,
            "reinvestment_rate": null,
            "research_to_sale_ratio": null,
            "price_fair": 16.33,
            "eps_avg_yearly": 0.47,
            "eps_latest_yearly": 1.32,
            "eps_growth_yearly": 4140.35
        },
        "20024": {
            "year_quarter": 20024,
            "year": 2002,
            "quarter": 4,
            "eps": 0.24,
            "eps_growth_year": 26.32,
            "eps_4q": 0.59,
            "eps_4q_growth_year": 333.81,
            "roe": 1.92,
            "roe_4q": 4.8,
            "gross_profit": 42685,
            "gross_margin": 19.52,
            "gross_margin_4q_avg": 17.74,
            "net_income": 15856,
            "revenue": 218652,
            "common_shares": 660650,
            "book_valuer_per_share": 12.48,
            "book_valuer_per_share_4q_avg": 12.47,
            "equity": 834179,
            "current_ratio": 99.92,
            "debt_ratio": 61.11,
            "inventory_turnover_ratio": 1,
            "account_receivable_turnover_ratio": null,
            "reinvestment_rate": 301.7,
            "research_to_sale_ratio": null,
            "price_fair": 20.65,
            "eps_avg_yearly": 0.59,
            "eps_latest_yearly": 0.96,
            "eps_growth_yearly": 3077.99
        },
        "20031": {
            "year_quarter": 20031,
            "year": 2003,
            "quarter": 1,
            "eps": 0.14,
            "eps_growth_year": 1300,
            "eps_4q": 0.71,
            "eps_4q_growth_year": 362.62,
            "roe": 1.02,
            "roe_4q": 5.749999999999999,
            "gross_profit": 33477,
            "gross_margin": 18.3,
            "gross_margin_4q_avg": 19.52,
            "net_income": 9458,
            "revenue": 182983,
            "common_shares": 773010,
            "book_valuer_per_share": 13.14,
            "book_valuer_per_share_4q_avg": 12.61,
            "equity": 1016094,
            "current_ratio": 112.59,
            "debt_ratio": 44.04,
            "inventory_turnover_ratio": 0.96,
            "account_receivable_turnover_ratio": null,
            "reinvestment_rate": 88.39,
            "research_to_sale_ratio": null,
            "price_fair": 20.44,
            "eps_avg_yearly": 0.58,
            "eps_latest_yearly": 0.56,
            "eps_growth_yearly": 2429.06
        },
        "20032": {
            "year_quarter": 20032,
            "year": 2003,
            "quarter": 2,
            "eps": 0.28,
            "eps_growth_year": 2700,
            "eps_4q": 0.93,
            "eps_4q_growth_year": 331.34,
            "roe": 1.92,
            "roe_4q": 7.619999999999999,
            "gross_profit": 41447,
            "gross_margin": 21.39,
            "gross_margin_4q_avg": 20.43,
            "net_income": 20529,
            "revenue": 193808,
            "common_shares": 823196,
            "book_valuer_per_share": 13.57,
            "book_valuer_per_share_4q_avg": 12.89,
            "equity": 1117283,
            "current_ratio": 113.67,
            "debt_ratio": 39.51,
            "inventory_turnover_ratio": 1.34,
            "account_receivable_turnover_ratio": null,
            "reinvestment_rate": 72.85,
            "research_to_sale_ratio": null,
            "price_fair": 23.57,
            "eps_avg_yearly": 0.67,
            "eps_latest_yearly": 1.12,
            "eps_growth_yearly": 2090.88
        },
        "20033": {
            "year_quarter": 20033,
            "year": 2003,
            "quarter": 3,
            "eps": 0.08,
            "eps_growth_year": -75.76,
            "eps_4q": 0.65,
            "eps_4q_growth_year": 24.28,
            "roe": 0.57,
            "roe_4q": 5.43,
            "gross_profit": 45294,
            "gross_margin": 20.41,
            "gross_margin_4q_avg": 19.91,
            "net_income": 6446,
            "revenue": 221903,
            "common_shares": 880148,
            "book_valuer_per_share": 12.96,
            "book_valuer_per_share_4q_avg": 13.04,
            "equity": 1140442,
            "current_ratio": 141.56,
            "debt_ratio": 40.46,
            "inventory_turnover_ratio": 1.45,
            "account_receivable_turnover_ratio": null,
            "reinvestment_rate": 57.69,
            "research_to_sale_ratio": null,
            "price_fair": 21.8,
            "eps_avg_yearly": 0.62,
            "eps_latest_yearly": 0.32,
            "eps_growth_yearly": 1751.37
        },
        "20034": {
            "year_quarter": 20034,
            "year": 2003,
            "quarter": 4,
            "eps": -0.1,
            "eps_growth_year": -141.67,
            "eps_4q": 0.32,
            "eps_4q_growth_year": -46.11,
            "roe": -0.74,
            "roe_4q": 2.77,
            "gross_profit": 46707,
            "gross_margin": 24.34,
            "gross_margin_4q_avg": 21.11,
            "net_income": -8453,
            "revenue": 191902,
            "common_shares": 881979,
            "book_valuer_per_share": 12.92,
            "book_valuer_per_share_4q_avg": 13.15,
            "equity": 1156121,
            "current_ratio": 111.46,
            "debt_ratio": 50.21,
            "inventory_turnover_ratio": 0.65,
            "account_receivable_turnover_ratio": null,
            "reinvestment_rate": 349.45,
            "research_to_sale_ratio": null,
            "price_fair": 21.8,
            "eps_avg_yearly": 0.62,
            "eps_latest_yearly": 0.32,
            "eps_growth_yearly": 1751.37
        },
        "20041": {
            "year_quarter": 20041,
            "year": 2004,
            "quarter": 1,
            "eps": 0.2,
            "eps_growth_year": 42.86,
            "eps_4q": 0.41,
            "eps_4q_growth_year": -41.57,
            "roe": 1.51,
            "roe_4q": 3.26,
            "gross_profit": 50793,
            "gross_margin": 22.26,
            "gross_margin_4q_avg": 22.1,
            "net_income": 17388,
            "revenue": 228162,
            "common_shares": 883613,
            "book_valuer_per_share": 13.01,
            "book_valuer_per_share_4q_avg": 13.12,
            "equity": 1149635,
            "current_ratio": 120.97,
            "debt_ratio": 42.15,
            "inventory_turnover_ratio": 0.75,
            "account_receivable_turnover_ratio": null,
            "reinvestment_rate": 30.61,
            "research_to_sale_ratio": null,
            "price_fair": 21.8,
            "eps_avg_yearly": 0.62,
            "eps_latest_yearly": 0.32,
            "eps_growth_yearly": 1751.37
        },
        "20042": {
            "year_quarter": 20042,
            "year": 2004,
            "quarter": 2,
            "eps": 0.53,
            "eps_growth_year": 89.29,
            "eps_4q": 0.71,
            "eps_4q_growth_year": -23.83,
            "roe": 3.94,
            "roe_4q": 5.28,
            "gross_profit": 66672,
            "gross_margin": 24.43,
            "gross_margin_4q_avg": 22.86,
            "net_income": 46487,
            "revenue": 272918,
            "common_shares": 888384,
            "book_valuer_per_share": 13.64,
            "book_valuer_per_share_4q_avg": 13.13,
            "equity": 1211643,
            "current_ratio": 178.77,
            "debt_ratio": 46.68,
            "inventory_turnover_ratio": 1.33,
            "account_receivable_turnover_ratio": null,
            "reinvestment_rate": 11.75,
            "research_to_sale_ratio": null,
            "price_fair": 28.35,
            "eps_avg_yearly": 0.81,
            "eps_latest_yearly": 2.12,
            "eps_growth_yearly": 1614.95
        },
        "20043": {
            "year_quarter": 20043,
            "year": 2004,
            "quarter": 3,
            "eps": 0.37,
            "eps_growth_year": 362.5,
            "eps_4q": 0.97,
            "eps_4q_growth_year": 49.63,
            "roe": 2.74,
            "roe_4q": 7.449999999999999,
            "gross_profit": 64247,
            "gross_margin": 22.24,
            "gross_margin_4q_avg": 23.32,
            "net_income": 34120,
            "revenue": 288822,
            "common_shares": 972023,
            "book_valuer_per_share": 13.15,
            "book_valuer_per_share_4q_avg": 13.18,
            "equity": 1278078,
            "current_ratio": 152.11,
            "debt_ratio": 48.73,
            "inventory_turnover_ratio": 1.2,
            "account_receivable_turnover_ratio": null,
            "reinvestment_rate": 45.94,
            "research_to_sale_ratio": null,
            "price_fair": 30.96,
            "eps_avg_yearly": 0.88,
            "eps_latest_yearly": 1.48,
            "eps_growth_yearly": 1422.09
        },
        "20044": {
            "year_quarter": 20044,
            "year": 2004,
            "quarter": 4,
            "eps": -0.2,
            "eps_growth_year": null,
            "eps_4q": 0.84,
            "eps_4q_growth_year": 164.36,
            "roe": -1.47,
            "roe_4q": 6.72,
            "gross_profit": 50625,
            "gross_margin": 16.4,
            "gross_margin_4q_avg": 21.33,
            "net_income": -18545,
            "revenue": 308712,
            "common_shares": 982958,
            "book_valuer_per_share": 12.62,
            "book_valuer_per_share_4q_avg": 13.11,
            "equity": 1240796,
            "current_ratio": 126.89,
            "debt_ratio": 55.16,
            "inventory_turnover_ratio": 0.91,
            "account_receivable_turnover_ratio": null,
            "reinvestment_rate": 206.37,
            "research_to_sale_ratio": null,
            "price_fair": 30.96,
            "eps_avg_yearly": 0.88,
            "eps_latest_yearly": 1.48,
            "eps_growth_yearly": 1422.09
        },
        "20051": {
            "year_quarter": 20051,
            "year": 2005,
            "quarter": 1,
            "eps": 0.31,
            "eps_growth_year": 55,
            "eps_4q": 0.96,
            "eps_4q_growth_year": 131.63,
            "roe": 2.34,
            "roe_4q": 7.550000000000001,
            "gross_profit": 40919,
            "gross_margin": 12.52,
            "gross_margin_4q_avg": 18.9,
            "net_income": 29749,
            "revenue": 326926,
            "common_shares": 1003041,
            "book_valuer_per_share": 12.96,
            "book_valuer_per_share_4q_avg": 13.09,
            "equity": 1299573,
            "current_ratio": 145.49,
            "debt_ratio": 46.99,
            "inventory_turnover_ratio": 1.06,
            "account_receivable_turnover_ratio": null,
            "reinvestment_rate": 57.07,
            "research_to_sale_ratio": null,
            "price_fair": 30.96,
            "eps_avg_yearly": 0.88,
            "eps_latest_yearly": 1.48,
            "eps_growth_yearly": 1422.09
        },
        "20052": {
            "year_quarter": 20052,
            "year": 2005,
            "quarter": 2,
            "eps": 0.34,
            "eps_growth_year": -35.85,
            "eps_4q": 0.76,
            "eps_4q_growth_year": 8.01,
            "roe": 2.68,
            "roe_4q": 6.29,
            "gross_profit": 71353,
            "gross_margin": 19.24,
            "gross_margin_4q_avg": 17.6,
            "net_income": 36528,
            "revenue": 370886,
            "common_shares": 1092958,
            "book_valuer_per_share": 13.07,
            "book_valuer_per_share_4q_avg": 12.95,
            "equity": 1428628,
            "current_ratio": 141.61,
            "debt_ratio": 44.2,
            "inventory_turnover_ratio": 1.5,
            "account_receivable_turnover_ratio": null,
            "reinvestment_rate": 38.38,
            "research_to_sale_ratio": null,
            "price_fair": 32.62,
            "eps_avg_yearly": 0.93,
            "eps_latest_yearly": 1.36,
            "eps_growth_yearly": 1283.75
        },
        "20053": {
            "year_quarter": 20053,
            "year": 2005,
            "quarter": 3,
            "eps": 0.68,
            "eps_growth_year": 83.78,
            "eps_4q": 1.11,
            "eps_4q_growth_year": 14.23,
            "roe": 4.97,
            "roe_4q": 8.52,
            "gross_profit": 90125,
            "gross_margin": 19.35,
            "gross_margin_4q_avg": 16.88,
            "net_income": 75630,
            "revenue": 465727,
            "common_shares": 1215738,
            "book_valuer_per_share": 13.28,
            "book_valuer_per_share_4q_avg": 12.98,
            "equity": 1614084,
            "current_ratio": 145.08,
            "debt_ratio": 42.92,
            "inventory_turnover_ratio": 2.02,
            "account_receivable_turnover_ratio": null,
            "reinvestment_rate": 17.1,
            "research_to_sale_ratio": null,
            "price_fair": 38.31,
            "eps_avg_yearly": 1.09,
            "eps_latest_yearly": 2.72,
            "eps_growth_yearly": 1203.41
        },
        "20054": {
            "year_quarter": 20054,
            "year": 2005,
            "quarter": 4,
            "eps": 0.87,
            "eps_growth_year": null,
            "eps_4q": 2.11,
            "eps_4q_growth_year": 152.21,
            "roe": 5.97,
            "roe_4q": 15.959999999999999,
            "gross_profit": 109206,
            "gross_margin": 20.23,
            "gross_margin_4q_avg": 17.84,
            "net_income": 99336,
            "revenue": 539784,
            "common_shares": 1215738,
            "book_valuer_per_share": 14.09,
            "book_valuer_per_share_4q_avg": 13.35,
            "equity": 1713298,
            "current_ratio": 125.44,
            "debt_ratio": 51.72,
            "inventory_turnover_ratio": 2.06,
            "account_receivable_turnover_ratio": null,
            "reinvestment_rate": 102.96,
            "research_to_sale_ratio": null,
            "price_fair": 45.27,
            "eps_avg_yearly": 1.29,
            "eps_latest_yearly": 3.48,
            "eps_growth_yearly": 1112.44
        },
        "20061": {
            "year_quarter": 20061,
            "year": 2006,
            "quarter": 1,
            "eps": 0.73,
            "eps_growth_year": 135.48,
            "eps_4q": 2.48,
            "eps_4q_growth_year": 159.02,
            "roe": 5.03,
            "roe_4q": 18.65,
            "gross_profit": 97105,
            "gross_margin": 19.59,
            "gross_margin_4q_avg": 19.6,
            "net_income": 88319,
            "revenue": 495575,
            "common_shares": 1215738,
            "book_valuer_per_share": 14.8,
            "book_valuer_per_share_4q_avg": 13.81,
            "equity": 1798789,
            "current_ratio": 138.31,
            "debt_ratio": 42.62,
            "inventory_turnover_ratio": 2.19,
            "account_receivable_turnover_ratio": null,
            "reinvestment_rate": 17.78,
            "research_to_sale_ratio": null,
            "price_fair": 53.67,
            "eps_avg_yearly": 1.53,
            "eps_latest_yearly": 2.92,
            "eps_growth_yearly": 1138.66
        },
        "20062": {
            "year_quarter": 20062,
            "year": 2006,
            "quarter": 2,
            "eps": 0.72,
            "eps_growth_year": 111.76,
            "eps_4q": 2.66,
            "eps_4q_growth_year": 249.59,
            "roe": 5.33,
            "roe_4q": 21.299999999999997,
            "gross_profit": 145660,
            "gross_margin": 24.84,
            "gross_margin_4q_avg": 21,
            "net_income": 97541,
            "revenue": 586418,
            "common_shares": 1215738,
            "book_valuer_per_share": 15.29,
            "book_valuer_per_share_4q_avg": 14.37,
            "equity": 1859128,
            "current_ratio": 141.85,
            "debt_ratio": 42.18,
            "inventory_turnover_ratio": 3.58,
            "account_receivable_turnover_ratio": null,
            "reinvestment_rate": 14.13,
            "research_to_sale_ratio": null,
            "price_fair": 61.95,
            "eps_avg_yearly": 1.77,
            "eps_latest_yearly": 2.88,
            "eps_growth_yearly": 1138.2
        },
        "20063": {
            "year_quarter": 20063,
            "year": 2006,
            "quarter": 3,
            "eps": 0.99,
            "eps_growth_year": 45.59,
            "eps_4q": 3.02,
            "eps_4q_growth_year": 172.7,
            "roe": 6.22,
            "roe_4q": 22.55,
            "gross_profit": 139779,
            "gross_margin": 25.08,
            "gross_margin_4q_avg": 22.44,
            "net_income": 138764,
            "revenue": 557301,
            "common_shares": 1530000,
            "book_valuer_per_share": 17.03,
            "book_valuer_per_share_4q_avg": 15.3,
            "equity": 2605490,
            "current_ratio": 229.04,
            "debt_ratio": 28.98,
            "inventory_turnover_ratio": 3,
            "account_receivable_turnover_ratio": null,
            "reinvestment_rate": 6.01,
            "research_to_sale_ratio": null,
            "price_fair": 69.65,
            "eps_avg_yearly": 1.99,
            "eps_latest_yearly": 3.96,
            "eps_growth_yearly": 84.03
        },
        "20064": {
            "year_quarter": 20064,
            "year": 2006,
            "quarter": 4,
            "eps": 0.59,
            "eps_growth_year": -32.18,
            "eps_4q": 2.85,
            "eps_4q_growth_year": 34.92,
            "roe": 3.21,
            "roe_4q": 19.79,
            "gross_profit": 125247,
            "gross_margin": 21.3,
            "gross_margin_4q_avg": 22.7,
            "net_income": 84720,
            "revenue": 587956,
            "common_shares": 1530000,
            "book_valuer_per_share": 17.52,
            "book_valuer_per_share_4q_avg": 16.16,
            "equity": 2680203,
            "current_ratio": 196.26,
            "debt_ratio": 37.95,
            "inventory_turnover_ratio": 1.9,
            "account_receivable_turnover_ratio": null,
            "reinvestment_rate": 49.99,
            "research_to_sale_ratio": null,
            "price_fair": 73.73,
            "eps_avg_yearly": 2.11,
            "eps_latest_yearly": 2.36,
            "eps_growth_yearly": 79.66
        },
        "20071": {
            "year_quarter": 20071,
            "year": 2007,
            "quarter": 1,
            "eps": 0.63,
            "eps_growth_year": -13.7,
            "eps_4q": 2.72,
            "eps_4q_growth_year": 9.67,
            "roe": 3.53,
            "roe_4q": 18.29,
            "gross_profit": 105250,
            "gross_margin": 19.2,
            "gross_margin_4q_avg": 22.61,
            "net_income": 96870,
            "revenue": 548282,
            "common_shares": 1530000,
            "book_valuer_per_share": 18.32,
            "book_valuer_per_share_4q_avg": 17.04,
            "equity": 2803445,
            "current_ratio": 251.06,
            "debt_ratio": 26.36,
            "inventory_turnover_ratio": 1.79,
            "account_receivable_turnover_ratio": null,
            "reinvestment_rate": 12.65,
            "research_to_sale_ratio": null,
            "price_fair": 79.45,
            "eps_avg_yearly": 2.27,
            "eps_latest_yearly": 2.52,
            "eps_growth_yearly": 95.81
        },
        "20072": {
            "year_quarter": 20072,
            "year": 2007,
            "quarter": 2,
            "eps": 0.77,
            "eps_growth_year": 6.94,
            "eps_4q": 2.76,
            "eps_4q_growth_year": 3.49,
            "roe": 4.54,
            "roe_4q": 17.5,
            "gross_profit": 126161,
            "gross_margin": 17.96,
            "gross_margin_4q_avg": 20.89,
            "net_income": 124188,
            "revenue": 702269,
            "common_shares": 1530000,
            "book_valuer_per_share": 17.45,
            "book_valuer_per_share_4q_avg": 17.58,
            "equity": 2669433,
            "current_ratio": 173.12,
            "debt_ratio": 34.61,
            "inventory_turnover_ratio": 3.65,
            "account_receivable_turnover_ratio": null,
            "reinvestment_rate": 19.77,
            "research_to_sale_ratio": null,
            "price_fair": 85.17,
            "eps_avg_yearly": 2.43,
            "eps_latest_yearly": 3.08,
            "eps_growth_yearly": 69.88
        },
        "20073": {
            "year_quarter": 20073,
            "year": 2007,
            "quarter": 3,
            "eps": 1.17,
            "eps_growth_year": 18.18,
            "eps_4q": 3.07,
            "eps_4q_growth_year": 1.34,
            "roe": 6.82,
            "roe_4q": 18.099999999999998,
            "gross_profit": 171116,
            "gross_margin": 21.62,
            "gross_margin_4q_avg": 20.02,
            "net_income": 188765,
            "revenue": 791384,
            "common_shares": 1616000,
            "book_valuer_per_share": 17.73,
            "book_valuer_per_share_4q_avg": 17.76,
            "equity": 2864932,
            "current_ratio": 192.07,
            "debt_ratio": 30.07,
            "inventory_turnover_ratio": 3.66,
            "account_receivable_turnover_ratio": null,
            "reinvestment_rate": 22.16,
            "research_to_sale_ratio": null,
            "price_fair": 97.88,
            "eps_avg_yearly": 2.8,
            "eps_latest_yearly": 4.68,
            "eps_growth_yearly": 111
        },
        "20074": {
            "year_quarter": 20074,
            "year": 2007,
            "quarter": 4,
            "eps": 0.92,
            "eps_growth_year": 55.93,
            "eps_4q": 3.46,
            "eps_4q_growth_year": 21.2,
            "roe": 5.05,
            "roe_4q": 19.94,
            "gross_profit": 196789,
            "gross_margin": 24.14,
            "gross_margin_4q_avg": 20.73,
            "net_income": 148727,
            "revenue": 815067,
            "common_shares": 1616000,
            "book_valuer_per_share": 18.72,
            "book_valuer_per_share_4q_avg": 18.06,
            "equity": 3025326,
            "current_ratio": 176.35,
            "debt_ratio": 40.93,
            "inventory_turnover_ratio": 2.05,
            "account_receivable_turnover_ratio": null,
            "reinvestment_rate": 55.7,
            "research_to_sale_ratio": null,
            "price_fair": 100.26,
            "eps_avg_yearly": 2.86,
            "eps_latest_yearly": 3.68,
            "eps_growth_yearly": 95.89
        },
        "20081": {
            "year_quarter": 20081,
            "year": 2008,
            "quarter": 1,
            "eps": 0.51,
            "eps_growth_year": -19.05,
            "eps_4q": 3.35,
            "eps_4q_growth_year": 23.41,
            "roe": 2.72,
            "roe_4q": 19.13,
            "gross_profit": 270980,
            "gross_margin": 21.76,
            "gross_margin_4q_avg": 21.37,
            "net_income": 82792,
            "revenue": 1245145,
            "common_shares": 1616000,
            "book_valuer_per_share": 18.99,
            "book_valuer_per_share_4q_avg": 18.22,
            "equity": 3069497,
            "current_ratio": 177.74,
            "debt_ratio": 41.29,
            "inventory_turnover_ratio": 2.26,
            "account_receivable_turnover_ratio": null,
            "reinvestment_rate": 84.75,
            "research_to_sale_ratio": null,
            "price_fair": 98.2,
            "eps_avg_yearly": 2.81,
            "eps_latest_yearly": 2.04,
            "eps_growth_yearly": 76.31
        },
        "20082": {
            "year_quarter": 20082,
            "year": 2008,
            "quarter": 2,
            "eps": 0.87,
            "eps_growth_year": 12.99,
            "eps_4q": 3.33,
            "eps_4q_growth_year": 20.83,
            "roe": 4.92,
            "roe_4q": 19.51,
            "gross_profit": 364595,
            "gross_margin": 26.2,
            "gross_margin_4q_avg": 23.43,
            "net_income": 148616,
            "revenue": 1391331,
            "common_shares": 1616000,
            "book_valuer_per_share": 18.41,
            "book_valuer_per_share_4q_avg": 18.46,
            "equity": 2974951,
            "current_ratio": 192.59,
            "debt_ratio": 52.75,
            "inventory_turnover_ratio": 2.25,
            "account_receivable_turnover_ratio": null,
            "reinvestment_rate": 92.26,
            "research_to_sale_ratio": null,
            "price_fair": 101.6,
            "eps_avg_yearly": 2.9,
            "eps_latest_yearly": 3.48,
            "eps_growth_yearly": 49.33
        },
        "20083": {
            "year_quarter": 20083,
            "year": 2008,
            "quarter": 3,
            "eps": 0.96,
            "eps_growth_year": -17.95,
            "eps_4q": 3.18,
            "eps_4q_growth_year": 3.63,
            "roe": 5.3,
            "roe_4q": 17.99,
            "gross_profit": 370027,
            "gross_margin": 27.15,
            "gross_margin_4q_avg": 24.81,
            "net_income": 164637,
            "revenue": 1362937,
            "common_shares": 1708000,
            "book_valuer_per_share": 18.96,
            "book_valuer_per_share_4q_avg": 18.77,
            "equity": 3238883,
            "current_ratio": 212.49,
            "debt_ratio": 48.72,
            "inventory_turnover_ratio": 2.13,
            "account_receivable_turnover_ratio": null,
            "reinvestment_rate": 90.92,
            "research_to_sale_ratio": null,
            "price_fair": 107.5,
            "eps_avg_yearly": 3.07,
            "eps_latest_yearly": 3.84,
            "eps_growth_yearly": 60.92
        },
        "20084": {
            "year_quarter": 20084,
            "year": 2008,
            "quarter": 4,
            "eps": -0.14,
            "eps_growth_year": -115.22,
            "eps_4q": 2.19,
            "eps_4q_growth_year": -36.62,
            "roe": -0.73,
            "roe_4q": 12.21,
            "gross_profit": 60191,
            "gross_margin": 7.77,
            "gross_margin_4q_avg": 20.72,
            "net_income": -23449,
            "revenue": 775107,
            "common_shares": 1708000,
            "book_valuer_per_share": 18.81,
            "book_valuer_per_share_4q_avg": 18.79,
            "equity": 3213118,
            "current_ratio": 253.18,
            "debt_ratio": 43.09,
            "inventory_turnover_ratio": 1.71,
            "account_receivable_turnover_ratio": 0.96,
            "reinvestment_rate": 58.79,
            "research_to_sale_ratio": null,
            "price_fair": 107.5,
            "eps_avg_yearly": 3.07,
            "eps_latest_yearly": 3.84,
            "eps_growth_yearly": 60.92
        },
        "20091": {
            "year_quarter": 20091,
            "year": 2009,
            "quarter": 1,
            "eps": 0.44,
            "eps_growth_year": -13.73,
            "eps_4q": 2.16,
            "eps_4q_growth_year": -35.65,
            "roe": 2.26,
            "roe_4q": 11.75,
            "gross_profit": 96128,
            "gross_margin": 13.21,
            "gross_margin_4q_avg": 18.58,
            "net_income": 74205,
            "revenue": 727499,
            "common_shares": 1708000,
            "book_valuer_per_share": 19.63,
            "book_valuer_per_share_4q_avg": 18.95,
            "equity": 3352157,
            "current_ratio": 334.67,
            "debt_ratio": 37.49,
            "inventory_turnover_ratio": 1.78,
            "account_receivable_turnover_ratio": 0.52,
            "reinvestment_rate": 79.63,
            "research_to_sale_ratio": null,
            "price_fair": 107.5,
            "eps_avg_yearly": 3.07,
            "eps_latest_yearly": 3.84,
            "eps_growth_yearly": 60.92
        },
        "20092": {
            "year_quarter": 20092,
            "year": 2009,
            "quarter": 2,
            "eps": 1.32,
            "eps_growth_year": 51.72,
            "eps_4q": 2.6,
            "eps_4q_growth_year": -21.81,
            "roe": 6.63,
            "roe_4q": 13.46,
            "gross_profit": 288540,
            "gross_margin": 25.27,
            "gross_margin_4q_avg": 18.35,
            "net_income": 221416,
            "revenue": 1141844,
            "common_shares": 1708000,
            "book_valuer_per_share": 19.46,
            "book_valuer_per_share_4q_avg": 19.22,
            "equity": 3324104,
            "current_ratio": 272.01,
            "debt_ratio": 40.88,
            "inventory_turnover_ratio": 2.33,
            "account_receivable_turnover_ratio": 0.84,
            "reinvestment_rate": 68.76,
            "research_to_sale_ratio": null,
            "price_fair": 117.3,
            "eps_avg_yearly": 3.35,
            "eps_latest_yearly": 5.28,
            "eps_growth_yearly": 115.29
        },
        "20093": {
            "year_quarter": 20093,
            "year": 2009,
            "quarter": 3,
            "eps": 1.26,
            "eps_growth_year": 31.25,
            "eps_4q": 2.76,
            "eps_4q_growth_year": -13.16,
            "roe": 6.12,
            "roe_4q": 14.28,
            "gross_profit": 345935,
            "gross_margin": 25.86,
            "gross_margin_4q_avg": 18.03,
            "net_income": 228852,
            "revenue": 1337871,
            "common_shares": 1795420,
            "book_valuer_per_share": 23.15,
            "book_valuer_per_share_4q_avg": 20.26,
            "equity": 4156869,
            "current_ratio": 289.51,
            "debt_ratio": 28.34,
            "inventory_turnover_ratio": 2.29,
            "account_receivable_turnover_ratio": 0.78,
            "reinvestment_rate": 67.88,
            "research_to_sale_ratio": null,
            "price_fair": 123.1,
            "eps_avg_yearly": 3.52,
            "eps_latest_yearly": 5.04,
            "eps_growth_yearly": 85.42
        },
        "20094": {
            "year_quarter": 20094,
            "year": 2009,
            "quarter": 4,
            "eps": 0.69,
            "eps_growth_year": null,
            "eps_4q": 3.19,
            "eps_4q_growth_year": 45.87,
            "roe": 3.03,
            "roe_4q": 18.04,
            "gross_profit": 259499,
            "gross_margin": 20.97,
            "gross_margin_4q_avg": 21.33,
            "net_income": 129446,
            "revenue": 1237657,
            "common_shares": 2071983,
            "book_valuer_per_share": 21.48,
            "book_valuer_per_share_4q_avg": 20.93,
            "equity": 4397326,
            "current_ratio": 281.05,
            "debt_ratio": 26.13,
            "inventory_turnover_ratio": 2.02,
            "account_receivable_turnover_ratio": 1.27,
            "reinvestment_rate": 52.6,
            "research_to_sale_ratio": null,
            "price_fair": 121.3,
            "eps_avg_yearly": 3.47,
            "eps_latest_yearly": 2.76,
            "eps_growth_yearly": 64.51
        },
        "20101": {
            "year_quarter": 20101,
            "year": 2010,
            "quarter": 1,
            "eps": 0.57,
            "eps_growth_year": 29.55,
            "eps_4q": 3.4,
            "eps_4q_growth_year": 57.75,
            "roe": 2.63,
            "roe_4q": 18.41,
            "gross_profit": 316938,
            "gross_margin": 23.22,
            "gross_margin_4q_avg": 23.83,
            "net_income": 117252,
            "revenue": 1364765,
            "common_shares": 2071983,
            "book_valuer_per_share": 22.06,
            "book_valuer_per_share_4q_avg": 21.54,
            "equity": 4516300,
            "current_ratio": 247.02,
            "debt_ratio": 28.21,
            "inventory_turnover_ratio": 1.85,
            "account_receivable_turnover_ratio": 0.7,
            "reinvestment_rate": 88.7,
            "research_to_sale_ratio": 0.88,
            "price_fair": 119.7,
            "eps_avg_yearly": 3.42,
            "eps_latest_yearly": 2.28,
            "eps_growth_yearly": 64.14
        },
        "20102": {
            "year_quarter": 20102,
            "year": 2010,
            "quarter": 2,
            "eps": 0.89,
            "eps_growth_year": -32.42,
            "eps_4q": 3.21,
            "eps_4q_growth_year": 23.24,
            "roe": 4.07,
            "roe_4q": 15.850000000000001,
            "gross_profit": 370354,
            "gross_margin": 21.27,
            "gross_margin_4q_avg": 22.83,
            "net_income": 183060,
            "revenue": 1741179,
            "common_shares": 2071983,
            "book_valuer_per_share": 21.85,
            "book_valuer_per_share_4q_avg": 22.14,
            "equity": 4483372,
            "current_ratio": 255.37,
            "debt_ratio": 50.58,
            "inventory_turnover_ratio": 1.95,
            "account_receivable_turnover_ratio": 0.81,
            "reinvestment_rate": 100.12,
            "research_to_sale_ratio": 0.6,
            "price_fair": 121.4,
            "eps_avg_yearly": 3.47,
            "eps_latest_yearly": 3.56,
            "eps_growth_yearly": 80.57
        },
        "20103": {
            "year_quarter": 20103,
            "year": 2010,
            "quarter": 3,
            "eps": 0.39,
            "eps_growth_year": -68.96,
            "eps_4q": 2.49,
            "eps_4q_growth_year": -9.62,
            "roe": 1.78,
            "roe_4q": 11.51,
            "gross_profit": 306014,
            "gross_margin": 18.21,
            "gross_margin_4q_avg": 20.92,
            "net_income": 79956,
            "revenue": 1680776,
            "common_shares": 2071983,
            "book_valuer_per_share": 21.98,
            "book_valuer_per_share_4q_avg": 21.84,
            "equity": 4493497,
            "current_ratio": 281.53,
            "debt_ratio": 47.96,
            "inventory_turnover_ratio": 1.73,
            "account_receivable_turnover_ratio": 0.7,
            "reinvestment_rate": 117.42,
            "research_to_sale_ratio": 0.73,
            "price_fair": 115.4,
            "eps_avg_yearly": 3.3,
            "eps_latest_yearly": 1.56,
            "eps_growth_yearly": 53.81
        },
        "20104": {
            "year_quarter": 20104,
            "year": 2010,
            "quarter": 4,
            "eps": 0.24,
            "eps_growth_year": -65.33,
            "eps_4q": 2.12,
            "eps_4q_growth_year": -33.79,
            "roe": 1.1,
            "roe_4q": 9.58,
            "gross_profit": 228083,
            "gross_margin": 18.57,
            "gross_margin_4q_avg": 20.32,
            "net_income": 48499,
            "revenue": 1228525,
            "common_shares": 2071983,
            "book_valuer_per_share": 21.34,
            "book_valuer_per_share_4q_avg": 21.81,
            "equity": 4325064,
            "current_ratio": 275.87,
            "debt_ratio": 48.65,
            "inventory_turnover_ratio": 1.24,
            "account_receivable_turnover_ratio": 0.56,
            "reinvestment_rate": 92.82,
            "research_to_sale_ratio": 0.86,
            "price_fair": 111.9,
            "eps_avg_yearly": 3.2,
            "eps_latest_yearly": 0.96,
            "eps_growth_yearly": 54.36
        },
        "20111": {
            "year_quarter": 20111,
            "year": 2011,
            "quarter": 1,
            "eps": 0.06,
            "eps_growth_year": -89.47,
            "eps_4q": 1.6,
            "eps_4q_growth_year": -53.05,
            "roe": 0.28,
            "roe_4q": 7.23,
            "gross_profit": 131622,
            "gross_margin": 10.56,
            "gross_margin_4q_avg": 17.15,
            "net_income": 12092,
            "revenue": 1246868,
            "common_shares": 2071983,
            "book_valuer_per_share": 21.6,
            "book_valuer_per_share_4q_avg": 21.69,
            "equity": 4382820,
            "current_ratio": 287.92,
            "debt_ratio": 47.29,
            "inventory_turnover_ratio": 1.24,
            "account_receivable_turnover_ratio": 0.66,
            "reinvestment_rate": 131.43,
            "research_to_sale_ratio": 0.89,
            "price_fair": 106.2,
            "eps_avg_yearly": 3.03,
            "eps_latest_yearly": 0.24,
            "eps_growth_yearly": 31
        },
        "20112": {
            "year_quarter": 20112,
            "year": 2011,
            "quarter": 2,
            "eps": -0.57,
            "eps_growth_year": -163.76,
            "eps_4q": 0.13,
            "eps_4q_growth_year": -96.1,
            "roe": -2.77,
            "roe_4q": 0.3899999999999999,
            "gross_profit": 95305,
            "gross_margin": 7.34,
            "gross_margin_4q_avg": 13.67,
            "net_income": -116542,
            "revenue": 1298815,
            "common_shares": 2071983,
            "book_valuer_per_share": 19.67,
            "book_valuer_per_share_4q_avg": 21.15,
            "equity": 4035491,
            "current_ratio": 250.14,
            "debt_ratio": 50.36,
            "inventory_turnover_ratio": 1.26,
            "account_receivable_turnover_ratio": 0.69,
            "reinvestment_rate": 148.76,
            "research_to_sale_ratio": 1.28,
            "price_fair": 106.08,
            "eps_avg_yearly": 3.03,
            "eps_latest_yearly": 0.24,
            "eps_growth_yearly": 26.55
        },
        "20113": {
            "year_quarter": 20113,
            "year": 2011,
            "quarter": 3,
            "eps": -0.87,
            "eps_growth_year": -322.59,
            "eps_4q": -1.14,
            "eps_4q_growth_year": -145.68,
            "roe": -4.44,
            "roe_4q": -5.83,
            "gross_profit": 43927,
            "gross_margin": 3.67,
            "gross_margin_4q_avg": 10.04,
            "net_income": -178162,
            "revenue": 1195431,
            "common_shares": 2071983,
            "book_valuer_per_share": 19.48,
            "book_valuer_per_share_4q_avg": 20.52,
            "equity": 3995976,
            "current_ratio": 271.79,
            "debt_ratio": 48.77,
            "inventory_turnover_ratio": 1.36,
            "account_receivable_turnover_ratio": 0.63,
            "reinvestment_rate": 192.85,
            "research_to_sale_ratio": 1.41,
            "price_fair": 62.04,
            "eps_avg_yearly": 2.89,
            "eps_latest_yearly": 0.24,
            "eps_growth_yearly": 11.44
        },
        "20114": {
            "year_quarter": 20114,
            "year": 2011,
            "quarter": 4,
            "eps": -0.57,
            "eps_growth_year": -340.27,
            "eps_4q": -1.95,
            "eps_4q_growth_year": -192.31,
            "roe": -3.02,
            "roe_4q": -9.950000000000001,
            "gross_profit": 103351,
            "gross_margin": 8.35,
            "gross_margin_4q_avg": 7.48,
            "net_income": -118139,
            "revenue": 1237081,
            "common_shares": 2056963,
            "book_valuer_per_share": 18.66,
            "book_valuer_per_share_4q_avg": 19.85,
            "equity": 3829537,
            "current_ratio": 244.71,
            "debt_ratio": 51.59,
            "inventory_turnover_ratio": 1.56,
            "account_receivable_turnover_ratio": 0.67,
            "reinvestment_rate": 149.36,
            "research_to_sale_ratio": 1.97,
            "price_fair": 85.36,
            "eps_avg_yearly": 2.82,
            "eps_latest_yearly": 0.24,
            "eps_growth_yearly": 20.25
        },
        "20121": {
            "year_quarter": 20121,
            "year": 2012,
            "quarter": 1,
            "eps": 0.29,
            "eps_growth_year": 383.33,
            "eps_4q": -1.7,
            "eps_4q_growth_year": -206.47,
            "roe": 1.57,
            "roe_4q": -8.66,
            "gross_profit": 134573,
            "gross_margin": 10.77,
            "gross_margin_4q_avg": 7.53,
            "net_income": 60297,
            "revenue": 1249264,
            "common_shares": 2056963,
            "book_valuer_per_share": 18.86,
            "book_valuer_per_share_4q_avg": 19.17,
            "equity": 3867064,
            "current_ratio": 251.45,
            "debt_ratio": 50.92,
            "inventory_turnover_ratio": 1.69,
            "account_receivable_turnover_ratio": 0.7,
            "reinvestment_rate": 149.31,
            "research_to_sale_ratio": 2.43,
            "price_fair": 101.5,
            "eps_avg_yearly": 2.9,
            "eps_latest_yearly": 0.24,
            "eps_growth_yearly": 40.1
        },
        "20122": {
            "year_quarter": 20122,
            "year": 2012,
            "quarter": 2,
            "eps": -0.16,
            "eps_growth_year": null,
            "eps_4q": -1.29,
            "eps_4q_growth_year": -1133.08,
            "roe": -0.94,
            "roe_4q": -6.83,
            "gross_profit": 177352,
            "gross_margin": 11.4,
            "gross_margin_4q_avg": 8.55,
            "net_income": -36187,
            "revenue": 1555883,
            "common_shares": 2056963,
            "book_valuer_per_share": 18.78,
            "book_valuer_per_share_4q_avg": 18.95,
            "equity": 3846971,
            "current_ratio": 114.9,
            "debt_ratio": 53.08,
            "inventory_turnover_ratio": 2.03,
            "account_receivable_turnover_ratio": 0.76,
            "reinvestment_rate": 150.32,
            "research_to_sale_ratio": 2.24,
            "price_fair": 65.75,
            "eps_avg_yearly": 2.84,
            "eps_latest_yearly": 0.24,
            "eps_growth_yearly": 13.19
        },
        "20123": {
            "year_quarter": 20123,
            "year": 2012,
            "quarter": 3,
            "eps": 0.53,
            "eps_growth_year": null,
            "eps_4q": 0.11,
            "eps_4q_growth_year": null,
            "roe": 2.68,
            "roe_4q": 0.2900000000000005,
            "gross_profit": 305213,
            "gross_margin": 14.87,
            "gross_margin_4q_avg": 11.35,
            "net_income": 104115,
            "revenue": 2052621,
            "common_shares": 2056963,
            "book_valuer_per_share": 19.12,
            "book_valuer_per_share_4q_avg": 18.86,
            "equity": 3924562,
            "current_ratio": 117.26,
            "debt_ratio": 54.92,
            "inventory_turnover_ratio": 2.54,
            "account_receivable_turnover_ratio": 0.78,
            "reinvestment_rate": 120.41,
            "research_to_sale_ratio": 1.81,
            "price_fair": 53.28,
            "eps_avg_yearly": 2.71,
            "eps_latest_yearly": 0.24,
            "eps_growth_yearly": 9.66
        },
        "20124": {
            "year_quarter": 20124,
            "year": 2012,
            "quarter": 4,
            "eps": -0.27,
            "eps_growth_year": null,
            "eps_4q": 0.42,
            "eps_4q_growth_year": null,
            "roe": -1.5,
            "roe_4q": 1.8100000000000003,
            "gross_profit": 178655,
            "gross_margin": 10.44,
            "gross_margin_4q_avg": 11.87,
            "net_income": -58239,
            "revenue": 1711543,
            "common_shares": 2056963,
            "book_valuer_per_share": 18.7,
            "book_valuer_per_share_4q_avg": 18.87,
            "equity": 3834692,
            "current_ratio": 115.58,
            "debt_ratio": 55.32,
            "inventory_turnover_ratio": 2.31,
            "account_receivable_turnover_ratio": 0.58,
            "reinvestment_rate": 138.49,
            "research_to_sale_ratio": 2.03,
            "price_fair": 53.28,
            "eps_avg_yearly": 2.71,
            "eps_latest_yearly": 0.24,
            "eps_growth_yearly": 9.66
        },
        "20131": {
            "year_quarter": 20131,
            "year": 2013,
            "quarter": 1,
            "eps": 0.23,
            "eps_growth_year": -20.69,
            "eps_4q": 0.34,
            "eps_4q_growth_year": null,
            "roe": 1.09,
            "roe_4q": 1.3300000000000005,
            "gross_profit": 124375,
            "gross_margin": 8.29,
            "gross_margin_4q_avg": 11.25,
            "net_income": 42197,
            "revenue": 1499435,
            "common_shares": 2056963,
            "book_valuer_per_share": 19.15,
            "book_valuer_per_share_4q_avg": 18.94,
            "equity": 3922412,
            "current_ratio": 119.42,
            "debt_ratio": 54.11,
            "inventory_turnover_ratio": 2.1,
            "account_receivable_turnover_ratio": 0.55,
            "reinvestment_rate": 155.99,
            "research_to_sale_ratio": 2.02,
            "price_fair": 53.28,
            "eps_avg_yearly": 2.71,
            "eps_latest_yearly": 0.24,
            "eps_growth_yearly": 9.66
        },
        "20132": {
            "year_quarter": 20132,
            "year": 2013,
            "quarter": 2,
            "eps": 0.18,
            "eps_growth_year": null,
            "eps_4q": 0.68,
            "eps_4q_growth_year": null,
            "roe": 0.79,
            "roe_4q": 3.0600000000000005,
            "gross_profit": 231753,
            "gross_margin": 12.29,
            "gross_margin_4q_avg": 11.47,
            "net_income": 30770,
            "revenue": 1886153,
            "common_shares": 2056963,
            "book_valuer_per_share": 18.83,
            "book_valuer_per_share_4q_avg": 18.95,
            "equity": 3865482,
            "current_ratio": 178.69,
            "debt_ratio": 58.03,
            "inventory_turnover_ratio": 2.41,
            "account_receivable_turnover_ratio": 0.7,
            "reinvestment_rate": 236.21,
            "research_to_sale_ratio": 1.29,
            "price_fair": 6.42,
            "eps_avg_yearly": 2.14,
            "eps_latest_yearly": 0.72,
            "eps_growth_yearly": -101.21
        },
        "20133": {
            "year_quarter": 20133,
            "year": 2013,
            "quarter": 3,
            "eps": 0.32,
            "eps_growth_year": -40.04,
            "eps_4q": 0.47,
            "eps_4q_growth_year": 322.52,
            "roe": 1.53,
            "roe_4q": 1.9100000000000001,
            "gross_profit": 263092,
            "gross_margin": 15.11,
            "gross_margin_4q_avg": 11.53,
            "net_income": 59612,
            "revenue": 1741547,
            "common_shares": 2056963,
            "book_valuer_per_share": 19.04,
            "book_valuer_per_share_4q_avg": 18.93,
            "equity": 3901990,
            "current_ratio": 188.97,
            "debt_ratio": 56.36,
            "inventory_turnover_ratio": 2.28,
            "account_receivable_turnover_ratio": 0.61,
            "reinvestment_rate": 299.18,
            "research_to_sale_ratio": 1.55,
            "price_fair": 5.01,
            "eps_avg_yearly": 1.67,
            "eps_latest_yearly": 1.28,
            "eps_growth_yearly": -60.05
        },
        "20134": {
            "year_quarter": 20134,
            "year": 2013,
            "quarter": 4,
            "eps": 0.33,
            "eps_growth_year": null,
            "eps_4q": 1.06,
            "eps_4q_growth_year": 152.52,
            "roe": 1.53,
            "roe_4q": 4.94,
            "gross_profit": 218878,
            "gross_margin": 14.09,
            "gross_margin_4q_avg": 12.45,
            "net_income": 60652,
            "revenue": 1553224,
            "common_shares": 2031963,
            "book_valuer_per_share": 19.59,
            "book_valuer_per_share_4q_avg": 19.15,
            "equity": 4013665,
            "current_ratio": 196.61,
            "debt_ratio": 54.87,
            "inventory_turnover_ratio": 2.46,
            "account_receivable_turnover_ratio": 0.56,
            "reinvestment_rate": 286.57,
            "research_to_sale_ratio": 2.48,
            "price_fair": 4.47,
            "eps_avg_yearly": 1.49,
            "eps_latest_yearly": 1.32,
            "eps_growth_yearly": -35.86
        },
        "20141": {
            "year_quarter": 20141,
            "year": 2014,
            "quarter": 1,
            "eps": 0.25,
            "eps_growth_year": 8.7,
            "eps_4q": 1.08,
            "eps_4q_growth_year": 219.08,
            "roe": 1.2,
            "roe_4q": 5.05,
            "gross_profit": 149434,
            "gross_margin": 9.54,
            "gross_margin_4q_avg": 12.76,
            "net_income": 49078,
            "revenue": 1566474,
            "common_shares": 2045288,
            "book_valuer_per_share": 20.34,
            "book_valuer_per_share_4q_avg": 19.45,
            "equity": 4199074,
            "current_ratio": 266.34,
            "debt_ratio": 56.66,
            "inventory_turnover_ratio": 2.64,
            "account_receivable_turnover_ratio": 0.61,
            "reinvestment_rate": 241.34,
            "research_to_sale_ratio": 0.85,
            "price_fair": 3.99,
            "eps_avg_yearly": 1.33,
            "eps_latest_yearly": 1,
            "eps_growth_yearly": -39.29
        },
        "20142": {
            "year_quarter": 20142,
            "year": 2014,
            "quarter": 2,
            "eps": 0.3,
            "eps_growth_year": 66.67,
            "eps_4q": 1.21,
            "eps_4q_growth_year": 79.08,
            "roe": 1.47,
            "roe_4q": 5.73,
            "gross_profit": 275371,
            "gross_margin": 13.72,
            "gross_margin_4q_avg": 13.12,
            "net_income": 60738,
            "revenue": 2006576,
            "common_shares": 2047413,
            "book_valuer_per_share": 19.65,
            "book_valuer_per_share_4q_avg": 19.66,
            "equity": 4060561,
            "current_ratio": 226.5,
            "debt_ratio": 55.46,
            "inventory_turnover_ratio": 2.99,
            "account_receivable_turnover_ratio": 0.74,
            "reinvestment_rate": 204.51,
            "research_to_sale_ratio": 0.8,
            "price_fair": 3.11,
            "eps_avg_yearly": 1.04,
            "eps_latest_yearly": 1.2,
            "eps_growth_yearly": -57.36
        },
        "20143": {
            "year_quarter": 20143,
            "year": 2014,
            "quarter": 3,
            "eps": 0.32,
            "eps_growth_year": 0,
            "eps_4q": 1.21,
            "eps_4q_growth_year": 156.69,
            "roe": 1.56,
            "roe_4q": 5.760000000000001,
            "gross_profit": 250669,
            "gross_margin": 12.77,
            "gross_margin_4q_avg": 12.53,
            "net_income": 64324,
            "revenue": 1962283,
            "common_shares": 2048583,
            "book_valuer_per_share": 20.23,
            "book_valuer_per_share_4q_avg": 19.95,
            "equity": 4178156,
            "current_ratio": 198.71,
            "debt_ratio": 55.91,
            "inventory_turnover_ratio": 2.7,
            "account_receivable_turnover_ratio": 0.66,
            "reinvestment_rate": 108.6,
            "research_to_sale_ratio": 0.88,
            "price_fair": 3,
            "eps_avg_yearly": 1,
            "eps_latest_yearly": 1.28,
            "eps_growth_yearly": -25.94
        },
        "20144": {
            "year_quarter": 20144,
            "year": 2014,
            "quarter": 4,
            "eps": 0.14,
            "eps_growth_year": -56.79,
            "eps_4q": 1.02,
            "eps_4q_growth_year": -4.03,
            "roe": 0.66,
            "roe_4q": 4.890000000000001,
            "gross_profit": 113839,
            "gross_margin": 7.36,
            "gross_margin_4q_avg": 10.85,
            "net_income": 27857,
            "revenue": 1545912,
            "common_shares": 2048823,
            "book_valuer_per_share": 20.85,
            "book_valuer_per_share_4q_avg": 20.27,
            "equity": 4302742,
            "current_ratio": 190.42,
            "debt_ratio": 54.51,
            "inventory_turnover_ratio": 2.28,
            "account_receivable_turnover_ratio": 0.53,
            "reinvestment_rate": 103.63,
            "research_to_sale_ratio": 1.71,
            "price_fair": 2.85,
            "eps_avg_yearly": 0.95,
            "eps_latest_yearly": 0.56,
            "eps_growth_yearly": -34.83
        },
        "20151": {
            "year_quarter": 20151,
            "year": 2015,
            "quarter": 1,
            "eps": -0.04,
            "eps_growth_year": -116,
            "eps_4q": 0.73,
            "eps_4q_growth_year": -32.92,
            "roe": -0.29,
            "roe_4q": 3.4000000000000004,
            "gross_profit": 141130,
            "gross_margin": 8.79,
            "gross_margin_4q_avg": 10.66,
            "net_income": -12291,
            "revenue": 1605789,
            "common_shares": 2052433,
            "book_valuer_per_share": 20.62,
            "book_valuer_per_share_4q_avg": 20.34,
            "equity": 4260249,
            "current_ratio": 188.89,
            "debt_ratio": 54.66,
            "inventory_turnover_ratio": 2.42,
            "account_receivable_turnover_ratio": 0.58,
            "reinvestment_rate": 50.28,
            "research_to_sale_ratio": 1.47,
            "price_fair": 13.72,
            "eps_avg_yearly": 1.05,
            "eps_latest_yearly": 0.56,
            "eps_growth_yearly": 3.05
        },
        "20152": {
            "year_quarter": 20152,
            "year": 2015,
            "quarter": 2,
            "eps": -0.37,
            "eps_growth_year": -223.33,
            "eps_4q": 0.06,
            "eps_4q_growth_year": -95.33,
            "roe": -1.86,
            "roe_4q": 0.07000000000000028,
            "gross_profit": 110275,
            "gross_margin": 6.35,
            "gross_margin_4q_avg": 8.82,
            "net_income": -76708,
            "revenue": 1736572,
            "common_shares": 2052546,
            "book_valuer_per_share": 19.3,
            "book_valuer_per_share_4q_avg": 20.25,
            "equity": 3987809,
            "current_ratio": 147.2,
            "debt_ratio": 55.69,
            "inventory_turnover_ratio": 2.75,
            "account_receivable_turnover_ratio": 0.65,
            "reinvestment_rate": -38.14,
            "research_to_sale_ratio": 1.58,
            "price_fair": 13.72,
            "eps_avg_yearly": 1.05,
            "eps_latest_yearly": 0.56,
            "eps_growth_yearly": 3.05
        },
        "20153": {
            "year_quarter": 20153,
            "year": 2015,
            "quarter": 3,
            "eps": -0.02,
            "eps_growth_year": -106.25,
            "eps_4q": -0.29,
            "eps_4q_growth_year": -124.3,
            "roe": -0.16,
            "roe_4q": -1.65,
            "gross_profit": 85934,
            "gross_margin": 5.41,
            "gross_margin_4q_avg": 6.98,
            "net_income": -6419,
            "revenue": 1587743,
            "common_shares": 2052546,
            "book_valuer_per_share": 19.95,
            "book_valuer_per_share_4q_avg": 20.18,
            "equity": 4056078,
            "current_ratio": 147.56,
            "debt_ratio": 56.09,
            "inventory_turnover_ratio": 2.68,
            "account_receivable_turnover_ratio": 0.59,
            "reinvestment_rate": -44.52,
            "research_to_sale_ratio": 1.9,
            "price_fair": 13.72,
            "eps_avg_yearly": 1.05,
            "eps_latest_yearly": 0.56,
            "eps_growth_yearly": 3.05
        },
        "20154": {
            "year_quarter": 20154,
            "year": 2015,
            "quarter": 4,
            "eps": -0.96,
            "eps_growth_year": -772.72,
            "eps_4q": -1.4,
            "eps_4q_growth_year": -236.82,
            "roe": -5.02,
            "roe_4q": -7.33,
            "gross_profit": 66740,
            "gross_margin": 4.73,
            "gross_margin_4q_avg": 6.32,
            "net_income": -197395,
            "revenue": 1410902,
            "common_shares": 2052546,
            "book_valuer_per_share": 18.65,
            "book_valuer_per_share_4q_avg": 19.63,
            "equity": 3807764,
            "current_ratio": 156.07,
            "debt_ratio": 54.43,
            "inventory_turnover_ratio": 2.75,
            "account_receivable_turnover_ratio": 0.54,
            "reinvestment_rate": -111.83,
            "research_to_sale_ratio": 1.92,
            "price_fair": 13.72,
            "eps_avg_yearly": 1.05,
            "eps_latest_yearly": 0.56,
            "eps_growth_yearly": 3.05
        },
        "20161": {
            "year_quarter": 20161,
            "year": 2016,
            "quarter": 1,
            "eps": -0.16,
            "eps_growth_year": null,
            "eps_4q": -1.51,
            "eps_4q_growth_year": -308.74,
            "roe": -0.92,
            "roe_4q": -7.96,
            "gross_profit": 113291,
            "gross_margin": 9.44,
            "gross_margin_4q_avg": 6.48,
            "net_income": -34767,
            "revenue": 1200140,
            "common_shares": 2052546,
            "book_valuer_per_share": 18.41,
            "book_valuer_per_share_4q_avg": 19.08,
            "equity": 3757008,
            "current_ratio": 165.5,
            "debt_ratio": 52.36,
            "inventory_turnover_ratio": 2.48,
            "account_receivable_turnover_ratio": 0.55,
            "reinvestment_rate": -201.55,
            "research_to_sale_ratio": 2.85,
            "price_fair": 13.72,
            "eps_avg_yearly": 1.05,
            "eps_latest_yearly": 0.56,
            "eps_growth_yearly": 3.05
        },
        "20162": {
            "year_quarter": 20162,
            "year": 2016,
            "quarter": 2,
            "eps": -0.11,
            "eps_growth_year": null,
            "eps_4q": -1.28,
            "eps_4q_growth_year": -2364.72,
            "roe": -0.72,
            "roe_4q": -6.82,
            "gross_profit": 123525,
            "gross_margin": 9.76,
            "gross_margin_4q_avg": 7.34,
            "net_income": -26533,
            "revenue": 1265873,
            "common_shares": 2052546,
            "book_valuer_per_share": 18.22,
            "book_valuer_per_share_4q_avg": 18.81,
            "equity": 3642612,
            "current_ratio": 237.66,
            "debt_ratio": 51.95,
            "inventory_turnover_ratio": 2.54,
            "account_receivable_turnover_ratio": 0.64,
            "reinvestment_rate": -238.57,
            "research_to_sale_ratio": 2.23,
            "price_fair": 13.72,
            "eps_avg_yearly": 1.05,
            "eps_latest_yearly": 0.56,
            "eps_growth_yearly": 3.05
        },
        "20163": {
            "year_quarter": 20163,
            "year": 2016,
            "quarter": 3,
            "eps": -0.06,
            "eps_growth_year": null,
            "eps_4q": -1.35,
            "eps_4q_growth_year": null,
            "roe": -0.37,
            "roe_4q": -7.029999999999999,
            "gross_profit": 143458,
            "gross_margin": 11.15,
            "gross_margin_4q_avg": 8.77,
            "net_income": -13162,
            "revenue": 1286994,
            "common_shares": 2052546,
            "book_valuer_per_share": 17.98,
            "book_valuer_per_share_4q_avg": 18.32,
            "equity": 3513797,
            "current_ratio": 243.97,
            "debt_ratio": 52.28,
            "inventory_turnover_ratio": 2.56,
            "account_receivable_turnover_ratio": 0.63,
            "reinvestment_rate": -1509.74,
            "research_to_sale_ratio": 1.56,
            "price_fair": 13.72,
            "eps_avg_yearly": 1.05,
            "eps_latest_yearly": 0.56,
            "eps_growth_yearly": 3.05
        },
        "20164": {
            "year_quarter": 20164,
            "year": 2016,
            "quarter": 4,
            "eps": -0.18,
            "eps_growth_year": null,
            "eps_4q": -0.53,
            "eps_4q_growth_year": null,
            "roe": -1.04,
            "roe_4q": -3.05,
            "gross_profit": 92266,
            "gross_margin": 8.35,
            "gross_margin_4q_avg": 9.68,
            "net_income": -36310,
            "revenue": 1104620,
            "common_shares": 2052546,
            "book_valuer_per_share": 17.82,
            "book_valuer_per_share_4q_avg": 18.11,
            "equity": 3483863,
            "current_ratio": 262.11,
            "debt_ratio": 51.58,
            "inventory_turnover_ratio": 2.16,
            "account_receivable_turnover_ratio": 0.53,
            "reinvestment_rate": -1288.42,
            "research_to_sale_ratio": 1.69,
            "price_fair": 13.72,
            "eps_avg_yearly": 1.05,
            "eps_latest_yearly": 0.56,
            "eps_growth_yearly": 3.05
        },
        "20171": {
            "year_quarter": 20171,
            "year": 2017,
            "quarter": 1,
            "eps": -0.43,
            "eps_growth_year": null,
            "eps_4q": -0.79,
            "eps_4q_growth_year": null,
            "roe": -2.42,
            "roe_4q": -4.55,
            "gross_profit": 104019,
            "gross_margin": 10.26,
            "gross_margin_4q_avg": 9.88,
            "net_income": -81940,
            "revenue": 1013750,
            "common_shares": 2052546,
            "book_valuer_per_share": 16.86,
            "book_valuer_per_share_4q_avg": 17.72,
            "equity": 3297595,
            "current_ratio": 163.91,
            "debt_ratio": 50.54,
            "inventory_turnover_ratio": 1.96,
            "account_receivable_turnover_ratio": 0.53,
            "reinvestment_rate": null,
            "research_to_sale_ratio": 1.73,
            "price_fair": 13.72,
            "eps_avg_yearly": 1.05,
            "eps_latest_yearly": 0.56,
            "eps_growth_yearly": 3.05
        },
        "20172": {
            "year_quarter": 20172,
            "year": 2017,
            "quarter": 2,
            "eps": 0.05,
            "eps_growth_year": null,
            "eps_4q": -0.63,
            "eps_4q_growth_year": null,
            "roe": 0.29,
            "roe_4q": -3.54,
            "gross_profit": 109092,
            "gross_margin": 10.12,
            "gross_margin_4q_avg": 9.97,
            "net_income": 9770,
            "revenue": 1077959,
            "common_shares": 2052546,
            "book_valuer_per_share": 17.08,
            "book_valuer_per_share_4q_avg": 17.44,
            "equity": 3341233,
            "current_ratio": 235.51,
            "debt_ratio": 50.95,
            "inventory_turnover_ratio": 2.13,
            "account_receivable_turnover_ratio": 0.61,
            "reinvestment_rate": null,
            "research_to_sale_ratio": 1.46,
            "price_fair": 31.04,
            "eps_avg_yearly": 1.11,
            "eps_latest_yearly": 0.56,
            "eps_growth_yearly": 18.05
        },
        "20173": {
            "year_quarter": 20173,
            "year": 2017,
            "quarter": 3,
            "eps": -0.2,
            "eps_growth_year": null,
            "eps_4q": -0.76,
            "eps_4q_growth_year": null,
            "roe": -1.06,
            "roe_4q": -4.23,
            "gross_profit": 75020,
            "gross_margin": 7.14,
            "gross_margin_4q_avg": 8.97,
            "net_income": -35333,
            "revenue": 1051271,
            "common_shares": 2052546,
            "book_valuer_per_share": 17.01,
            "book_valuer_per_share_4q_avg": 17.19,
            "equity": 3331757,
            "current_ratio": 225.12,
            "debt_ratio": 52.22,
            "inventory_turnover_ratio": 2.06,
            "account_receivable_turnover_ratio": 0.59,
            "reinvestment_rate": null,
            "research_to_sale_ratio": 1.61,
            "price_fair": 3.22,
            "eps_avg_yearly": 1.07,
            "eps_latest_yearly": 0.56,
            "eps_growth_yearly": -40.56
        },
        "20174": {
            "year_quarter": 20174,
            "year": 2017,
            "quarter": 4,
            "eps": -0.29,
            "eps_growth_year": null,
            "eps_4q": -0.86,
            "eps_4q_growth_year": null,
            "roe": -1.61,
            "roe_4q": -4.8,
            "gross_profit": 68873,
            "gross_margin": 6.94,
            "gross_margin_4q_avg": 8.62,
            "net_income": -53736,
            "revenue": 991871,
            "common_shares": 2052546,
            "book_valuer_per_share": 16.8,
            "book_valuer_per_share_4q_avg": 16.94,
            "equity": 3329433,
            "current_ratio": 187.12,
            "debt_ratio": 52.62,
            "inventory_turnover_ratio": 1.72,
            "account_receivable_turnover_ratio": 0.57,
            "reinvestment_rate": null,
            "research_to_sale_ratio": 1.72,
            "price_fair": 3.03,
            "eps_avg_yearly": 1.01,
            "eps_latest_yearly": 0.56,
            "eps_growth_yearly": -53.83
        },
        "20181": {
            "year_quarter": 20181,
            "year": 2018,
            "quarter": 1,
            "eps": -0.15,
            "eps_growth_year": null,
            "eps_4q": -0.59,
            "eps_4q_growth_year": null,
            "roe": -0.85,
            "roe_4q": -3.23,
            "gross_profit": 117921,
            "gross_margin": 11.62,
            "gross_margin_4q_avg": 8.96,
            "net_income": -28187,
            "revenue": 1014511,
            "common_shares": 2052546,
            "book_valuer_per_share": 16.79,
            "book_valuer_per_share_4q_avg": 16.92,
            "equity": 3330479,
            "current_ratio": 188.58,
            "debt_ratio": 52.78,
            "inventory_turnover_ratio": 1.51,
            "account_receivable_turnover_ratio": 0.6,
            "reinvestment_rate": null,
            "research_to_sale_ratio": 1.89,
            "price_fair": 3.04,
            "eps_avg_yearly": 1.01,
            "eps_latest_yearly": 0.56,
            "eps_growth_yearly": -39.44
        },
        "20182": {
            "year_quarter": 20182,
            "year": 2018,
            "quarter": 2,
            "eps": 0.06,
            "eps_growth_year": 20,
            "eps_4q": -0.58,
            "eps_4q_growth_year": null,
            "roe": 0.35,
            "roe_4q": -3.1700000000000004,
            "gross_profit": 91770,
            "gross_margin": 8.41,
            "gross_margin_4q_avg": 8.53,
            "net_income": 11660,
            "revenue": 1091516,
            "common_shares": 2052546,
            "book_valuer_per_share": 16.78,
            "book_valuer_per_share_4q_avg": 16.85,
            "equity": 3329700,
            "current_ratio": 132.09,
            "debt_ratio": 50.68,
            "inventory_turnover_ratio": 1.65,
            "account_receivable_turnover_ratio": 0.64,
            "reinvestment_rate": null,
            "research_to_sale_ratio": 1.6,
            "price_fair": 2.76,
            "eps_avg_yearly": 0.92,
            "eps_latest_yearly": 0.56,
            "eps_growth_yearly": -99.17
        },
        "20183": {
            "year_quarter": 20183,
            "year": 2018,
            "quarter": 3,
            "eps": -0.25,
            "eps_growth_year": null,
            "eps_4q": -0.62,
            "eps_4q_growth_year": null,
            "roe": -1.62,
            "roe_4q": -3.7300000000000004,
            "gross_profit": 74238,
            "gross_margin": 7.24,
            "gross_margin_4q_avg": 8.55,
            "net_income": -53267,
            "revenue": 1024865,
            "common_shares": 2019586,
            "book_valuer_per_share": 16.15,
            "book_valuer_per_share_4q_avg": 16.63,
            "equity": 3262718,
            "current_ratio": 129.73,
            "debt_ratio": 51.55,
            "inventory_turnover_ratio": 1.54,
            "account_receivable_turnover_ratio": 0.58,
            "reinvestment_rate": null,
            "research_to_sale_ratio": 1.68,
            "price_fair": 1.68,
            "eps_avg_yearly": 0.56,
            "eps_latest_yearly": 0.56,
            "eps_growth_yearly": -225
        },
        "20184": {
            "year_quarter": 20184,
            "year": 2018,
            "quarter": 4,
            "eps": -0.21,
            "eps_growth_year": null,
            "eps_4q": -0.55,
            "eps_4q_growth_year": null,
            "roe": -1.4,
            "roe_4q": -3.52,
            "gross_profit": 53545,
            "gross_margin": 6.24,
            "gross_margin_4q_avg": 8.38,
            "net_income": -45580,
            "revenue": 857593,
            "common_shares": 2019586,
            "book_valuer_per_share": 16.02,
            "book_valuer_per_share_4q_avg": 16.44,
            "equity": 3263037,
            "current_ratio": 134.82,
            "debt_ratio": 48.05,
            "inventory_turnover_ratio": 1.25,
            "account_receivable_turnover_ratio": 0.51,
            "reinvestment_rate": null,
            "research_to_sale_ratio": 2.06,
            "price_fair": 0,
            "eps_avg_yearly": 0,
            "eps_latest_yearly": 0,
            "eps_growth_yearly": 0
        },
        "20191": {
            "year_quarter": 20191,
            "year": 2019,
            "quarter": 1,
            "eps": -0.28,
            "eps_growth_year": null,
            "eps_4q": -0.68,
            "eps_4q_growth_year": null,
            "roe": -1.72,
            "roe_4q": -4.390000000000001,
            "gross_profit": 48367,
            "gross_margin": 5.92,
            "gross_margin_4q_avg": 6.95,
            "net_income": -55896,
            "revenue": 816539,
            "common_shares": 2019586,
            "book_valuer_per_share": 15.93,
            "book_valuer_per_share_4q_avg": 16.22,
            "equity": 3250064,
            "current_ratio": 230.08,
            "debt_ratio": 47.78,
            "inventory_turnover_ratio": 1.21,
            "account_receivable_turnover_ratio": 0.53,
            "reinvestment_rate": null,
            "research_to_sale_ratio": 1.71,
            "price_fair": 0,
            "eps_avg_yearly": 0,
            "eps_latest_yearly": 0,
            "eps_growth_yearly": 0
        },
        "20192": {
            "year_quarter": 20192,
            "year": 2019,
            "quarter": 2,
            "eps": 0.06,
            "eps_growth_year": 0,
            "eps_4q": -0.68,
            "eps_4q_growth_year": null,
            "roe": 0.41,
            "roe_4q": -4.33,
            "gross_profit": 116872,
            "gross_margin": 11.9,
            "gross_margin_4q_avg": 7.83,
            "net_income": 13156,
            "revenue": 981993,
            "common_shares": 2019586,
            "book_valuer_per_share": 15.89,
            "book_valuer_per_share_4q_avg": 16,
            "equity": 3242199,
            "current_ratio": 224.33,
            "debt_ratio": 48.51,
            "inventory_turnover_ratio": 1.38,
            "account_receivable_turnover_ratio": 0.64,
            "reinvestment_rate": null,
            "research_to_sale_ratio": 1.52,
            "price_fair": 0,
            "eps_avg_yearly": 0,
            "eps_latest_yearly": 0,
            "eps_growth_yearly": 0
        },
        "20193": {
            "year_quarter": 20193,
            "year": 2019,
            "quarter": 3,
            "eps": -0.28,
            "eps_growth_year": null,
            "eps_4q": -0.71,
            "eps_4q_growth_year": null,
            "roe": -1.88,
            "roe_4q": -4.59,
            "gross_profit": 82872,
            "gross_margin": 9.02,
            "gross_margin_4q_avg": 8.27,
            "net_income": -59732,
            "revenue": 919185,
            "common_shares": 2019586,
            "book_valuer_per_share": 15.28,
            "book_valuer_per_share_4q_avg": 15.78,
            "equity": 3117424,
            "current_ratio": 238.56,
            "debt_ratio": 48.69,
            "inventory_turnover_ratio": 1.31,
            "account_receivable_turnover_ratio": 0.58,
            "reinvestment_rate": null,
            "research_to_sale_ratio": 1.81,
            "price_fair": 0,
            "eps_avg_yearly": 0,
            "eps_latest_yearly": 0,
            "eps_growth_yearly": 0
        },
        "20194": {
            "year_quarter": 20194,
            "year": 2019,
            "quarter": 4,
            "eps": -0.4,
            "eps_growth_year": null,
            "eps_4q": -0.9,
            "eps_4q_growth_year": null,
            "roe": -2.73,
            "roe_4q": -5.919999999999999,
            "gross_profit": 84151,
            "gross_margin": 8.88,
            "gross_margin_4q_avg": 8.93,
            "net_income": -83068,
            "revenue": 947553,
            "common_shares": 2019586,
            "book_valuer_per_share": 14.74,
            "book_valuer_per_share_4q_avg": 15.46,
            "equity": 2976750,
            "current_ratio": 128.35,
            "debt_ratio": 49.08,
            "inventory_turnover_ratio": 1.31,
            "account_receivable_turnover_ratio": 0.63,
            "reinvestment_rate": null,
            "research_to_sale_ratio": 1.82,
            "price_fair": 0,
            "eps_avg_yearly": 0,
            "eps_latest_yearly": 0,
            "eps_growth_yearly": 0
        },
        "20201": {
            "year_quarter": 20201,
            "year": 2020,
            "quarter": 1,
            "eps": -0.38,
            "eps_growth_year": null,
            "eps_4q": -1,
            "eps_4q_growth_year": null,
            "roe": -2.68,
            "roe_4q": -6.88,
            "gross_profit": 57505,
            "gross_margin": 6.98,
            "gross_margin_4q_avg": 9.2,
            "net_income": -78357,
            "revenue": 823701,
            "common_shares": 2019586,
            "book_valuer_per_share": 14.27,
            "book_valuer_per_share_4q_avg": 15.05,
            "equity": 2880334,
            "current_ratio": 125.27,
            "debt_ratio": 49.92,
            "inventory_turnover_ratio": 1.17,
            "account_receivable_turnover_ratio": 0.59,
            "reinvestment_rate": null,
            "research_to_sale_ratio": 2,
            "price_fair": 0,
            "eps_avg_yearly": 0,
            "eps_latest_yearly": 0,
            "eps_growth_yearly": 0
        },
        "20202": {
            "year_quarter": 20202,
            "year": 2020,
            "quarter": 2,
            "eps": 0.05,
            "eps_growth_year": -16.67,
            "eps_4q": -1.02,
            "eps_4q_growth_year": null,
            "roe": 0.17,
            "roe_4q": -7.12,
            "gross_profit": 141949,
            "gross_margin": 13.76,
            "gross_margin_4q_avg": 9.66,
            "net_income": 5014,
            "revenue": 1031274,
            "common_shares": 2019586,
            "book_valuer_per_share": 14.19,
            "book_valuer_per_share_4q_avg": 14.62,
            "equity": 2859287,
            "current_ratio": 225.96,
            "debt_ratio": 51.02,
            "inventory_turnover_ratio": 1.33,
            "account_receivable_turnover_ratio": 0.72,
            "reinvestment_rate": null,
            "research_to_sale_ratio": 2.02,
            "price_fair": 0,
            "eps_avg_yearly": 0,
            "eps_latest_yearly": 0,
            "eps_growth_yearly": 0
        },
        "20203": {
            "year_quarter": 20203,
            "year": 2020,
            "quarter": 3,
            "eps": -0.05,
            "eps_growth_year": null,
            "eps_4q": -0.79,
            "eps_4q_growth_year": null,
            "roe": -0.37,
            "roe_4q": -5.61,
            "gross_profit": 139972,
            "gross_margin": 12.35,
            "gross_margin_4q_avg": 10.49,
            "net_income": -10624,
            "revenue": 1133535,
            "common_shares": 2019586,
            "book_valuer_per_share": 14.28,
            "book_valuer_per_share_4q_avg": 14.37,
            "equity": 2875498,
            "current_ratio": 185.04,
            "debt_ratio": 51.68,
            "inventory_turnover_ratio": 1.41,
            "account_receivable_turnover_ratio": 0.7,
            "reinvestment_rate": null,
            "research_to_sale_ratio": 2.04,
            "price_fair": 0,
            "eps_avg_yearly": 0,
            "eps_latest_yearly": 0,
            "eps_growth_yearly": 0
        },
        "20204": {
            "year_quarter": 20204,
            "year": 2020,
            "quarter": 4,
            "eps": -0.36,
            "eps_growth_year": null,
            "eps_4q": -0.73,
            "eps_4q_growth_year": null,
            "roe": -2.51,
            "roe_4q": -5.390000000000001,
            "gross_profit": 181450,
            "gross_margin": 15.01,
            "gross_margin_4q_avg": 12.03,
            "net_income": -72624,
            "revenue": 1208960,
            "common_shares": 2019586,
            "book_valuer_per_share": 14.09,
            "book_valuer_per_share_4q_avg": 14.21,
            "equity": 2902582,
            "current_ratio": 185.82,
            "debt_ratio": 52.21,
            "inventory_turnover_ratio": 1.4,
            "account_receivable_turnover_ratio": 0.74,
            "reinvestment_rate": null,
            "research_to_sale_ratio": 1.4,
            "price_fair": 0,
            "eps_avg_yearly": 0,
            "eps_latest_yearly": 0,
            "eps_growth_yearly": 0
        },
        "20211": {
            "year_quarter": 20211,
            "year": 2021,
            "quarter": 1,
            "eps": 0.4,
            "eps_growth_year": null,
            "eps_4q": 0.04,
            "eps_4q_growth_year": null,
            "roe": 2.83,
            "roe_4q": 0.1200000000000003,
            "gross_profit": 234188,
            "gross_margin": 17.84,
            "gross_margin_4q_avg": 14.74,
            "net_income": 82999,
            "revenue": 1312925,
            "common_shares": 2019586,
            "book_valuer_per_share": 14.43,
            "book_valuer_per_share_4q_avg": 14.25,
            "equity": 2973349,
            "current_ratio": 134.72,
            "debt_ratio": 50.9,
            "inventory_turnover_ratio": 1.3,
            "account_receivable_turnover_ratio": 0.82,
            "reinvestment_rate": null,
            "research_to_sale_ratio": 1.7,
            "price_fair": 0,
            "eps_avg_yearly": 0,
            "eps_latest_yearly": 0,
            "eps_growth_yearly": 0
        },
        "20212": {
            "year_quarter": 20212,
            "year": 2021,
            "quarter": 2,
            "eps": 0.66,
            "eps_growth_year": 1220,
            "eps_4q": 0.66,
            "eps_4q_growth_year": null,
            "roe": 4.53,
            "roe_4q": 4.48,
            "gross_profit": 318783,
            "gross_margin": 20.95,
            "gross_margin_4q_avg": 16.54,
            "net_income": 137457,
            "revenue": 1521324,
            "common_shares": 2019586,
            "book_valuer_per_share": 15.02,
            "book_valuer_per_share_4q_avg": 14.46,
            "equity": 3097980,
            "current_ratio": 138.43,
            "debt_ratio": 51.33,
            "inventory_turnover_ratio": 1.28,
            "account_receivable_turnover_ratio": 0.86,
            "reinvestment_rate": null,
            "research_to_sale_ratio": 1.41,
            "price_fair": 92.4,
            "eps_avg_yearly": 2.64,
            "eps_latest_yearly": 2.64,
            "eps_growth_yearly": 260
        },
        "20213": {
            "year_quarter": 20213,
            "year": 2021,
            "quarter": 3,
            "eps": 0.68,
            "eps_growth_year": null,
            "eps_4q": 1.29,
            "eps_4q_growth_year": null,
            "roe": 4.14,
            "roe_4q": 8.99,
            "gross_profit": 349162,
            "gross_margin": 21.32,
            "gross_margin_4q_avg": 18.78,
            "net_income": 149191,
            "revenue": 1637764,
            "common_shares": 2219586,
            "book_valuer_per_share": 18.19,
            "book_valuer_per_share_4q_avg": 15.43,
            "equity": 4111494,
            "current_ratio": 179.7,
            "debt_ratio": 45.24,
            "inventory_turnover_ratio": 1.23,
            "account_receivable_turnover_ratio": 0.78,
            "reinvestment_rate": null,
            "research_to_sale_ratio": 1.42,
            "price_fair": 93.8,
            "eps_avg_yearly": 2.68,
            "eps_latest_yearly": 2.72,
            "eps_growth_yearly": 136.06
        },
        "20214": {
            "year_quarter": 20214,
            "year": 2021,
            "quarter": 4,
            "eps": 0.08,
            "eps_growth_year": null,
            "eps_4q": 1.69,
            "eps_4q_growth_year": null,
            "roe": 0.33,
            "roe_4q": 11.83,
            "gross_profit": 266477,
            "gross_margin": 17.57,
            "gross_margin_4q_avg": 19.42,
            "net_income": 13819,
            "revenue": 1516385,
            "common_shares": 2219586,
            "book_valuer_per_share": 18.35,
            "book_valuer_per_share_4q_avg": 16.5,
            "equity": 4249304,
            "current_ratio": 243.75,
            "debt_ratio": 49.94,
            "inventory_turnover_ratio": 0.93,
            "account_receivable_turnover_ratio": 0.63,
            "reinvestment_rate": null,
            "research_to_sale_ratio": 2.02,
            "price_fair": 5.68,
            "eps_avg_yearly": 1.89,
            "eps_latest_yearly": 0.32,
            "eps_growth_yearly": -26.94
        },
        "20221": {
            "year_quarter": 20221,
            "year": 2022,
            "quarter": 1,
            "eps": 0.13,
            "eps_growth_year": -67.5,
            "eps_4q": 1.46,
            "eps_4q_growth_year": 3352.11,
            "roe": 0.56,
            "roe_4q": 9.559999999999999,
            "gross_profit": 151404,
            "gross_margin": 11.32,
            "gross_margin_4q_avg": 17.79,
            "net_income": 24025,
            "revenue": 1337011,
            "common_shares": 2219586,
            "book_valuer_per_share": 18.8,
            "book_valuer_per_share_4q_avg": 17.59,
            "equity": 4361771,
            "current_ratio": 252.17,
            "debt_ratio": 48.78,
            "inventory_turnover_ratio": 0.76,
            "account_receivable_turnover_ratio": 0.54,
            "reinvestment_rate": null,
            "research_to_sale_ratio": 1.66,
            "price_fair": 54.25,
            "eps_avg_yearly": 1.55,
            "eps_latest_yearly": 0.52,
            "eps_growth_yearly": 42.3
        },
        "20222": {
            "year_quarter": 20222,
            "year": 2022,
            "quarter": 2,
            "eps": 0.19,
            "eps_growth_year": -71.21,
            "eps_4q": 1.05,
            "eps_4q_growth_year": 60,
            "roe": 1.02,
            "roe_4q": 6.05,
            "gross_profit": 196118,
            "gross_margin": 13.67,
            "gross_margin_4q_avg": 15.97,
            "net_income": 43849,
            "revenue": 1435072,
            "common_shares": 2219586,
            "book_valuer_per_share": 18.39,
            "book_valuer_per_share_4q_avg": 18.43,
            "equity": 4266334,
            "current_ratio": 233.68,
            "debt_ratio": 50.66,
            "inventory_turnover_ratio": 0.79,
            "account_receivable_turnover_ratio": 0.6,
            "reinvestment_rate": -588.79,
            "research_to_sale_ratio": 1.78,
            "price_fair": 48.72,
            "eps_avg_yearly": 1.39,
            "eps_latest_yearly": 0.76,
            "eps_growth_yearly": 70.76
        },
        "20223": {
            "year_quarter": 20223,
            "year": 2022,
            "quarter": 3,
            "eps": 0.17,
            "eps_growth_year": -75,
            "eps_4q": 0.57,
            "eps_4q_growth_year": -55.38,
            "roe": 0.83,
            "roe_4q": 2.74,
            "gross_profit": 101210,
            "gross_margin": 7.97,
            "gross_margin_4q_avg": 12.63,
            "net_income": 35821,
            "revenue": 1269706,
            "common_shares": 2219586,
            "book_valuer_per_share": 18.64,
            "book_valuer_per_share_4q_avg": 18.55,
            "equity": 4320037,
            "current_ratio": 268.08,
            "debt_ratio": 47.56,
            "inventory_turnover_ratio": 0.79,
            "account_receivable_turnover_ratio": 0.56,
            "reinvestment_rate": -132.66,
            "research_to_sale_ratio": 2.02,
            "price_fair": 44.57,
            "eps_avg_yearly": 1.27,
            "eps_latest_yearly": 0.68,
            "eps_growth_yearly": 51.95
        },
        "20224": {
            "year_quarter": 20224,
            "year": 2022,
            "quarter": 4,
            "eps": -0.03,
            "eps_growth_year": -131.65,
            "eps_4q": 0.47,
            "eps_4q_growth_year": -72.17,
            "roe": -0.27,
            "roe_4q": 2.14,
            "gross_profit": 129548,
            "gross_margin": 11.22,
            "gross_margin_4q_avg": 11.05,
            "net_income": -11739,
            "revenue": 1154138,
            "common_shares": 2219586,
            "book_valuer_per_share": 18.44,
            "book_valuer_per_share_4q_avg": 18.57,
            "equity": 4220796,
            "current_ratio": 262.04,
            "debt_ratio": 45.84,
            "inventory_turnover_ratio": 0.75,
            "account_receivable_turnover_ratio": 0.57,
            "reinvestment_rate": -130.93,
            "research_to_sale_ratio": 2.16,
            "price_fair": 44.57,
            "eps_avg_yearly": 1.27,
            "eps_latest_yearly": 0.68,
            "eps_growth_yearly": 51.95
        },
        "20231": {
            "year_quarter": 20231,
            "year": 2023,
            "quarter": 1,
            "eps": 0.06,
            "eps_growth_year": -52.65,
            "eps_4q": 0.4,
            "eps_4q_growth_year": -72.32,
            "roe": 0.32,
            "roe_4q": 1.9,
            "gross_profit": 147969,
            "gross_margin": 13.35,
            "gross_margin_4q_avg": 11.55,
            "net_income": 13416,
            "revenue": 1107979,
            "common_shares": 2219586,
            "book_valuer_per_share": 18.55,
            "book_valuer_per_share_4q_avg": 18.51,
            "equity": 4219604,
            "current_ratio": 287.17,
            "debt_ratio": 44.31,
            "inventory_turnover_ratio": 0.74,
            "account_receivable_turnover_ratio": 0.6,
            "reinvestment_rate": -98.49,
            "research_to_sale_ratio": 2.81,
            "price_fair": 44.57,
            "eps_avg_yearly": 1.27,
            "eps_latest_yearly": 0.68,
            "eps_growth_yearly": 51.95
        }
    },
    "months": {
        "2001-09": {
            "month": "2001-09",
            "price": "8.18",
            "revenue": 42186
        },
        "2001-10": {
            "month": "2001-10",
            "price": "7.01",
            "revenue": 48604
        },
        "2001-11": {
            "month": "2001-11",
            "price": "10.00",
            "revenue": 66782
        },
        "2001-12": {
            "month": "2001-12",
            "price": "20.25",
            "revenue": 57695
        },
        "2002-01": {
            "month": "2002-01",
            "price": "23.05",
            "revenue": 61547
        },
        "2002-02": {
            "month": "2002-02",
            "price": "23.86",
            "revenue": 50412
        },
        "2002-03": {
            "month": "2002-03",
            "price": "23.71",
            "revenue": 73332
        },
        "2002-04": {
            "month": "2002-04",
            "price": "25.09",
            "revenue": 68557
        },
        "2002-05": {
            "month": "2002-05",
            "price": "21.48",
            "revenue": 76440
        },
        "2002-06": {
            "month": "2002-06",
            "price": "18.48",
            "revenue": 66223
        },
        "2002-07": {
            "month": "2002-07",
            "price": "15.43",
            "revenue": 70541
        },
        "2002-08": {
            "month": "2002-08",
            "price": "17.45",
            "revenue": 67669
        },
        "2002-09": {
            "month": "2002-09",
            "price": "18.35",
            "revenue": 69147
        },
        "2002-10": {
            "month": "2002-10",
            "price": "16.31",
            "revenue": 79381
        },
        "2002-11": {
            "month": "2002-11",
            "price": "19.14",
            "revenue": 64173
        },
        "2002-12": {
            "month": "2002-12",
            "price": "17.43",
            "revenue": 76999
        },
        "2003-01": {
            "month": "2003-01",
            "price": "16.88",
            "revenue": 59729
        },
        "2003-02": {
            "month": "2003-02",
            "price": "16.18",
            "revenue": 54257
        },
        "2003-03": {
            "month": "2003-03",
            "price": "15.70",
            "revenue": 69142
        },
        "2003-04": {
            "month": "2003-04",
            "price": "15.29",
            "revenue": 69753
        },
        "2003-05": {
            "month": "2003-05",
            "price": "13.69",
            "revenue": 68310
        },
        "2003-06": {
            "month": "2003-06",
            "price": "18.21",
            "revenue": 55745
        },
        "2003-07": {
            "month": "2003-07",
            "price": "21.99",
            "revenue": 70578
        },
        "2003-08": {
            "month": "2003-08",
            "price": "18.30",
            "revenue": 67255
        },
        "2003-09": {
            "month": "2003-09",
            "price": "16.22",
            "revenue": 81923
        },
        "2003-10": {
            "month": "2003-10",
            "price": "16.47",
            "revenue": 79036
        },
        "2003-11": {
            "month": "2003-11",
            "price": "16.71",
            "revenue": 73121
        },
        "2003-12": {
            "month": "2003-12",
            "price": "16.57",
            "revenue": 64395
        },
        "2004-01": {
            "month": "2004-01",
            "price": "18.09",
            "revenue": 63254
        },
        "2004-02": {
            "month": "2004-02",
            "price": "18.94",
            "revenue": 79475
        },
        "2004-03": {
            "month": "2004-03",
            "price": "17.00",
            "revenue": 86665
        },
        "2004-04": {
            "month": "2004-04",
            "price": "16.55",
            "revenue": 93909
        },
        "2004-05": {
            "month": "2004-05",
            "price": "14.48",
            "revenue": 93957
        },
        "2004-06": {
            "month": "2004-06",
            "price": "14.07",
            "revenue": 85572
        },
        "2004-07": {
            "month": "2004-07",
            "price": "12.38",
            "revenue": 83284
        },
        "2004-08": {
            "month": "2004-08",
            "price": "12.40",
            "revenue": 79154
        },
        "2004-09": {
            "month": "2004-09",
            "price": "14.24",
            "revenue": 117714
        },
        "2004-10": {
            "month": "2004-10",
            "price": "13.82",
            "revenue": 121664
        },
        "2004-11": {
            "month": "2004-11",
            "price": "13.09",
            "revenue": 107677
        },
        "2004-12": {
            "month": "2004-12",
            "price": "11.91",
            "revenue": 93625
        },
        "2005-01": {
            "month": "2005-01",
            "price": "11.30",
            "revenue": 101369
        },
        "2005-02": {
            "month": "2005-02",
            "price": "12.08",
            "revenue": 85141
        },
        "2005-03": {
            "month": "2005-03",
            "price": "12.74",
            "revenue": 121705
        },
        "2005-04": {
            "month": "2005-04",
            "price": "13.74",
            "revenue": 118460
        },
        "2005-05": {
            "month": "2005-05",
            "price": "14.21",
            "revenue": 119681
        },
        "2005-06": {
            "month": "2005-06",
            "price": "15.50",
            "revenue": 132746
        },
        "2005-07": {
            "month": "2005-07",
            "price": "18.89",
            "revenue": 145594
        },
        "2005-08": {
            "month": "2005-08",
            "price": "18.49",
            "revenue": 241691
        },
        "2005-09": {
            "month": "2005-09",
            "price": "16.85",
            "revenue": 253589
        },
        "2005-10": {
            "month": "2005-10",
            "price": "16.61",
            "revenue": 272707
        },
        "2005-11": {
            "month": "2005-11",
            "price": "16.90",
            "revenue": 287361
        },
        "2005-12": {
            "month": "2005-12",
            "price": "23.80",
            "revenue": 287644
        },
        "2006-01": {
            "month": "2006-01",
            "price": "28.45",
            "revenue": 250338
        },
        "2006-02": {
            "month": "2006-02",
            "price": "25.93",
            "revenue": 221511
        },
        "2006-03": {
            "month": "2006-03",
            "price": "27.65",
            "revenue": 307009
        },
        "2006-04": {
            "month": "2006-04",
            "price": "37.19",
            "revenue": 291273
        },
        "2006-05": {
            "month": "2006-05",
            "price": "37.06",
            "revenue": 317735
        },
        "2006-06": {
            "month": "2006-06",
            "price": "33.79",
            "revenue": 307588
        },
        "2006-07": {
            "month": "2006-07",
            "price": "32.21",
            "revenue": 303899
        },
        "2006-08": {
            "month": "2006-08",
            "price": "32.08",
            "revenue": 338328
        },
        "2006-09": {
            "month": "2006-09",
            "price": "32.76",
            "revenue": 360220
        },
        "2006-10": {
            "month": "2006-10",
            "price": "34.94",
            "revenue": 309187
        },
        "2006-11": {
            "month": "2006-11",
            "price": "33.54",
            "revenue": 307675
        },
        "2006-12": {
            "month": "2006-12",
            "price": "33.89",
            "revenue": 236719
        },
        "2007-01": {
            "month": "2007-01",
            "price": "36.48",
            "revenue": 308513
        },
        "2007-02": {
            "month": "2007-02",
            "price": "39.84",
            "revenue": 244411
        },
        "2007-03": {
            "month": "2007-03",
            "price": "47.34",
            "revenue": 314474
        },
        "2007-04": {
            "month": "2007-04",
            "price": "46.88",
            "revenue": 349607
        },
        "2007-05": {
            "month": "2007-05",
            "price": "45.46",
            "revenue": 388857
        },
        "2007-06": {
            "month": "2007-06",
            "price": "49.90",
            "revenue": 394909
        },
        "2007-07": {
            "month": "2007-07",
            "price": "53.68",
            "revenue": 400536
        },
        "2007-08": {
            "month": "2007-08",
            "price": "49.15",
            "revenue": 431737
        },
        "2007-09": {
            "month": "2007-09",
            "price": "49.46",
            "revenue": 426642
        },
        "2007-10": {
            "month": "2007-10",
            "price": "48.16",
            "revenue": 433545
        },
        "2007-11": {
            "month": "2007-11",
            "price": "42.72",
            "revenue": 441632
        },
        "2007-12": {
            "month": "2007-12",
            "price": "36.49",
            "revenue": 380159
        },
        "2008-01": {
            "month": "2008-01",
            "price": "32.72",
            "revenue": 451881
        },
        "2008-02": {
            "month": "2008-02",
            "price": "33.15",
            "revenue": 339355
        },
        "2008-03": {
            "month": "2008-03",
            "price": "36.73",
            "revenue": 446815
        },
        "2008-04": {
            "month": "2008-04",
            "price": "39.15",
            "revenue": 476037
        },
        "2008-05": {
            "month": "2008-05",
            "price": "42.24",
            "revenue": 487826
        },
        "2008-06": {
            "month": "2008-06",
            "price": "38.71",
            "revenue": 431644
        },
        "2008-07": {
            "month": "2008-07",
            "price": "33.30",
            "revenue": 456077
        },
        "2008-08": {
            "month": "2008-08",
            "price": "34.64",
            "revenue": 433304
        },
        "2008-09": {
            "month": "2008-09",
            "price": "28.84",
            "revenue": 472484
        },
        "2008-10": {
            "month": "2008-10",
            "price": "22.34",
            "revenue": 393104
        },
        "2008-11": {
            "month": "2008-11",
            "price": "16.09",
            "revenue": 205704
        },
        "2008-12": {
            "month": "2008-12",
            "price": "14.05",
            "revenue": 164250
        },
        "2009-01": {
            "month": "2009-01",
            "price": "14.96",
            "revenue": 156395
        },
        "2009-02": {
            "month": "2009-02",
            "price": "16.48",
            "revenue": 253993
        },
        "2009-03": {
            "month": "2009-03",
            "price": "20.11",
            "revenue": 312338
        },
        "2009-04": {
            "month": "2009-04",
            "price": "22.88",
            "revenue": 342744
        },
        "2009-05": {
            "month": "2009-05",
            "price": "29.40",
            "revenue": 368741
        },
        "2009-06": {
            "month": "2009-06",
            "price": "31.88",
            "revenue": 429547
        },
        "2009-07": {
            "month": "2009-07",
            "price": "40.25",
            "revenue": 433866
        },
        "2009-08": {
            "month": "2009-08",
            "price": "40.74",
            "revenue": 447500
        },
        "2009-09": {
            "month": "2009-09",
            "price": "47.87",
            "revenue": 455965
        },
        "2009-10": {
            "month": "2009-10",
            "price": "46.95",
            "revenue": 426909
        },
        "2009-11": {
            "month": "2009-11",
            "price": "45.46",
            "revenue": 372748
        },
        "2009-12": {
            "month": "2009-12",
            "price": "52.77",
            "revenue": 434824
        },
        "2010-01": {
            "month": "2010-01",
            "price": "51.70",
            "revenue": 466397
        },
        "2010-02": {
            "month": "2010-02",
            "price": "48.30",
            "revenue": 388205
        },
        "2010-03": {
            "month": "2010-03",
            "price": "50.47",
            "revenue": 510297
        },
        "2010-04": {
            "month": "2010-04",
            "price": "54.40",
            "revenue": 560512
        },
        "2010-05": {
            "month": "2010-05",
            "price": "47.35",
            "revenue": 573192
        },
        "2010-06": {
            "month": "2010-06",
            "price": "44.14",
            "revenue": 605898
        },
        "2010-07": {
            "month": "2010-07",
            "price": "44.01",
            "revenue": 607311
        },
        "2010-08": {
            "month": "2010-08",
            "price": "41.54",
            "revenue": 557473
        },
        "2010-09": {
            "month": "2010-09",
            "price": "39.58",
            "revenue": 507750
        },
        "2010-10": {
            "month": "2010-10",
            "price": "38.65",
            "revenue": 416692
        },
        "2010-11": {
            "month": "2010-11",
            "price": "31.67",
            "revenue": 418572
        },
        "2010-12": {
            "month": "2010-12",
            "price": "34.00",
            "revenue": 403321
        },
        "2011-01": {
            "month": "2011-01",
            "price": "36.40",
            "revenue": 446946
        },
        "2011-02": {
            "month": "2011-02",
            "price": "35.34",
            "revenue": 372771
        },
        "2011-03": {
            "month": "2011-03",
            "price": "33.43",
            "revenue": 427988
        },
        "2011-04": {
            "month": "2011-04",
            "price": "30.33",
            "revenue": 432165
        },
        "2011-05": {
            "month": "2011-05",
            "price": "25.14",
            "revenue": 468142
        },
        "2011-06": {
            "month": "2011-06",
            "price": "23.46",
            "revenue": 396226
        },
        "2011-07": {
            "month": "2011-07",
            "price": "19.52",
            "revenue": 397178
        },
        "2011-08": {
            "month": "2011-08",
            "price": "15.19",
            "revenue": 402303
        },
        "2011-09": {
            "month": "2011-09",
            "price": "15.06",
            "revenue": 399400
        },
        "2011-10": {
            "month": "2011-10",
            "price": "16.77",
            "revenue": 407896
        },
        "2011-11": {
            "month": "2011-11",
            "price": "14.72",
            "revenue": 398003
        },
        "2011-12": {
            "month": "2011-12",
            "price": "13.54",
            "revenue": 427327
        },
        "2012-01": {
            "month": "2012-01",
            "price": "14.03",
            "revenue": 389913
        },
        "2012-02": {
            "month": "2012-02",
            "price": "19.09",
            "revenue": 404262
        },
        "2012-03": {
            "month": "2012-03",
            "price": "22.15",
            "revenue": 445351
        },
        "2012-04": {
            "month": "2012-04",
            "price": "22.54",
            "revenue": 490029
        },
        "2012-05": {
            "month": "2012-05",
            "price": "22.66",
            "revenue": 539729
        },
        "2012-06": {
            "month": "2012-06",
            "price": "20.29",
            "revenue": 530035
        },
        "2012-07": {
            "month": "2012-07",
            "price": "17.29",
            "revenue": 608720
        },
        "2012-08": {
            "month": "2012-08",
            "price": "18.90",
            "revenue": 676691
        },
        "2012-09": {
            "month": "2012-09",
            "price": "20.83",
            "revenue": 765491
        },
        "2012-10": {
            "month": "2012-10",
            "price": "19.79",
            "revenue": 768167
        },
        "2012-11": {
            "month": "2012-11",
            "price": "18.03",
            "revenue": 534268
        },
        "2012-12": {
            "month": "2012-12",
            "price": "18.20",
            "revenue": 394427
        },
        "2013-01": {
            "month": "2013-01",
            "price": "19.06",
            "revenue": 511647
        },
        "2013-02": {
            "month": "2013-02",
            "price": "19.62",
            "revenue": 429196
        },
        "2013-03": {
            "month": "2013-03",
            "price": "20.76",
            "revenue": 556627
        },
        "2013-04": {
            "month": "2013-04",
            "price": "20.51",
            "revenue": 691309
        },
        "2013-05": {
            "month": "2013-05",
            "price": "20.67",
            "revenue": 614653
        },
        "2013-06": {
            "month": "2013-06",
            "price": "19.56",
            "revenue": 576881
        },
        "2013-07": {
            "month": "2013-07",
            "price": "18.83",
            "revenue": 574612
        },
        "2013-08": {
            "month": "2013-08",
            "price": "17.18",
            "revenue": 576728
        },
        "2013-09": {
            "month": "2013-09",
            "price": "17.20",
            "revenue": 589824
        },
        "2013-10": {
            "month": "2013-10",
            "price": "19.30",
            "revenue": 543798
        },
        "2013-11": {
            "month": "2013-11",
            "price": "17.66",
            "revenue": 494503
        },
        "2013-12": {
            "month": "2013-12",
            "price": "18.70",
            "revenue": 513442
        },
        "2014-01": {
            "month": "2014-01",
            "price": "20.18",
            "revenue": 521808
        },
        "2014-02": {
            "month": "2014-02",
            "price": "20.51",
            "revenue": 418551
        },
        "2014-03": {
            "month": "2014-03",
            "price": "23.07",
            "revenue": 623834
        },
        "2014-04": {
            "month": "2014-04",
            "price": "23.68",
            "revenue": 681124
        },
        "2014-05": {
            "month": "2014-05",
            "price": "21.05",
            "revenue": 672193
        },
        "2014-06": {
            "month": "2014-06",
            "price": "22.17",
            "revenue": 655391
        },
        "2014-07": {
            "month": "2014-07",
            "price": "23.22",
            "revenue": 671613
        },
        "2014-08": {
            "month": "2014-08",
            "price": "22.02",
            "revenue": 640231
        },
        "2014-09": {
            "month": "2014-09",
            "price": "20.99",
            "revenue": 650147
        },
        "2014-10": {
            "month": "2014-10",
            "price": "18.07",
            "revenue": 557452
        },
        "2014-11": {
            "month": "2014-11",
            "price": "17.75",
            "revenue": 478981
        },
        "2014-12": {
            "month": "2014-12",
            "price": "18.59",
            "revenue": 509564
        },
        "2015-01": {
            "month": "2015-01",
            "price": "19.06",
            "revenue": 572248
        },
        "2015-02": {
            "month": "2015-02",
            "price": "19.05",
            "revenue": 456665
        },
        "2015-03": {
            "month": "2015-03",
            "price": "18.77",
            "revenue": 575906
        },
        "2015-04": {
            "month": "2015-04",
            "price": "17.94",
            "revenue": 574049
        },
        "2015-05": {
            "month": "2015-05",
            "price": "15.82",
            "revenue": 580746
        },
        "2015-06": {
            "month": "2015-06",
            "price": "13.26",
            "revenue": 582816
        },
        "2015-07": {
            "month": "2015-07",
            "price": "12.07",
            "revenue": 522811
        },
        "2015-08": {
            "month": "2015-08",
            "price": "10.46",
            "revenue": 550250
        },
        "2015-09": {
            "month": "2015-09",
            "price": "10.59",
            "revenue": 508910
        },
        "2015-10": {
            "month": "2015-10",
            "price": "11.21",
            "revenue": 502670
        },
        "2015-11": {
            "month": "2015-11",
            "price": "10.69",
            "revenue": 468879
        },
        "2015-12": {
            "month": "2015-12",
            "price": "10.12",
            "revenue": 442354
        },
        "2016-01": {
            "month": "2016-01",
            "price": "9.26",
            "revenue": 436508
        },
        "2016-02": {
            "month": "2016-02",
            "price": "9.65",
            "revenue": 313836
        },
        "2016-03": {
            "month": "2016-03",
            "price": "9.90",
            "revenue": 449698
        },
        "2016-04": {
            "month": "2016-04",
            "price": "8.93",
            "revenue": 403323
        },
        "2016-05": {
            "month": "2016-05",
            "price": "8.23",
            "revenue": 425636
        },
        "2016-06": {
            "month": "2016-06",
            "price": "8.67",
            "revenue": 437365
        },
        "2016-07": {
            "month": "2016-07",
            "price": "9.60",
            "revenue": 416002
        },
        "2016-08": {
            "month": "2016-08",
            "price": "9.09",
            "revenue": 447990
        },
        "2016-09": {
            "month": "2016-09",
            "price": "9.34",
            "revenue": 418739
        },
        "2016-10": {
            "month": "2016-10",
            "price": "8.70",
            "revenue": 368776
        },
        "2016-11": {
            "month": "2016-11",
            "price": "8.08",
            "revenue": 391673
        },
        "2016-12": {
            "month": "2016-12",
            "price": "8.35",
            "revenue": 350377
        },
        "2017-01": {
            "month": "2017-01",
            "price": "9.14",
            "revenue": 323732
        },
        "2017-02": {
            "month": "2017-02",
            "price": "9.48",
            "revenue": 311573
        },
        "2017-03": {
            "month": "2017-03",
            "price": "9.53",
            "revenue": 378835
        },
        "2017-04": {
            "month": "2017-04",
            "price": "9.16",
            "revenue": 352553
        },
        "2017-05": {
            "month": "2017-05",
            "price": "9.13",
            "revenue": 364364
        },
        "2017-06": {
            "month": "2017-06",
            "price": "8.91",
            "revenue": 361836
        },
        "2017-07": {
            "month": "2017-07",
            "price": "9.05",
            "revenue": 346616
        },
        "2017-08": {
            "month": "2017-08",
            "price": "10.69",
            "revenue": 338378
        },
        "2017-09": {
            "month": "2017-09",
            "price": "11.46",
            "revenue": 364153
        },
        "2017-10": {
            "month": "2017-10",
            "price": "11.16",
            "revenue": 331668
        },
        "2017-11": {
            "month": "2017-11",
            "price": "10.76",
            "revenue": 336918
        },
        "2017-12": {
            "month": "2017-12",
            "price": "10.60",
            "revenue": 325058
        },
        "2018-01": {
            "month": "2018-01",
            "price": "11.58",
            "revenue": 397193
        },
        "2018-02": {
            "month": "2018-02",
            "price": "10.72",
            "revenue": 278694
        },
        "2018-03": {
            "month": "2018-03",
            "price": "10.60",
            "revenue": 378108
        },
        "2018-04": {
            "month": "2018-04",
            "price": "9.73",
            "revenue": 393675
        },
        "2018-05": {
            "month": "2018-05",
            "price": "10.10",
            "revenue": 375632
        },
        "2018-06": {
            "month": "2018-06",
            "price": "12.88",
            "revenue": 329756
        },
        "2018-07": {
            "month": "2018-07",
            "price": "13.68",
            "revenue": 346029
        },
        "2018-08": {
            "month": "2018-08",
            "price": "11.90",
            "revenue": 344992
        },
        "2018-09": {
            "month": "2018-09",
            "price": "11.14",
            "revenue": 327291
        },
        "2018-10": {
            "month": "2018-10",
            "price": "9.28",
            "revenue": 293570
        },
        "2018-11": {
            "month": "2018-11",
            "price": "9.10",
            "revenue": 300408
        },
        "2018-12": {
            "month": "2018-12",
            "price": "9.59",
            "revenue": 269120
        },
        "2019-01": {
            "month": "2019-01",
            "price": "9.11",
            "revenue": 312920
        },
        "2019-02": {
            "month": "2019-02",
            "price": "9.40",
            "revenue": 221864
        },
        "2019-03": {
            "month": "2019-03",
            "price": "9.31",
            "revenue": 280537
        },
        "2019-04": {
            "month": "2019-04",
            "price": "9.22",
            "revenue": 334005
        },
        "2019-05": {
            "month": "2019-05",
            "price": "8.43",
            "revenue": 332726
        },
        "2019-06": {
            "month": "2019-06",
            "price": "8.21",
            "revenue": 309816
        },
        "2019-07": {
            "month": "2019-07",
            "price": "8.31",
            "revenue": 303722
        },
        "2019-08": {
            "month": "2019-08",
            "price": "8.20",
            "revenue": 307778
        },
        "2019-09": {
            "month": "2019-09",
            "price": "8.31",
            "revenue": 306405
        },
        "2019-10": {
            "month": "2019-10",
            "price": "8.25",
            "revenue": 308690
        },
        "2019-11": {
            "month": "2019-11",
            "price": "8.06",
            "revenue": 325065
        },
        "2019-12": {
            "month": "2019-12",
            "price": "8.54",
            "revenue": 324346
        },
        "2020-01": {
            "month": "2020-01",
            "price": "8.67",
            "revenue": 287007
        },
        "2020-02": {
            "month": "2020-02",
            "price": "8.04",
            "revenue": 191854
        },
        "2020-03": {
            "month": "2020-03",
            "price": "6.30",
            "revenue": 337253
        },
        "2020-04": {
            "month": "2020-04",
            "price": "6.74",
            "revenue": 355583
        },
        "2020-05": {
            "month": "2020-05",
            "price": "7.44",
            "revenue": 328380
        },
        "2020-06": {
            "month": "2020-06",
            "price": "7.32",
            "revenue": 344259
        },
        "2020-07": {
            "month": "2020-07",
            "price": "8.58",
            "revenue": 349979
        },
        "2020-08": {
            "month": "2020-08",
            "price": "8.86",
            "revenue": 372505
        },
        "2020-09": {
            "month": "2020-09",
            "price": "11.44",
            "revenue": 403734
        },
        "2020-10": {
            "month": "2020-10",
            "price": "13.06",
            "revenue": 371114
        },
        "2020-11": {
            "month": "2020-11",
            "price": "15.37",
            "revenue": 405774
        },
        "2020-12": {
            "month": "2020-12",
            "price": "19.50",
            "revenue": 429472
        },
        "2021-01": {
            "month": "2021-01",
            "price": "18.50",
            "revenue": 469204
        },
        "2021-02": {
            "month": "2021-02",
            "price": "19.98",
            "revenue": 346768
        },
        "2021-03": {
            "month": "2021-03",
            "price": "25.57",
            "revenue": 494440
        },
        "2021-04": {
            "month": "2021-04",
            "price": "34.51",
            "revenue": 490178
        },
        "2021-05": {
            "month": "2021-05",
            "price": "28.40",
            "revenue": 512274
        },
        "2021-06": {
            "month": "2021-06",
            "price": "32.24",
            "revenue": 521267
        },
        "2021-07": {
            "month": "2021-07",
            "price": "54.04",
            "revenue": 537048
        },
        "2021-08": {
            "month": "2021-08",
            "price": "52.74",
            "revenue": 545313
        },
        "2021-09": {
            "month": "2021-09",
            "price": "54.77",
            "revenue": 550266
        },
        "2021-10": {
            "month": "2021-10",
            "price": "53.83",
            "revenue": 523410
        },
        "2021-11": {
            "month": "2021-11",
            "price": "58.15",
            "revenue": 490102
        },
        "2021-12": {
            "month": "2021-12",
            "price": "52.08",
            "revenue": 485495
        },
        "2022-01": {
            "month": "2022-01",
            "price": "46.41",
            "revenue": 456164
        },
        "2022-02": {
            "month": "2022-02",
            "price": "46.91",
            "revenue": 381550
        },
        "2022-03": {
            "month": "2022-03",
            "price": "44.47",
            "revenue": 498762
        },
        "2022-04": {
            "month": "2022-04",
            "price": "41.80",
            "revenue": 483987
        },
        "2022-05": {
            "month": "2022-05",
            "price": "36.72",
            "revenue": 479356
        },
        "2022-06": {
            "month": "2022-06",
            "price": "33.51",
            "revenue": 472179
        },
        "2022-07": {
            "month": "2022-07",
            "price": "26.74",
            "revenue": 443616
        },
        "2022-08": {
            "month": "2022-08",
            "price": "25.61",
            "revenue": 413832
        },
        "2022-09": {
            "month": "2022-09",
            "price": "21.09",
            "revenue": 412258
        },
        "2022-10": {
            "month": "2022-10",
            "price": "17.44",
            "revenue": 378749
        },
        "2022-11": {
            "month": "2022-11",
            "price": "19.10",
            "revenue": 404346
        },
        "2022-12": {
            "month": "2022-12",
            "price": "22.82",
            "revenue": 371043
        },
        "2023-01": {
            "month": "2023-01",
            "price": "22.28",
            "revenue": 320218
        },
        "2023-02": {
            "month": "2023-02",
            "price": "23.51",
            "revenue": 377810
        },
        "2023-03": {
            "month": "2023-03",
            "price": "27.28",
            "revenue": 409812
        },
        "2023-04": {
            "month": "2023-04",
            "price": "29.11",
            "revenue": 393643
        }
    }
}
