{
    "summary": {
        "stock_name": "漢平",
        "stock_id": "2488",
        "category": "其他電子",
        "main_business": "電器製造業.照明設備製造業.資料儲存及處理設備製造業.<br>無線通信機械器材製造業.電子零組件製造業<br>國際貿易業.產品設計業.資訊軟體服務業",
        "website_url": "http://www.hanpin.com.tw",
        "ceo": "劉深鏗",
        "pe_ratio": 9,
        "report_year_from": 2001,
        "report_year_to": 2023,
        "age": 23,
        "eps_negative_percentage": 0,
        "eps_growth_avg": {
            "last_all": 7.92,
            "last_2y": 23.15,
            "last_4y": 6.04,
            "last_8y": 16.42,
            "last_12y": 16.79,
            "last_16y": 11.03,
            "last_20y": 9.12,
            "at_2006_last_3y": 1.01,
            "at_2007_last_3y": 10.37,
            "at_2008_last_3y": 7.81,
            "at_2009_last_3y": 16.59,
            "at_2010_last_3y": -7.71,
            "at_2011_last_3y": -40.12,
            "at_2012_last_3y": -6.69,
            "at_2013_last_3y": 26.85,
            "at_2014_last_3y": 17.62,
            "at_2015_last_3y": 49.44,
            "at_2016_last_3y": 46.75,
            "at_2017_last_3y": 7.26,
            "at_2018_last_3y": 29.39,
            "at_2019_last_3y": 20.34,
            "at_2020_last_3y": -10.69,
            "at_2021_last_3y": -1.57,
            "at_2022_last_3y": 9.82,
            "at_2023_last_3y": 8.65,
            "at_2024_last_3y": 8.65,
            "at_2006_last_all": -2.64,
            "at_2007_last_all": 3.51,
            "at_2008_last_all": -1.82,
            "at_2009_last_all": -5.86,
            "at_2010_last_all": -4.89,
            "at_2011_last_all": -13.95,
            "at_2012_last_all": -3.59,
            "at_2013_last_all": 5.05,
            "at_2014_last_all": 2.03,
            "at_2015_last_all": 4.16,
            "at_2016_last_all": 9.84,
            "at_2017_last_all": 5.6,
            "at_2018_last_all": 8.47,
            "at_2019_last_all": 7.76,
            "at_2020_last_all": 5.51,
            "at_2021_last_all": 4.16,
            "at_2022_last_all": 8.73,
            "at_2023_last_all": 7.92,
            "at_2024_last_all": 7.92
        },
        "latest_eps": 4.28,
        "latest_price": 40,
        "latest_roe": 14.45,
        "latest_gross_margin": 29.52,
        "latest_equity": 2446175,
        "latest_revenue": 866585,
        "latest_gross_profit": 255858,
        "latest_net_income": 153934,
        "latest_debt_ratio": 34.35,
        "latest_current_ratio": 283.02,
        "latest_account_receivable_turnover_ratio": 1.97,
        "latest_inventory_turnover_ratio": 1.18,
        "latest_reinvestment_rate": -7.15,
        "latest_research_to_sale_ratio": 3.43
    },
    "eps_dividends": {
        "1999": {
            "cash": 0.5,
            "stock": 1.5,
            "eps": 0
        },
        "2000": {
            "cash": 0.5,
            "stock": 2.05,
            "eps": 0
        },
        "2001": {
            "cash": 1,
            "stock": 2,
            "eps": 3.77
        },
        "2002": {
            "cash": 3,
            "stock": 1.5,
            "eps": 3.12
        },
        "2003": {
            "cash": 2.5,
            "stock": 0,
            "eps": 3.02
        },
        "2004": {
            "cash": 2.3,
            "stock": 0.2,
            "eps": 2.31
        },
        "2005": {
            "cash": 1.8,
            "stock": 0,
            "eps": 0.71
        },
        "2006": {
            "cash": 0.8,
            "stock": 0,
            "eps": 1.81
        },
        "2007": {
            "cash": 1.5,
            "stock": 0,
            "eps": 2.43
        },
        "2008": {
            "cash": 1.8,
            "stock": 0,
            "eps": 1.61
        },
        "2009": {
            "cash": 1,
            "stock": 0,
            "eps": 1.06
        },
        "2010": {
            "cash": 0.7,
            "stock": 0,
            "eps": 1.09
        },
        "2011": {
            "cash": 1.7999999999999998,
            "stock": 0,
            "eps": 0.05
        },
        "2012": {
            "cash": 0,
            "stock": 0,
            "eps": 0.77
        },
        "2013": {
            "cash": 0.6,
            "stock": 0,
            "eps": 3.43
        },
        "2014": {
            "cash": 2,
            "stock": 0,
            "eps": 2.26
        },
        "2015": {
            "cash": 1.6,
            "stock": 0,
            "eps": 2.98
        },
        "2016": {
            "cash": 2.2,
            "stock": 0,
            "eps": 5.64
        },
        "2017": {
            "cash": 3.5,
            "stock": 0,
            "eps": 2.37
        },
        "2018": {
            "cash": 1.9,
            "stock": 0,
            "eps": 3.66
        },
        "2019": {
            "cash": 2.5,
            "stock": 0,
            "eps": 3.5
        },
        "2020": {
            "cash": 2.3,
            "stock": 0,
            "eps": 2.28
        },
        "2021": {
            "cash": 1.5,
            "stock": 0,
            "eps": 1.79
        },
        "2022": {
            "cash": 1.2,
            "stock": 0,
            "eps": 3.86
        },
        "2023": {
            "cash": 2.5,
            "stock": 0,
            "eps": 3.51
        }
    },
    "dividends": {
        "1999-07-26": {
            "cash": 0.5,
            "stock": 1.5
        },
        "2000-05-04": {
            "cash": 0.5,
            "stock": 2.05
        },
        "2001-04-20": {
            "cash": 1,
            "stock": 2
        },
        "2002-05-30": {
            "cash": 3,
            "stock": 1.5
        },
        "2003-06-19": {
            "cash": 2.5,
            "stock": 0
        },
        "2004-03-11": {
            "cash": 2.3,
            "stock": 0.2
        },
        "2005-03-25": {
            "cash": 1.8,
            "stock": 0
        },
        "2006-03-27": {
            "cash": 0.8,
            "stock": 0
        },
        "2007-03-26": {
            "cash": 1.5,
            "stock": 0
        },
        "2008-03-21": {
            "cash": 1.8,
            "stock": 0
        },
        "2009-03-19": {
            "cash": 1,
            "stock": 0
        },
        "2010-03-23": {
            "cash": 0.7,
            "stock": 0
        },
        "2011-01-01": {
            "cash": 0.6,
            "stock": 0
        },
        "2011-03-22": {
            "cash": 1.2,
            "stock": 0
        },
        "2013-03-21": {
            "cash": 0.6,
            "stock": 0
        },
        "2014-08-20": {
            "cash": 2,
            "stock": 0
        },
        "2015-09-09": {
            "cash": 1.6,
            "stock": 0
        },
        "2016-09-09": {
            "cash": 2.2,
            "stock": 0
        },
        "2017-10-25": {
            "cash": 3.5,
            "stock": 0
        },
        "2018-10-15": {
            "cash": 1.9,
            "stock": 0
        },
        "2019-10-25": {
            "cash": 2.5,
            "stock": 0
        },
        "2020-10-28": {
            "cash": 2.3,
            "stock": 0
        },
        "2021-10-27": {
            "cash": 1.5,
            "stock": 0
        },
        "2022-10-21": {
            "cash": 1.2,
            "stock": 0
        },
        "2023-10-18": {
            "cash": 2.5,
            "stock": 0
        }
    },
    "prices": {
        "200101": "無",
        "200102": "無",
        "200103": "無",
        "200104": "無",
        "200105": "無",
        "200106": "無",
        "200107": "無",
        "200108": "無",
        "200109": "33.90",
        "200110": "34.02",
        "200111": "36.68",
        "200112": "40.84",
        "200201": "43.12",
        "200202": "42.02",
        "200203": "41.19",
        "200204": "39.81",
        "200205": "36.85",
        "200206": "32.71",
        "200207": "25.53",
        "200208": "26.00",
        "200209": "27.12",
        "200210": "27.32",
        "200211": "28.86",
        "200212": "26.27",
        "200301": "27.65",
        "200302": "25.61",
        "200303": "25.03",
        "200304": "25.62",
        "200305": "24.20",
        "200306": "26.28",
        "200307": "27.33",
        "200308": "23.82",
        "200309": "24.17",
        "200310": "24.89",
        "200311": "27.36",
        "200312": "27.82",
        "200401": "30.01",
        "200402": "33.16",
        "200403": "32.45",
        "200404": "31.63",
        "200405": "28.99",
        "200406": "28.00",
        "200407": "26.48",
        "200408": "25.72",
        "200409": "27.09",
        "200410": "28.22",
        "200411": "27.39",
        "200412": "26.09",
        "200501": "24.00",
        "200502": "22.76",
        "200503": "21.98",
        "200504": "20.10",
        "200505": "18.78",
        "200506": "20.52",
        "200507": "20.02",
        "200508": "17.29",
        "200509": "15.98",
        "200510": "15.75",
        "200511": "15.55",
        "200512": "16.82",
        "200601": "16.07",
        "200602": "15.27",
        "200603": "14.40",
        "200604": "14.63",
        "200605": "14.60",
        "200606": "12.86",
        "200607": "12.37",
        "200608": "12.17",
        "200609": "12.35",
        "200610": "13.68",
        "200611": "14.52",
        "200612": "15.04",
        "200701": "17.00",
        "200702": "17.40",
        "200703": "18.86",
        "200704": "20.04",
        "200705": "20.32",
        "200706": "26.94",
        "200707": "29.20",
        "200708": "28.54",
        "200709": "27.79",
        "200710": "26.76",
        "200711": "22.74",
        "200712": "21.05",
        "200801": "19.47",
        "200802": "19.15",
        "200803": "19.11",
        "200804": "20.93",
        "200805": "20.80",
        "200806": "19.06",
        "200807": "17.10",
        "200808": "16.00",
        "200809": "14.54",
        "200810": "13.86",
        "200811": "12.74",
        "200812": "11.74",
        "200901": "11.37",
        "200902": "10.77",
        "200903": "12.06",
        "200904": "13.13",
        "200905": "13.28",
        "200906": "13.07",
        "200907": "13.32",
        "200908": "12.41",
        "200909": "12.99",
        "200910": "14.11",
        "200911": "13.94",
        "200912": "16.38",
        "201001": "15.68",
        "201002": "13.74",
        "201003": "14.89",
        "201004": "15.70",
        "201005": "14.22",
        "201006": "14.42",
        "201007": "14.30",
        "201008": "14.73",
        "201009": "14.52",
        "201010": "15.99",
        "201011": "15.65",
        "201012": "16.06",
        "201101": "15.82",
        "201102": "15.86",
        "201103": "15.84",
        "201104": "16.40",
        "201105": "16.11",
        "201106": "15.89",
        "201107": "15.37",
        "201108": "13.29",
        "201109": "12.58",
        "201110": "11.87",
        "201111": "10.29",
        "201112": "9.42",
        "201201": "9.82",
        "201202": "10.84",
        "201203": "10.87",
        "201204": "10.07",
        "201205": "9.99",
        "201206": "10.04",
        "201207": "9.55",
        "201208": "9.25",
        "201209": "9.57",
        "201210": "9.45",
        "201211": "9.30",
        "201212": "9.86",
        "201301": "10.96",
        "201302": "10.91",
        "201303": "11.43",
        "201304": "12.66",
        "201305": "14.86",
        "201306": "17.72",
        "201307": "19.51",
        "201308": "27.96",
        "201309": "30.65",
        "201310": "30.52",
        "201311": "28.61",
        "201312": "29.46",
        "201401": "34.05",
        "201402": "33.14",
        "201403": "35.81",
        "201404": "34.29",
        "201405": "31.37",
        "201406": "29.63",
        "201407": "27.73",
        "201408": "22.76",
        "201409": "22.55",
        "201410": "21.70",
        "201411": "18.92",
        "201412": "20.44",
        "201501": "21.42",
        "201502": "20.92",
        "201503": "23.56",
        "201504": "23.88",
        "201505": "21.89",
        "201506": "26.20",
        "201507": "26.65",
        "201508": "27.98",
        "201509": "29.64",
        "201510": "30.69",
        "201511": "28.46",
        "201512": "24.78",
        "201601": "25.70",
        "201602": "28.62",
        "201603": "34.09",
        "201604": "41.23",
        "201605": "45.75",
        "201606": "51.14",
        "201607": "54.22",
        "201608": "54.10",
        "201609": "54.82",
        "201610": "47.84",
        "201611": "43.64",
        "201612": "43.24",
        "201701": "42.29",
        "201702": "43.73",
        "201703": "45.00",
        "201704": "46.01",
        "201705": "42.64",
        "201706": "40.21",
        "201707": "39.16",
        "201708": "37.62",
        "201709": "36.38",
        "201710": "31.48",
        "201711": "31.07",
        "201712": "29.28",
        "201801": "29.40",
        "201802": "26.55",
        "201803": "27.46",
        "201804": "26.26",
        "201805": "26.00",
        "201806": "29.86",
        "201807": "34.00",
        "201808": "35.00",
        "201809": "34.43",
        "201810": "31.71",
        "201811": "30.75",
        "201812": "30.00",
        "201901": "34.86",
        "201902": "35.59",
        "201903": "39.96",
        "201904": "39.12",
        "201905": "37.83",
        "201906": "37.01",
        "201907": "38.02",
        "201908": "37.60",
        "201909": "38.03",
        "201910": "33.46",
        "201911": "34.22",
        "201912": "33.73",
        "202001": "32.88",
        "202002": "30.42",
        "202003": "27.63",
        "202004": "27.37",
        "202005": "28.34",
        "202006": "28.86",
        "202007": "29.02",
        "202008": "30.85",
        "202009": "31.04",
        "202010": "28.64",
        "202011": "29.08",
        "202012": "30.41",
        "202101": "30.11",
        "202102": "30.20",
        "202103": "31.89",
        "202104": "34.23",
        "202105": "30.05",
        "202106": "30.06",
        "202107": "30.76",
        "202108": "29.39",
        "202109": "28.83",
        "202110": "27.18",
        "202111": "27.56",
        "202112": "27.21",
        "202201": "27.80",
        "202202": "27.53",
        "202203": "26.82",
        "202204": "26.34",
        "202205": "25.73",
        "202206": "27.42",
        "202207": "27.55",
        "202208": "30.12",
        "202209": "30.22",
        "202210": "28.13",
        "202211": "29.34",
        "202212": "29.05",
        "202301": "28.93",
        "202302": "29.36",
        "202303": "31.12",
        "202304": "30.73",
        "202305": "31.00",
        "202306": "32.42",
        "202307": "33.79",
        "202308": "36.66",
        "202309": "36.90",
        "202310": "38.29",
        "202311": "39.89",
        "202312": "40.26"
    },
    "quarters": {
        "20011": {
            "year_quarter": 20011,
            "year": 2001,
            "quarter": 1,
            "eps": 0.88,
            "eps_growth_year": -14.56,
            "eps_4q": 3.42,
            "eps_4q_growth_year": null,
            "roe": 4.47,
            "roe_4q": 4.47,
            "gross_profit": 104951,
            "gross_margin": 23.94,
            "gross_margin_4q_avg": 23.94,
            "net_income": 61797,
            "net_income_4q": null,
            "revenue": 438372,
            "revenue_4q": null,
            "common_shares": 700000,
            "book_valuer_per_share": 20.2,
            "book_valuer_per_share_4q_avg": 20.2,
            "equity": 1413783,
            "current_ratio": 147.16,
            "debt_ratio": 40.21,
            "inventory_turnover_ratio": 1.01,
            "account_receivable_turnover_ratio": null,
            "reinvestment_rate": null,
            "research_to_sale_ratio": null,
            "price_fair": 0,
            "eps_avg_yearly": 0,
            "eps_latest_yearly": 0,
            "eps_growth_yearly": 0
        },
        "20012": {
            "year_quarter": 20012,
            "year": 2001,
            "quarter": 2,
            "eps": 1.13,
            "eps_growth_year": 50.67,
            "eps_4q": 3.81,
            "eps_4q_growth_year": 18.54,
            "roe": 5.43,
            "roe_4q": 9.899999999999999,
            "gross_profit": 119353,
            "gross_margin": 23.68,
            "gross_margin_4q_avg": 23.81,
            "net_income": 79251,
            "net_income_4q": null,
            "revenue": 504091,
            "revenue_4q": null,
            "common_shares": 700000,
            "book_valuer_per_share": 21.53,
            "book_valuer_per_share_4q_avg": 20.87,
            "equity": 1507256,
            "current_ratio": 164.37,
            "debt_ratio": 37.23,
            "inventory_turnover_ratio": 1.53,
            "account_receivable_turnover_ratio": null,
            "reinvestment_rate": null,
            "research_to_sale_ratio": null,
            "price_fair": 0,
            "eps_avg_yearly": 0,
            "eps_latest_yearly": 0,
            "eps_growth_yearly": 0
        },
        "20013": {
            "year_quarter": 20013,
            "year": 2001,
            "quarter": 3,
            "eps": 0.96,
            "eps_growth_year": 3.23,
            "eps_4q": 3.34,
            "eps_4q_growth_year": -1.13,
            "roe": 5.39,
            "roe_4q": 15.29,
            "gross_profit": 105605,
            "gross_margin": 19.87,
            "gross_margin_4q_avg": 22.5,
            "net_income": 81446,
            "net_income_4q": null,
            "revenue": 531505,
            "revenue_4q": null,
            "common_shares": 846000,
            "book_valuer_per_share": 17.88,
            "book_valuer_per_share_4q_avg": 19.87,
            "equity": 1513012,
            "current_ratio": 128.83,
            "debt_ratio": 39.38,
            "inventory_turnover_ratio": 1.89,
            "account_receivable_turnover_ratio": null,
            "reinvestment_rate": null,
            "research_to_sale_ratio": null,
            "price_fair": 0,
            "eps_avg_yearly": 0,
            "eps_latest_yearly": 0,
            "eps_growth_yearly": 0
        },
        "20014": {
            "year_quarter": 20014,
            "year": 2001,
            "quarter": 4,
            "eps": 0.8,
            "eps_growth_year": -8.05,
            "eps_4q": 3.42,
            "eps_4q_growth_year": 0.05,
            "roe": 4.44,
            "roe_4q": 19.73,
            "gross_profit": 87757,
            "gross_margin": 20.65,
            "gross_margin_4q_avg": 22.04,
            "net_income": 67857,
            "net_income_4q": null,
            "revenue": 424897,
            "revenue_4q": null,
            "common_shares": 846000,
            "book_valuer_per_share": 18.25,
            "book_valuer_per_share_4q_avg": 19.47,
            "equity": 1544096,
            "current_ratio": 144.42,
            "debt_ratio": 34.16,
            "inventory_turnover_ratio": 1.28,
            "account_receivable_turnover_ratio": null,
            "reinvestment_rate": null,
            "research_to_sale_ratio": null,
            "price_fair": 0,
            "eps_avg_yearly": 0,
            "eps_latest_yearly": 0,
            "eps_growth_yearly": 0
        },
        "20021": {
            "year_quarter": 20021,
            "year": 2002,
            "quarter": 1,
            "eps": 0.52,
            "eps_growth_year": -40.91,
            "eps_4q": 3.21,
            "eps_4q_growth_year": -6.17,
            "roe": 2.82,
            "roe_4q": 18.08,
            "gross_profit": 76824,
            "gross_margin": 22.37,
            "gross_margin_4q_avg": 21.64,
            "net_income": 44131,
            "net_income_4q": null,
            "revenue": 343462,
            "revenue_4q": null,
            "common_shares": 846000,
            "book_valuer_per_share": 18.77,
            "book_valuer_per_share_4q_avg": 19.11,
            "equity": 1588290,
            "current_ratio": 121.96,
            "debt_ratio": 43.32,
            "inventory_turnover_ratio": 1.1,
            "account_receivable_turnover_ratio": null,
            "reinvestment_rate": null,
            "research_to_sale_ratio": null,
            "price_fair": 6.24,
            "eps_avg_yearly": 2.08,
            "eps_latest_yearly": 2.08,
            "eps_growth_yearly": -140
        },
        "20022": {
            "year_quarter": 20022,
            "year": 2002,
            "quarter": 2,
            "eps": 0.54,
            "eps_growth_year": -52.21,
            "eps_4q": 2.53,
            "eps_4q_growth_year": -33.66,
            "roe": 3.42,
            "roe_4q": 16.07,
            "gross_profit": 73961,
            "gross_margin": 19.47,
            "gross_margin_4q_avg": 20.59,
            "net_income": 52612,
            "net_income_4q": null,
            "revenue": 379826,
            "revenue_4q": null,
            "common_shares": 846000,
            "book_valuer_per_share": 17.57,
            "book_valuer_per_share_4q_avg": 18.12,
            "equity": 1486740,
            "current_ratio": 120.7,
            "debt_ratio": 47.8,
            "inventory_turnover_ratio": 1.75,
            "account_receivable_turnover_ratio": null,
            "reinvestment_rate": null,
            "research_to_sale_ratio": null,
            "price_fair": 6.36,
            "eps_avg_yearly": 2.12,
            "eps_latest_yearly": 2.16,
            "eps_growth_yearly": -62.31
        },
        "20023": {
            "year_quarter": 20023,
            "year": 2002,
            "quarter": 3,
            "eps": 0.55,
            "eps_growth_year": -42.71,
            "eps_4q": 2.23,
            "eps_4q_growth_year": -33.28,
            "roe": 3.55,
            "roe_4q": 14.23,
            "gross_profit": 58647,
            "gross_margin": 14.26,
            "gross_margin_4q_avg": 19.19,
            "net_income": 54009,
            "net_income_4q": null,
            "revenue": 411212,
            "revenue_4q": null,
            "common_shares": 978700,
            "book_valuer_per_share": 15.91,
            "book_valuer_per_share_4q_avg": 17.63,
            "equity": 1556998,
            "current_ratio": 125.18,
            "debt_ratio": 45.92,
            "inventory_turnover_ratio": 2.08,
            "account_receivable_turnover_ratio": null,
            "reinvestment_rate": null,
            "research_to_sale_ratio": null,
            "price_fair": 6.44,
            "eps_avg_yearly": 2.15,
            "eps_latest_yearly": 2.2,
            "eps_growth_yearly": -39.07
        },
        "20024": {
            "year_quarter": 20024,
            "year": 2002,
            "quarter": 4,
            "eps": 1.51,
            "eps_growth_year": 88.75,
            "eps_4q": 3.05,
            "eps_4q_growth_year": -11.01,
            "roe": 9.15,
            "roe_4q": 18.939999999999998,
            "gross_profit": 52048,
            "gross_margin": 11.23,
            "gross_margin_4q_avg": 16.83,
            "net_income": 148176,
            "net_income_4q": null,
            "revenue": 463452,
            "revenue_4q": null,
            "common_shares": 978948,
            "book_valuer_per_share": 17.19,
            "book_valuer_per_share_4q_avg": 17.36,
            "equity": 1682431,
            "current_ratio": 298.43,
            "debt_ratio": 35.17,
            "inventory_turnover_ratio": 1.93,
            "account_receivable_turnover_ratio": null,
            "reinvestment_rate": null,
            "research_to_sale_ratio": null,
            "price_fair": 109.2,
            "eps_avg_yearly": 3.12,
            "eps_latest_yearly": 6.04,
            "eps_growth_yearly": 145.24
        },
        "20031": {
            "year_quarter": 20031,
            "year": 2003,
            "quarter": 1,
            "eps": 0.37,
            "eps_growth_year": -28.85,
            "eps_4q": 2.99,
            "eps_4q_growth_year": -6.92,
            "roe": 2.11,
            "roe_4q": 18.229999999999997,
            "gross_profit": 44485,
            "gross_margin": 13.72,
            "gross_margin_4q_avg": 14.67,
            "net_income": 35971,
            "net_income_4q": null,
            "revenue": 324294,
            "revenue_4q": null,
            "common_shares": 978948,
            "book_valuer_per_share": 17.59,
            "book_valuer_per_share_4q_avg": 17.07,
            "equity": 1721842,
            "current_ratio": 256.86,
            "debt_ratio": 37.72,
            "inventory_turnover_ratio": 1.42,
            "account_receivable_turnover_ratio": null,
            "reinvestment_rate": null,
            "research_to_sale_ratio": null,
            "price_fair": 97.72,
            "eps_avg_yearly": 2.79,
            "eps_latest_yearly": 1.48,
            "eps_growth_yearly": 55.8
        },
        "20032": {
            "year_quarter": 20032,
            "year": 2003,
            "quarter": 2,
            "eps": 0.84,
            "eps_growth_year": 55.56,
            "eps_4q": 3.22,
            "eps_4q_growth_year": 27.32,
            "roe": 5.16,
            "roe_4q": 19.970000000000002,
            "gross_profit": 41952,
            "gross_margin": 11.24,
            "gross_margin_4q_avg": 12.61,
            "net_income": 84219,
            "net_income_4q": null,
            "revenue": 373277,
            "revenue_4q": null,
            "common_shares": 978948,
            "book_valuer_per_share": 15.77,
            "book_valuer_per_share_4q_avg": 16.62,
            "equity": 1543502,
            "current_ratio": 162.33,
            "debt_ratio": 38.33,
            "inventory_turnover_ratio": 2.46,
            "account_receivable_turnover_ratio": null,
            "reinvestment_rate": 111.05,
            "research_to_sale_ratio": null,
            "price_fair": 101.03,
            "eps_avg_yearly": 2.89,
            "eps_latest_yearly": 3.36,
            "eps_growth_yearly": 131.18
        },
        "20033": {
            "year_quarter": 20033,
            "year": 2003,
            "quarter": 3,
            "eps": 0.68,
            "eps_growth_year": 23.64,
            "eps_4q": 3.28,
            "eps_4q_growth_year": 47.15,
            "roe": 4.47,
            "roe_4q": 20.89,
            "gross_profit": 66921,
            "gross_margin": 13.8,
            "gross_margin_4q_avg": 12.5,
            "net_income": 70301,
            "net_income_4q": null,
            "revenue": 484923,
            "revenue_4q": null,
            "common_shares": 998948,
            "book_valuer_per_share": 16.07,
            "book_valuer_per_share_4q_avg": 16.66,
            "equity": 1604994,
            "current_ratio": 157.43,
            "debt_ratio": 38.91,
            "inventory_turnover_ratio": 3.02,
            "account_receivable_turnover_ratio": null,
            "reinvestment_rate": 25.6,
            "research_to_sale_ratio": null,
            "price_fair": 100.2,
            "eps_avg_yearly": 2.86,
            "eps_latest_yearly": 2.72,
            "eps_growth_yearly": 101.56
        },
        "20034": {
            "year_quarter": 20034,
            "year": 2003,
            "quarter": 4,
            "eps": 1.13,
            "eps_growth_year": -25.17,
            "eps_4q": 3.03,
            "eps_4q_growth_year": -0.56,
            "roe": 6.71,
            "roe_4q": 18.45,
            "gross_profit": 75444,
            "gross_margin": 15.35,
            "gross_margin_4q_avg": 13.53,
            "net_income": 113332,
            "net_income_4q": null,
            "revenue": 491367,
            "revenue_4q": null,
            "common_shares": 998948,
            "book_valuer_per_share": 17.74,
            "book_valuer_per_share_4q_avg": 16.79,
            "equity": 1771826,
            "current_ratio": 418.34,
            "debt_ratio": 28.96,
            "inventory_turnover_ratio": 1.12,
            "account_receivable_turnover_ratio": null,
            "reinvestment_rate": 3.38,
            "research_to_sale_ratio": null,
            "price_fair": 107.45,
            "eps_avg_yearly": 3.07,
            "eps_latest_yearly": 4.52,
            "eps_growth_yearly": 121.95
        },
        "20041": {
            "year_quarter": 20041,
            "year": 2004,
            "quarter": 1,
            "eps": 0.52,
            "eps_growth_year": 40.54,
            "eps_4q": 3.18,
            "eps_4q_growth_year": 6.34,
            "roe": 2.89,
            "roe_4q": 19.23,
            "gross_profit": 51489,
            "gross_margin": 13.66,
            "gross_margin_4q_avg": 13.51,
            "net_income": 52353,
            "net_income_4q": null,
            "revenue": 376933,
            "revenue_4q": null,
            "common_shares": 998948,
            "book_valuer_per_share": 18.53,
            "book_valuer_per_share_4q_avg": 17.03,
            "equity": 1851080,
            "current_ratio": 215.32,
            "debt_ratio": 29.86,
            "inventory_turnover_ratio": 0.91,
            "account_receivable_turnover_ratio": null,
            "reinvestment_rate": -45.11,
            "research_to_sale_ratio": null,
            "price_fair": 103.6,
            "eps_avg_yearly": 2.96,
            "eps_latest_yearly": 2.08,
            "eps_growth_yearly": 84.41
        },
        "20042": {
            "year_quarter": 20042,
            "year": 2004,
            "quarter": 2,
            "eps": 0.83,
            "eps_growth_year": -1.19,
            "eps_4q": 3.07,
            "eps_4q_growth_year": -4.41,
            "roe": 4.97,
            "roe_4q": 19.04,
            "gross_profit": 53335,
            "gross_margin": 12.26,
            "gross_margin_4q_avg": 13.77,
            "net_income": 87299,
            "net_income_4q": null,
            "revenue": 434918,
            "revenue_4q": null,
            "common_shares": 1010371,
            "book_valuer_per_share": 16.45,
            "book_valuer_per_share_4q_avg": 17.2,
            "equity": 1662433,
            "current_ratio": 260.08,
            "debt_ratio": 45.02,
            "inventory_turnover_ratio": 3.3,
            "account_receivable_turnover_ratio": null,
            "reinvestment_rate": -43.7,
            "research_to_sale_ratio": null,
            "price_fair": 104.86,
            "eps_avg_yearly": 3,
            "eps_latest_yearly": 3.32,
            "eps_growth_yearly": 99.81
        },
        "20043": {
            "year_quarter": 20043,
            "year": 2004,
            "quarter": 3,
            "eps": 0.67,
            "eps_growth_year": -1.47,
            "eps_4q": 3.11,
            "eps_4q_growth_year": -5.12,
            "roe": 4.16,
            "roe_4q": 18.73,
            "gross_profit": 65170,
            "gross_margin": 12.63,
            "gross_margin_4q_avg": 13.48,
            "net_income": 69520,
            "net_income_4q": null,
            "revenue": 516051,
            "revenue_4q": null,
            "common_shares": 1050350,
            "book_valuer_per_share": 15.98,
            "book_valuer_per_share_4q_avg": 17.18,
            "equity": 1678404,
            "current_ratio": 395.09,
            "debt_ratio": 40.25,
            "inventory_turnover_ratio": 3.99,
            "account_receivable_turnover_ratio": null,
            "reinvestment_rate": -75.05,
            "research_to_sale_ratio": null,
            "price_fair": 103.85,
            "eps_avg_yearly": 2.97,
            "eps_latest_yearly": 2.68,
            "eps_growth_yearly": 83.73
        },
        "20044": {
            "year_quarter": 20044,
            "year": 2004,
            "quarter": 4,
            "eps": 0.29,
            "eps_growth_year": -74.34,
            "eps_4q": 2.34,
            "eps_4q_growth_year": -22.91,
            "roe": 1.74,
            "roe_4q": 13.760000000000002,
            "gross_profit": 69427,
            "gross_margin": 15.64,
            "gross_margin_4q_avg": 13.55,
            "net_income": 29658,
            "net_income_4q": null,
            "revenue": 443826,
            "revenue_4q": null,
            "common_shares": 1020431,
            "book_valuer_per_share": 16.96,
            "book_valuer_per_share_4q_avg": 16.98,
            "equity": 1731070,
            "current_ratio": 380.24,
            "debt_ratio": 40.79,
            "inventory_turnover_ratio": 0.95,
            "account_receivable_turnover_ratio": null,
            "reinvestment_rate": -3.4,
            "research_to_sale_ratio": null,
            "price_fair": 98.58,
            "eps_avg_yearly": 2.82,
            "eps_latest_yearly": 1.16,
            "eps_growth_yearly": 57.85
        },
        "20051": {
            "year_quarter": 20051,
            "year": 2005,
            "quarter": 1,
            "eps": 0.4,
            "eps_growth_year": -23.08,
            "eps_4q": 2.22,
            "eps_4q_growth_year": -30.08,
            "roe": 2.32,
            "roe_4q": 13.189999999999998,
            "gross_profit": 42415,
            "gross_margin": 12.36,
            "gross_margin_4q_avg": 13.22,
            "net_income": 40902,
            "net_income_4q": null,
            "revenue": 343043,
            "revenue_4q": null,
            "common_shares": 1033884,
            "book_valuer_per_share": 17.37,
            "book_valuer_per_share_4q_avg": 16.69,
            "equity": 1795946,
            "current_ratio": 239.05,
            "debt_ratio": 40.18,
            "inventory_turnover_ratio": 0.76,
            "account_receivable_turnover_ratio": null,
            "reinvestment_rate": -45.74,
            "research_to_sale_ratio": null,
            "price_fair": 95.31,
            "eps_avg_yearly": 2.72,
            "eps_latest_yearly": 1.6,
            "eps_growth_yearly": 65.07
        },
        "20052": {
            "year_quarter": 20052,
            "year": 2005,
            "quarter": 2,
            "eps": 0.38,
            "eps_growth_year": -54.22,
            "eps_4q": 1.72,
            "eps_4q_growth_year": -43.97,
            "roe": 2.32,
            "roe_4q": 10.54,
            "gross_profit": 37626,
            "gross_margin": 9.93,
            "gross_margin_4q_avg": 12.64,
            "net_income": 39662,
            "net_income_4q": null,
            "revenue": 379082,
            "revenue_4q": null,
            "common_shares": 1033884,
            "book_valuer_per_share": 15.64,
            "book_valuer_per_share_4q_avg": 16.49,
            "equity": 1616636,
            "current_ratio": 231.97,
            "debt_ratio": 38.7,
            "inventory_turnover_ratio": 3.31,
            "account_receivable_turnover_ratio": null,
            "reinvestment_rate": -47.85,
            "research_to_sale_ratio": null,
            "price_fair": 92.3,
            "eps_avg_yearly": 2.64,
            "eps_latest_yearly": 1.52,
            "eps_growth_yearly": 58.99
        },
        "20053": {
            "year_quarter": 20053,
            "year": 2005,
            "quarter": 3,
            "eps": 0.75,
            "eps_growth_year": 11.94,
            "eps_4q": 1.81,
            "eps_4q_growth_year": -41.67,
            "roe": 4.75,
            "roe_4q": 11.13,
            "gross_profit": 47854,
            "gross_margin": 11.14,
            "gross_margin_4q_avg": 12.27,
            "net_income": 77771,
            "net_income_4q": null,
            "revenue": 429575,
            "revenue_4q": null,
            "common_shares": 1033884,
            "book_valuer_per_share": 16.04,
            "book_valuer_per_share_4q_avg": 16.5,
            "equity": 1658052,
            "current_ratio": 282.13,
            "debt_ratio": 34.56,
            "inventory_turnover_ratio": 3.96,
            "account_receivable_turnover_ratio": null,
            "reinvestment_rate": -47.82,
            "research_to_sale_ratio": null,
            "price_fair": 93.15,
            "eps_avg_yearly": 2.66,
            "eps_latest_yearly": 3,
            "eps_growth_yearly": 81.02
        },
        "20054": {
            "year_quarter": 20054,
            "year": 2005,
            "quarter": 4,
            "eps": -0.82,
            "eps_growth_year": -382.76,
            "eps_4q": 0.75,
            "eps_4q_growth_year": -67.74,
            "roe": -5.28,
            "roe_4q": 4.109999999999999,
            "gross_profit": 44276,
            "gross_margin": 11.93,
            "gross_margin_4q_avg": 11.34,
            "net_income": -84979,
            "net_income_4q": null,
            "revenue": 371169,
            "revenue_4q": null,
            "common_shares": 1027194,
            "book_valuer_per_share": 15.15,
            "book_valuer_per_share_4q_avg": 16.05,
            "equity": 1561162,
            "current_ratio": 412.16,
            "debt_ratio": 38.65,
            "inventory_turnover_ratio": 1.08,
            "account_receivable_turnover_ratio": null,
            "reinvestment_rate": -47.98,
            "research_to_sale_ratio": null,
            "price_fair": 93.15,
            "eps_avg_yearly": 2.66,
            "eps_latest_yearly": 3,
            "eps_growth_yearly": 81.02
        },
        "20061": {
            "year_quarter": 20061,
            "year": 2006,
            "quarter": 1,
            "eps": 0.19,
            "eps_growth_year": -52.5,
            "eps_4q": 0.51,
            "eps_4q_growth_year": -77.13,
            "roe": 1.24,
            "roe_4q": 3.03,
            "gross_profit": 29745,
            "gross_margin": 10.05,
            "gross_margin_4q_avg": 10.76,
            "net_income": 19363,
            "net_income_4q": null,
            "revenue": 295984,
            "revenue_4q": null,
            "common_shares": 1027194,
            "book_valuer_per_share": 15.32,
            "book_valuer_per_share_4q_avg": 15.54,
            "equity": 1573166,
            "current_ratio": 344.83,
            "debt_ratio": 33.58,
            "inventory_turnover_ratio": 0.92,
            "account_receivable_turnover_ratio": null,
            "reinvestment_rate": -91.63,
            "research_to_sale_ratio": null,
            "price_fair": 94.6,
            "eps_avg_yearly": 2.7,
            "eps_latest_yearly": 3,
            "eps_growth_yearly": 96.81
        },
        "20062": {
            "year_quarter": 20062,
            "year": 2006,
            "quarter": 2,
            "eps": 0.36,
            "eps_growth_year": -5.26,
            "eps_4q": 0.48,
            "eps_4q_growth_year": -72.31,
            "roe": 2.42,
            "roe_4q": 3.13,
            "gross_profit": 47772,
            "gross_margin": 11.56,
            "gross_margin_4q_avg": 11.17,
            "net_income": 37442,
            "net_income_4q": null,
            "revenue": 413322,
            "revenue_4q": null,
            "common_shares": 1027194,
            "book_valuer_per_share": 14.75,
            "book_valuer_per_share_4q_avg": 15.32,
            "equity": 1515060,
            "current_ratio": 202.53,
            "debt_ratio": 33.93,
            "inventory_turnover_ratio": 5.54,
            "account_receivable_turnover_ratio": null,
            "reinvestment_rate": -93.23,
            "research_to_sale_ratio": null,
            "price_fair": 92.8,
            "eps_avg_yearly": 2.65,
            "eps_latest_yearly": 1.44,
            "eps_growth_yearly": 121.28
        },
        "20063": {
            "year_quarter": 20063,
            "year": 2006,
            "quarter": 3,
            "eps": 0.48,
            "eps_growth_year": -36,
            "eps_4q": 0.2,
            "eps_4q_growth_year": -88.77,
            "roe": 3.17,
            "roe_4q": 1.5499999999999998,
            "gross_profit": 52075,
            "gross_margin": 10.1,
            "gross_margin_4q_avg": 10.91,
            "net_income": 48926,
            "net_income_4q": null,
            "revenue": 515605,
            "revenue_4q": null,
            "common_shares": 1027194,
            "book_valuer_per_share": 15.3,
            "book_valuer_per_share_4q_avg": 15.13,
            "equity": 1571620,
            "current_ratio": 232.21,
            "debt_ratio": 31.02,
            "inventory_turnover_ratio": 8.31,
            "account_receivable_turnover_ratio": null,
            "reinvestment_rate": -93.51,
            "research_to_sale_ratio": null,
            "price_fair": 92.1,
            "eps_avg_yearly": 2.63,
            "eps_latest_yearly": 1.92,
            "eps_growth_yearly": 130.27
        },
        "20064": {
            "year_quarter": 20064,
            "year": 2006,
            "quarter": 4,
            "eps": 0.78,
            "eps_growth_year": null,
            "eps_4q": 1.81,
            "eps_4q_growth_year": 140.44,
            "roe": 4.94,
            "roe_4q": 11.77,
            "gross_profit": 92882,
            "gross_margin": 17.15,
            "gross_margin_4q_avg": 12.22,
            "net_income": 79978,
            "net_income_4q": null,
            "revenue": 541576,
            "revenue_4q": null,
            "common_shares": 1027194,
            "book_valuer_per_share": 16.19,
            "book_valuer_per_share_4q_avg": 15.39,
            "equity": 1666016,
            "current_ratio": 316.89,
            "debt_ratio": 32.93,
            "inventory_turnover_ratio": 3.3,
            "account_receivable_turnover_ratio": null,
            "reinvestment_rate": -51.22,
            "research_to_sale_ratio": null,
            "price_fair": 84.8,
            "eps_avg_yearly": 2.42,
            "eps_latest_yearly": 3.12,
            "eps_growth_yearly": 98.26
        },
        "20071": {
            "year_quarter": 20071,
            "year": 2007,
            "quarter": 1,
            "eps": 0.3,
            "eps_growth_year": 57.89,
            "eps_4q": 1.89,
            "eps_4q_growth_year": 272.29,
            "roe": 1.86,
            "roe_4q": 12.39,
            "gross_profit": 63129,
            "gross_margin": 17.68,
            "gross_margin_4q_avg": 14.12,
            "net_income": 31328,
            "net_income_4q": null,
            "revenue": 357012,
            "revenue_4q": null,
            "common_shares": 1027194,
            "book_valuer_per_share": 16.55,
            "book_valuer_per_share_4q_avg": 15.7,
            "equity": 1699674,
            "current_ratio": 374.08,
            "debt_ratio": 27.32,
            "inventory_turnover_ratio": 2.3,
            "account_receivable_turnover_ratio": null,
            "reinvestment_rate": -103.02,
            "research_to_sale_ratio": null,
            "price_fair": 84.1,
            "eps_avg_yearly": 2.4,
            "eps_latest_yearly": 1.2,
            "eps_growth_yearly": 102.25
        },
        "20072": {
            "year_quarter": 20072,
            "year": 2007,
            "quarter": 2,
            "eps": 0.66,
            "eps_growth_year": 83.33,
            "eps_4q": 2.22,
            "eps_4q_growth_year": 365.78,
            "roe": 4.12,
            "roe_4q": 14.090000000000002,
            "gross_profit": 76246,
            "gross_margin": 16.01,
            "gross_margin_4q_avg": 15.24,
            "net_income": 67740,
            "net_income_4q": null,
            "revenue": 476170,
            "revenue_4q": null,
            "common_shares": 1027194,
            "book_valuer_per_share": 15.48,
            "book_valuer_per_share_4q_avg": 15.88,
            "equity": 1590549,
            "current_ratio": 214.24,
            "debt_ratio": 35.3,
            "inventory_turnover_ratio": 11.48,
            "account_receivable_turnover_ratio": null,
            "reinvestment_rate": -105.81,
            "research_to_sale_ratio": null,
            "price_fair": 82.3,
            "eps_avg_yearly": 2.35,
            "eps_latest_yearly": 2.64,
            "eps_growth_yearly": 100.24
        },
        "20073": {
            "year_quarter": 20073,
            "year": 2007,
            "quarter": 3,
            "eps": 0.56,
            "eps_growth_year": 16.67,
            "eps_4q": 2.3,
            "eps_4q_growth_year": 1030.7,
            "roe": 3.56,
            "roe_4q": 14.48,
            "gross_profit": 75697,
            "gross_margin": 13.38,
            "gross_margin_4q_avg": 16.06,
            "net_income": 57557,
            "net_income_4q": null,
            "revenue": 565742,
            "revenue_4q": null,
            "common_shares": 1027194,
            "book_valuer_per_share": 16.02,
            "book_valuer_per_share_4q_avg": 16.06,
            "equity": 1645528,
            "current_ratio": 301.16,
            "debt_ratio": 29.3,
            "inventory_turnover_ratio": 14.58,
            "account_receivable_turnover_ratio": null,
            "reinvestment_rate": -107.98,
            "research_to_sale_ratio": null,
            "price_fair": 81.1,
            "eps_avg_yearly": 2.32,
            "eps_latest_yearly": 2.24,
            "eps_growth_yearly": 101.35
        },
        "20074": {
            "year_quarter": 20074,
            "year": 2007,
            "quarter": 4,
            "eps": 0.91,
            "eps_growth_year": 16.67,
            "eps_4q": 2.44,
            "eps_4q_growth_year": 34.88,
            "roe": 5.47,
            "roe_4q": 15.009999999999998,
            "gross_profit": 54422,
            "gross_margin": 10.01,
            "gross_margin_4q_avg": 14.27,
            "net_income": 92976,
            "net_income_4q": null,
            "revenue": 543762,
            "revenue_4q": null,
            "common_shares": 1027194,
            "book_valuer_per_share": 17,
            "book_valuer_per_share_4q_avg": 16.26,
            "equity": 1752090,
            "current_ratio": 338.82,
            "debt_ratio": 32.83,
            "inventory_turnover_ratio": 3.67,
            "account_receivable_turnover_ratio": null,
            "reinvestment_rate": -30.38,
            "research_to_sale_ratio": null,
            "price_fair": 78.9,
            "eps_avg_yearly": 2.25,
            "eps_latest_yearly": 3.64,
            "eps_growth_yearly": 100.3
        },
        "20081": {
            "year_quarter": 20081,
            "year": 2008,
            "quarter": 1,
            "eps": 0.21,
            "eps_growth_year": -30,
            "eps_4q": 2.38,
            "eps_4q_growth_year": 25.55,
            "roe": 1.2,
            "roe_4q": 14.350000000000001,
            "gross_profit": 117148,
            "gross_margin": 26.85,
            "gross_margin_4q_avg": 16.56,
            "net_income": 21170,
            "net_income_4q": null,
            "revenue": 436385,
            "revenue_4q": null,
            "common_shares": 1027194,
            "book_valuer_per_share": 17.13,
            "book_valuer_per_share_4q_avg": 16.41,
            "equity": 1764765,
            "current_ratio": 216.64,
            "debt_ratio": 42.87,
            "inventory_turnover_ratio": 1.12,
            "account_receivable_turnover_ratio": null,
            "reinvestment_rate": 72.01,
            "research_to_sale_ratio": null,
            "price_fair": 75.8,
            "eps_avg_yearly": 2.17,
            "eps_latest_yearly": 0.84,
            "eps_growth_yearly": 93.75
        },
        "20082": {
            "year_quarter": 20082,
            "year": 2008,
            "quarter": 2,
            "eps": 0.54,
            "eps_growth_year": -18.18,
            "eps_4q": 2.19,
            "eps_4q_growth_year": -1.48,
            "roe": 3.33,
            "roe_4q": 13.56,
            "gross_profit": 126472,
            "gross_margin": 20.59,
            "gross_margin_4q_avg": 17.71,
            "net_income": 56108,
            "net_income_4q": null,
            "revenue": 614131,
            "revenue_4q": null,
            "common_shares": 1027194,
            "book_valuer_per_share": 15.59,
            "book_valuer_per_share_4q_avg": 16.44,
            "equity": 1606853,
            "current_ratio": 161.76,
            "debt_ratio": 47.29,
            "inventory_turnover_ratio": 1.42,
            "account_receivable_turnover_ratio": null,
            "reinvestment_rate": 76.48,
            "research_to_sale_ratio": null,
            "price_fair": 72.9,
            "eps_avg_yearly": 2.08,
            "eps_latest_yearly": 2.16,
            "eps_growth_yearly": 121.61
        },
        "20083": {
            "year_quarter": 20083,
            "year": 2008,
            "quarter": 3,
            "eps": 0.47,
            "eps_growth_year": -16.07,
            "eps_4q": 2.1,
            "eps_4q_growth_year": -8.72,
            "roe": 2.98,
            "roe_4q": 12.98,
            "gross_profit": 130778,
            "gross_margin": 18.51,
            "gross_margin_4q_avg": 18.99,
            "net_income": 48789,
            "net_income_4q": null,
            "revenue": 706703,
            "revenue_4q": null,
            "common_shares": 1027194,
            "book_valuer_per_share": 16.14,
            "book_valuer_per_share_4q_avg": 16.47,
            "equity": 1664130,
            "current_ratio": 188.85,
            "debt_ratio": 41.76,
            "inventory_turnover_ratio": 1.67,
            "account_receivable_turnover_ratio": null,
            "reinvestment_rate": 71.33,
            "research_to_sale_ratio": null,
            "price_fair": 70.9,
            "eps_avg_yearly": 2.03,
            "eps_latest_yearly": 1.88,
            "eps_growth_yearly": 123.42
        },
        "20084": {
            "year_quarter": 20084,
            "year": 2008,
            "quarter": 4,
            "eps": 0.39,
            "eps_growth_year": -57.14,
            "eps_4q": 1.61,
            "eps_4q_growth_year": -33.97,
            "roe": 2.39,
            "roe_4q": 9.899999999999999,
            "gross_profit": 98756,
            "gross_margin": 18.85,
            "gross_margin_4q_avg": 21.2,
            "net_income": 39830,
            "net_income_4q": null,
            "revenue": 523978,
            "revenue_4q": null,
            "common_shares": 1027194,
            "book_valuer_per_share": 16.13,
            "book_valuer_per_share_4q_avg": 16.25,
            "equity": 1663513,
            "current_ratio": 254.87,
            "debt_ratio": 32.52,
            "inventory_turnover_ratio": 1.44,
            "account_receivable_turnover_ratio": 7.04,
            "reinvestment_rate": -28.81,
            "research_to_sale_ratio": null,
            "price_fair": 71.9,
            "eps_avg_yearly": 2.05,
            "eps_latest_yearly": 1.56,
            "eps_growth_yearly": 134.76
        },
        "20091": {
            "year_quarter": 20091,
            "year": 2009,
            "quarter": 1,
            "eps": 0.14,
            "eps_growth_year": -33.33,
            "eps_4q": 1.64,
            "eps_4q_growth_year": -30.92,
            "roe": 0.8,
            "roe_4q": 9.5,
            "gross_profit": 68339,
            "gross_margin": 23.16,
            "gross_margin_4q_avg": 20.28,
            "net_income": 13445,
            "net_income_4q": null,
            "revenue": 295046,
            "revenue_4q": null,
            "common_shares": 999994,
            "book_valuer_per_share": 16.92,
            "book_valuer_per_share_4q_avg": 16.2,
            "equity": 1698281,
            "current_ratio": 261.95,
            "debt_ratio": 32.17,
            "inventory_turnover_ratio": 0.96,
            "account_receivable_turnover_ratio": 2.07,
            "reinvestment_rate": 72.02,
            "research_to_sale_ratio": null,
            "price_fair": 69.3,
            "eps_avg_yearly": 1.98,
            "eps_latest_yearly": 0.56,
            "eps_growth_yearly": 105.61
        },
        "20092": {
            "year_quarter": 20092,
            "year": 2009,
            "quarter": 2,
            "eps": 0.25,
            "eps_growth_year": -53.7,
            "eps_4q": 1.26,
            "eps_4q_growth_year": -42.33,
            "roe": 1.53,
            "roe_4q": 7.700000000000001,
            "gross_profit": 89378,
            "gross_margin": 25.12,
            "gross_margin_4q_avg": 21.41,
            "net_income": 25253,
            "net_income_4q": null,
            "revenue": 355779,
            "revenue_4q": null,
            "common_shares": 999994,
            "book_valuer_per_share": 15.95,
            "book_valuer_per_share_4q_avg": 16.29,
            "equity": 1600377,
            "current_ratio": 216.24,
            "debt_ratio": 37.42,
            "inventory_turnover_ratio": 1.29,
            "account_receivable_turnover_ratio": 3,
            "reinvestment_rate": 71.79,
            "research_to_sale_ratio": null,
            "price_fair": 68,
            "eps_avg_yearly": 1.94,
            "eps_latest_yearly": 1,
            "eps_growth_yearly": 129.48
        },
        "20093": {
            "year_quarter": 20093,
            "year": 2009,
            "quarter": 3,
            "eps": 0.29,
            "eps_growth_year": -38.3,
            "eps_4q": 1.04,
            "eps_4q_growth_year": -50.39,
            "roe": 1.87,
            "roe_4q": 6.59,
            "gross_profit": 123068,
            "gross_margin": 28.73,
            "gross_margin_4q_avg": 23.97,
            "net_income": 30204,
            "net_income_4q": null,
            "revenue": 428430,
            "revenue_4q": null,
            "common_shares": 999994,
            "book_valuer_per_share": 16.22,
            "book_valuer_per_share_4q_avg": 16.31,
            "equity": 1628201,
            "current_ratio": 302.73,
            "debt_ratio": 30.79,
            "inventory_turnover_ratio": 1.42,
            "account_receivable_turnover_ratio": 3.16,
            "reinvestment_rate": 75.82,
            "research_to_sale_ratio": null,
            "price_fair": 63.4,
            "eps_avg_yearly": 1.81,
            "eps_latest_yearly": 1.16,
            "eps_growth_yearly": 106.23
        },
        "20094": {
            "year_quarter": 20094,
            "year": 2009,
            "quarter": 4,
            "eps": 0.38,
            "eps_growth_year": -2.56,
            "eps_4q": 1.07,
            "eps_4q_growth_year": -33.62,
            "roe": 2.39,
            "roe_4q": 6.59,
            "gross_profit": 80185,
            "gross_margin": 17.25,
            "gross_margin_4q_avg": 23.57,
            "net_income": 39469,
            "net_income_4q": null,
            "revenue": 464842,
            "revenue_4q": null,
            "common_shares": 999994,
            "book_valuer_per_share": 16.6,
            "book_valuer_per_share_4q_avg": 16.42,
            "equity": 1668040,
            "current_ratio": 338.6,
            "debt_ratio": 28.53,
            "inventory_turnover_ratio": 1.98,
            "account_receivable_turnover_ratio": 7.96,
            "reinvestment_rate": 107.42,
            "research_to_sale_ratio": null,
            "price_fair": 62.72,
            "eps_avg_yearly": 1.79,
            "eps_latest_yearly": 1.52,
            "eps_growth_yearly": 107.43
        },
        "20101": {
            "year_quarter": 20101,
            "year": 2010,
            "quarter": 1,
            "eps": 0.17,
            "eps_growth_year": 21.43,
            "eps_4q": 1.1,
            "eps_4q_growth_year": -33.03,
            "roe": 1.02,
            "roe_4q": 6.8100000000000005,
            "gross_profit": 82219,
            "gross_margin": 25.31,
            "gross_margin_4q_avg": 24.1,
            "net_income": 17097,
            "net_income_4q": null,
            "revenue": 324793,
            "revenue_4q": null,
            "common_shares": 999994,
            "book_valuer_per_share": 16.75,
            "book_valuer_per_share_4q_avg": 16.38,
            "equity": 1683021,
            "current_ratio": 320.15,
            "debt_ratio": 37.29,
            "inventory_turnover_ratio": 1.25,
            "account_receivable_turnover_ratio": 2.74,
            "reinvestment_rate": 191.61,
            "research_to_sale_ratio": 7,
            "price_fair": 60.29,
            "eps_avg_yearly": 1.72,
            "eps_latest_yearly": 0.68,
            "eps_growth_yearly": 86.9
        },
        "20102": {
            "year_quarter": 20102,
            "year": 2010,
            "quarter": 2,
            "eps": 0.24,
            "eps_growth_year": -5.79,
            "eps_4q": 1.08,
            "eps_4q_growth_year": -14.28,
            "roe": 1.45,
            "roe_4q": 6.7299999999999995,
            "gross_profit": 92027,
            "gross_margin": 21.79,
            "gross_margin_4q_avg": 23.27,
            "net_income": 24119,
            "net_income_4q": null,
            "revenue": 422258,
            "revenue_4q": null,
            "common_shares": 999994,
            "book_valuer_per_share": 16.38,
            "book_valuer_per_share_4q_avg": 16.49,
            "equity": 1646730,
            "current_ratio": 212.4,
            "debt_ratio": 41.59,
            "inventory_turnover_ratio": 1.28,
            "account_receivable_turnover_ratio": 2.67,
            "reinvestment_rate": 198.35,
            "research_to_sale_ratio": 5.62,
            "price_fair": 59.24,
            "eps_avg_yearly": 1.69,
            "eps_latest_yearly": 0.96,
            "eps_growth_yearly": 74.82
        },
        "20103": {
            "year_quarter": 20103,
            "year": 2010,
            "quarter": 3,
            "eps": 0.56,
            "eps_growth_year": 91.85,
            "eps_4q": 1.54,
            "eps_4q_growth_year": 47.84,
            "roe": 2.89,
            "roe_4q": 7.75,
            "gross_profit": 116723,
            "gross_margin": 22.31,
            "gross_margin_4q_avg": 21.67,
            "net_income": 45316,
            "net_income_4q": null,
            "revenue": 523182,
            "revenue_4q": null,
            "common_shares": 799994,
            "book_valuer_per_share": 18.46,
            "book_valuer_per_share_4q_avg": 17.05,
            "equity": 1485523,
            "current_ratio": 176.68,
            "debt_ratio": 47.71,
            "inventory_turnover_ratio": 1.46,
            "account_receivable_turnover_ratio": 2.75,
            "reinvestment_rate": 59.68,
            "research_to_sale_ratio": 4.55,
            "price_fair": 59.94,
            "eps_avg_yearly": 1.71,
            "eps_latest_yearly": 2.24,
            "eps_growth_yearly": 99.82
        },
        "20104": {
            "year_quarter": 20104,
            "year": 2010,
            "quarter": 4,
            "eps": 0.12,
            "eps_growth_year": -68.72,
            "eps_4q": 1.18,
            "eps_4q_growth_year": 10.51,
            "roe": 0.67,
            "roe_4q": 6.029999999999999,
            "gross_profit": 89708,
            "gross_margin": 19.55,
            "gross_margin_4q_avg": 22.24,
            "net_income": 9901,
            "net_income_4q": null,
            "revenue": 458873,
            "revenue_4q": null,
            "common_shares": 799994,
            "book_valuer_per_share": 18.33,
            "book_valuer_per_share_4q_avg": 17.48,
            "equity": 1475320,
            "current_ratio": 253.97,
            "debt_ratio": 40.1,
            "inventory_turnover_ratio": 1.17,
            "account_receivable_turnover_ratio": 2.86,
            "reinvestment_rate": 121.86,
            "research_to_sale_ratio": 5.82,
            "price_fair": 54.16,
            "eps_avg_yearly": 1.55,
            "eps_latest_yearly": 0.48,
            "eps_growth_yearly": 64.56
        },
        "20111": {
            "year_quarter": 20111,
            "year": 2011,
            "quarter": 1,
            "eps": 0.48,
            "eps_growth_year": 182.35,
            "eps_4q": 1.45,
            "eps_4q_growth_year": 31.69,
            "roe": 2.55,
            "roe_4q": 7.56,
            "gross_profit": 109987,
            "gross_margin": 18.15,
            "gross_margin_4q_avg": 20.45,
            "net_income": 38163,
            "net_income_4q": null,
            "revenue": 606027,
            "revenue_4q": null,
            "common_shares": 799994,
            "book_valuer_per_share": 18.91,
            "book_valuer_per_share_4q_avg": 18.02,
            "equity": 1521099,
            "current_ratio": 275.79,
            "debt_ratio": 41.11,
            "inventory_turnover_ratio": 1.33,
            "account_receivable_turnover_ratio": 4.16,
            "reinvestment_rate": 185.59,
            "research_to_sale_ratio": 3.48,
            "price_fair": 55.74,
            "eps_avg_yearly": 1.59,
            "eps_latest_yearly": 1.92,
            "eps_growth_yearly": 154.94
        },
        "20112": {
            "year_quarter": 20112,
            "year": 2011,
            "quarter": 2,
            "eps": 0.08,
            "eps_growth_year": -65.36,
            "eps_4q": 1.24,
            "eps_4q_growth_year": 14.17,
            "roe": 0.45,
            "roe_4q": 6.5600000000000005,
            "gross_profit": 61285,
            "gross_margin": 16.18,
            "gross_margin_4q_avg": 19.05,
            "net_income": 6572,
            "net_income_4q": null,
            "revenue": 378660,
            "revenue_4q": null,
            "common_shares": 799994,
            "book_valuer_per_share": 17.72,
            "book_valuer_per_share_4q_avg": 18.36,
            "equity": 1426107,
            "current_ratio": 256.01,
            "debt_ratio": 43.42,
            "inventory_turnover_ratio": 0.79,
            "account_receivable_turnover_ratio": 2.18,
            "reinvestment_rate": 165.48,
            "research_to_sale_ratio": 5.62,
            "price_fair": 50.66,
            "eps_avg_yearly": 1.45,
            "eps_latest_yearly": 0.32,
            "eps_growth_yearly": 104.11
        },
        "20113": {
            "year_quarter": 20113,
            "year": 2011,
            "quarter": 3,
            "eps": -0.25,
            "eps_growth_year": -144.17,
            "eps_4q": 0.43,
            "eps_4q_growth_year": -71.91,
            "roe": -1.29,
            "roe_4q": 2.38,
            "gross_profit": 69242,
            "gross_margin": 16.35,
            "gross_margin_4q_avg": 17.56,
            "net_income": -18582,
            "net_income_4q": null,
            "revenue": 423401,
            "revenue_4q": null,
            "common_shares": 799994,
            "book_valuer_per_share": 17.97,
            "book_valuer_per_share_4q_avg": 18.23,
            "equity": 1447507,
            "current_ratio": 282.34,
            "debt_ratio": 40.89,
            "inventory_turnover_ratio": 0.85,
            "account_receivable_turnover_ratio": 1.87,
            "reinvestment_rate": 204.26,
            "research_to_sale_ratio": 5.1,
            "price_fair": 48.81,
            "eps_avg_yearly": 1.39,
            "eps_latest_yearly": 0.32,
            "eps_growth_yearly": 115.09
        },
        "20114": {
            "year_quarter": 20114,
            "year": 2011,
            "quarter": 4,
            "eps": -0.26,
            "eps_growth_year": -317.6,
            "eps_4q": 0.06,
            "eps_4q_growth_year": -95.32,
            "roe": -1.47,
            "roe_4q": 0.2400000000000002,
            "gross_profit": 63745,
            "gross_margin": 16.6,
            "gross_margin_4q_avg": 16.82,
            "net_income": -20867,
            "net_income_4q": null,
            "revenue": 383916,
            "revenue_4q": null,
            "common_shares": 799994,
            "book_valuer_per_share": 17.39,
            "book_valuer_per_share_4q_avg": 18,
            "equity": 1401054,
            "current_ratio": 393.64,
            "debt_ratio": 35.46,
            "inventory_turnover_ratio": 0.81,
            "account_receivable_turnover_ratio": 2.04,
            "reinvestment_rate": 109.71,
            "research_to_sale_ratio": 6.16,
            "price_fair": 43.2,
            "eps_avg_yearly": 1.23,
            "eps_latest_yearly": 0.32,
            "eps_growth_yearly": 105.45
        },
        "20121": {
            "year_quarter": 20121,
            "year": 2012,
            "quarter": 1,
            "eps": -0.09,
            "eps_growth_year": -118.75,
            "eps_4q": -0.52,
            "eps_4q_growth_year": -135.6,
            "roe": -0.54,
            "roe_4q": -2.8499999999999996,
            "gross_profit": 43133,
            "gross_margin": 14.98,
            "gross_margin_4q_avg": 16.03,
            "net_income": -7552,
            "net_income_4q": null,
            "revenue": 287867,
            "revenue_4q": null,
            "common_shares": 799994,
            "book_valuer_per_share": 17.15,
            "book_valuer_per_share_4q_avg": 17.56,
            "equity": 1381466,
            "current_ratio": 237.2,
            "debt_ratio": 38.57,
            "inventory_turnover_ratio": 0.64,
            "account_receivable_turnover_ratio": 2.3,
            "reinvestment_rate": 115.34,
            "research_to_sale_ratio": 7.52,
            "price_fair": 44.26,
            "eps_avg_yearly": 1.26,
            "eps_latest_yearly": 0.32,
            "eps_growth_yearly": 137.23
        },
        "20122": {
            "year_quarter": 20122,
            "year": 2012,
            "quarter": 2,
            "eps": 0.11,
            "eps_growth_year": 38.06,
            "eps_4q": -0.48,
            "eps_4q_growth_year": -139.22,
            "roe": 0.7,
            "roe_4q": -2.6,
            "gross_profit": 72321,
            "gross_margin": 18.72,
            "gross_margin_4q_avg": 16.66,
            "net_income": 9485,
            "net_income_4q": null,
            "revenue": 386268,
            "revenue_4q": null,
            "common_shares": 799994,
            "book_valuer_per_share": 16.71,
            "book_valuer_per_share_4q_avg": 17.31,
            "equity": 1346792,
            "current_ratio": 224.25,
            "debt_ratio": 40.66,
            "inventory_turnover_ratio": 0.85,
            "account_receivable_turnover_ratio": 2.71,
            "reinvestment_rate": 122.01,
            "research_to_sale_ratio": 4.32,
            "price_fair": 41.65,
            "eps_avg_yearly": 1.19,
            "eps_latest_yearly": 0.32,
            "eps_growth_yearly": 96.29
        },
        "20123": {
            "year_quarter": 20123,
            "year": 2012,
            "quarter": 3,
            "eps": 0.16,
            "eps_growth_year": null,
            "eps_4q": -0.07,
            "eps_4q_growth_year": -117.26,
            "roe": 1.01,
            "roe_4q": -0.30000000000000004,
            "gross_profit": 72130,
            "gross_margin": 20.88,
            "gross_margin_4q_avg": 17.8,
            "net_income": 13649,
            "net_income_4q": null,
            "revenue": 345421,
            "revenue_4q": null,
            "common_shares": 799994,
            "book_valuer_per_share": 16.75,
            "book_valuer_per_share_4q_avg": 17,
            "equity": 1350030,
            "current_ratio": 222.63,
            "debt_ratio": 41.48,
            "inventory_turnover_ratio": 0.71,
            "account_receivable_turnover_ratio": 2.12,
            "reinvestment_rate": 178.41,
            "research_to_sale_ratio": 6.3,
            "price_fair": 38.03,
            "eps_avg_yearly": 1.09,
            "eps_latest_yearly": 0.64,
            "eps_growth_yearly": 115.76
        },
        "20124": {
            "year_quarter": 20124,
            "year": 2012,
            "quarter": 4,
            "eps": 0.59,
            "eps_growth_year": null,
            "eps_4q": 0.78,
            "eps_4q_growth_year": 1301.72,
            "roe": 3.42,
            "roe_4q": 4.59,
            "gross_profit": 130130,
            "gross_margin": 24.4,
            "gross_margin_4q_avg": 19.75,
            "net_income": 46999,
            "net_income_4q": null,
            "revenue": 533292,
            "revenue_4q": null,
            "common_shares": 799994,
            "book_valuer_per_share": 17.37,
            "book_valuer_per_share_4q_avg": 17,
            "equity": 1399172,
            "current_ratio": 239.85,
            "debt_ratio": 35.83,
            "inventory_turnover_ratio": 1.29,
            "account_receivable_turnover_ratio": 2.11,
            "reinvestment_rate": 182.2,
            "research_to_sale_ratio": 4.9,
            "price_fair": 40.37,
            "eps_avg_yearly": 1.15,
            "eps_latest_yearly": 2.36,
            "eps_growth_yearly": 211.02
        },
        "20131": {
            "year_quarter": 20131,
            "year": 2013,
            "quarter": 1,
            "eps": 0.4,
            "eps_growth_year": null,
            "eps_4q": 1.27,
            "eps_4q_growth_year": null,
            "roe": 2.23,
            "roe_4q": 7.36,
            "gross_profit": 88331,
            "gross_margin": 23.59,
            "gross_margin_4q_avg": 21.9,
            "net_income": 31770,
            "net_income_4q": null,
            "revenue": 374490,
            "revenue_4q": null,
            "common_shares": 799994,
            "book_valuer_per_share": 17.93,
            "book_valuer_per_share_4q_avg": 17.19,
            "equity": 1444227,
            "current_ratio": 292.49,
            "debt_ratio": 30.72,
            "inventory_turnover_ratio": 1.2,
            "account_receivable_turnover_ratio": 1.48,
            "reinvestment_rate": -126.46,
            "research_to_sale_ratio": 5.38,
            "price_fair": 43.4,
            "eps_avg_yearly": 1.24,
            "eps_latest_yearly": 1.6,
            "eps_growth_yearly": 221.65
        },
        "20132": {
            "year_quarter": 20132,
            "year": 2013,
            "quarter": 2,
            "eps": 0.67,
            "eps_growth_year": 494.83,
            "eps_4q": 1.82,
            "eps_4q_growth_year": null,
            "roe": 3.71,
            "roe_4q": 10.37,
            "gross_profit": 130358,
            "gross_margin": 23.6,
            "gross_margin_4q_avg": 23.12,
            "net_income": 53799,
            "net_income_4q": null,
            "revenue": 552409,
            "revenue_4q": null,
            "common_shares": 799994,
            "book_valuer_per_share": 18.1,
            "book_valuer_per_share_4q_avg": 17.54,
            "equity": 1458582,
            "current_ratio": 220.25,
            "debt_ratio": 39.3,
            "inventory_turnover_ratio": 1.5,
            "account_receivable_turnover_ratio": 2.42,
            "reinvestment_rate": -113.18,
            "research_to_sale_ratio": 3.96,
            "price_fair": 48.3,
            "eps_avg_yearly": 1.38,
            "eps_latest_yearly": 2.68,
            "eps_growth_yearly": 217.96
        },
        "20133": {
            "year_quarter": 20133,
            "year": 2013,
            "quarter": 3,
            "eps": 0.88,
            "eps_growth_year": 436.87,
            "eps_4q": 2.54,
            "eps_4q_growth_year": null,
            "roe": 4.73,
            "roe_4q": 14.090000000000002,
            "gross_profit": 158614,
            "gross_margin": 24.05,
            "gross_margin_4q_avg": 23.91,
            "net_income": 70427,
            "net_income_4q": null,
            "revenue": 659624,
            "revenue_4q": null,
            "common_shares": 799994,
            "book_valuer_per_share": 18.9,
            "book_valuer_per_share_4q_avg": 18.08,
            "equity": 1522026,
            "current_ratio": 229.31,
            "debt_ratio": 38.51,
            "inventory_turnover_ratio": 1.45,
            "account_receivable_turnover_ratio": 1.81,
            "reinvestment_rate": -96.96,
            "research_to_sale_ratio": 4.23,
            "price_fair": 55.18,
            "eps_avg_yearly": 1.58,
            "eps_latest_yearly": 3.52,
            "eps_growth_yearly": 223.07
        },
        "20134": {
            "year_quarter": 20134,
            "year": 2013,
            "quarter": 4,
            "eps": 1.48,
            "eps_growth_year": 149.23,
            "eps_4q": 3.43,
            "eps_4q_growth_year": 340.94,
            "roe": 7.47,
            "roe_4q": 18.14,
            "gross_profit": 200123,
            "gross_margin": 25.45,
            "gross_margin_4q_avg": 24.17,
            "net_income": 118587,
            "net_income_4q": null,
            "revenue": 786245,
            "revenue_4q": null,
            "common_shares": 799994,
            "book_valuer_per_share": 20.51,
            "book_valuer_per_share_4q_avg": 18.86,
            "equity": 1651237,
            "current_ratio": 254.12,
            "debt_ratio": 35.69,
            "inventory_turnover_ratio": 1.71,
            "account_receivable_turnover_ratio": 1.87,
            "reinvestment_rate": -283.82,
            "research_to_sale_ratio": 3.17,
            "price_fair": 68.02,
            "eps_avg_yearly": 1.94,
            "eps_latest_yearly": 5.92,
            "eps_growth_yearly": 235.46
        },
        "20141": {
            "year_quarter": 20141,
            "year": 2014,
            "quarter": 1,
            "eps": 0.52,
            "eps_growth_year": 30,
            "eps_4q": 3.55,
            "eps_4q_growth_year": 180.13,
            "roe": 2.49,
            "roe_4q": 18.400000000000002,
            "gross_profit": 103006,
            "gross_margin": 23.63,
            "gross_margin_4q_avg": 24.18,
            "net_income": 41642,
            "net_income_4q": null,
            "revenue": 435852,
            "revenue_4q": null,
            "common_shares": 799994,
            "book_valuer_per_share": 21.03,
            "book_valuer_per_share_4q_avg": 19.64,
            "equity": 1692836,
            "current_ratio": 270.87,
            "debt_ratio": 34.06,
            "inventory_turnover_ratio": 1.1,
            "account_receivable_turnover_ratio": 1.51,
            "reinvestment_rate": -275.03,
            "research_to_sale_ratio": 4.92,
            "price_fair": 72.1,
            "eps_avg_yearly": 2.06,
            "eps_latest_yearly": 2.08,
            "eps_growth_yearly": 232.26
        },
        "20142": {
            "year_quarter": 20142,
            "year": 2014,
            "quarter": 2,
            "eps": 0.42,
            "eps_growth_year": -37.31,
            "eps_4q": 3.31,
            "eps_4q_growth_year": 81.61,
            "roe": 2.11,
            "roe_4q": 16.8,
            "gross_profit": 108988,
            "gross_margin": 21.94,
            "gross_margin_4q_avg": 23.77,
            "net_income": 34202,
            "net_income_4q": null,
            "revenue": 496793,
            "revenue_4q": null,
            "common_shares": 799994,
            "book_valuer_per_share": 19.32,
            "book_valuer_per_share_4q_avg": 19.94,
            "equity": 1556459,
            "current_ratio": 255.67,
            "debt_ratio": 35.68,
            "inventory_turnover_ratio": 1.4,
            "account_receivable_turnover_ratio": 2.46,
            "reinvestment_rate": -273.6,
            "research_to_sale_ratio": 4.4,
            "price_fair": 74.2,
            "eps_avg_yearly": 2.12,
            "eps_latest_yearly": 1.68,
            "eps_growth_yearly": 212.12
        },
        "20143": {
            "year_quarter": 20143,
            "year": 2014,
            "quarter": 3,
            "eps": 0.51,
            "eps_growth_year": -42.05,
            "eps_4q": 2.94,
            "eps_4q_growth_year": 15.55,
            "roe": 2.61,
            "roe_4q": 14.68,
            "gross_profit": 100971,
            "gross_margin": 21.22,
            "gross_margin_4q_avg": 23.06,
            "net_income": 41315,
            "net_income_4q": null,
            "revenue": 475890,
            "revenue_4q": null,
            "common_shares": 799994,
            "book_valuer_per_share": 20.03,
            "book_valuer_per_share_4q_avg": 20.22,
            "equity": 1613990,
            "current_ratio": 260.12,
            "debt_ratio": 35.72,
            "inventory_turnover_ratio": 1.35,
            "account_receivable_turnover_ratio": 2.23,
            "reinvestment_rate": -69.67,
            "research_to_sale_ratio": 5.19,
            "price_fair": 73.62,
            "eps_avg_yearly": 2.1,
            "eps_latest_yearly": 2.04,
            "eps_growth_yearly": 174.82
        },
        "20144": {
            "year_quarter": 20144,
            "year": 2014,
            "quarter": 4,
            "eps": 0.81,
            "eps_growth_year": -45.49,
            "eps_4q": 2.26,
            "eps_4q_growth_year": -33.93,
            "roe": 3.93,
            "roe_4q": 11.14,
            "gross_profit": 130964,
            "gross_margin": 21.52,
            "gross_margin_4q_avg": 22.08,
            "net_income": 64993,
            "net_income_4q": null,
            "revenue": 608595,
            "revenue_4q": null,
            "common_shares": 799994,
            "book_valuer_per_share": 21.04,
            "book_valuer_per_share_4q_avg": 20.36,
            "equity": 1696019,
            "current_ratio": 264.42,
            "debt_ratio": 36,
            "inventory_turnover_ratio": 1.6,
            "account_receivable_turnover_ratio": 2.64,
            "reinvestment_rate": -237.97,
            "research_to_sale_ratio": 4.01,
            "price_fair": 81.67,
            "eps_avg_yearly": 2.33,
            "eps_latest_yearly": 3.24,
            "eps_growth_yearly": 220.62
        },
        "20151": {
            "year_quarter": 20151,
            "year": 2015,
            "quarter": 1,
            "eps": 0.58,
            "eps_growth_year": 11.54,
            "eps_4q": 2.32,
            "eps_4q_growth_year": -34.67,
            "roe": 2.69,
            "roe_4q": 11.34,
            "gross_profit": 109998,
            "gross_margin": 22.57,
            "gross_margin_4q_avg": 21.81,
            "net_income": 46222,
            "net_income_4q": null,
            "revenue": 487423,
            "revenue_4q": null,
            "common_shares": 799994,
            "book_valuer_per_share": 21.53,
            "book_valuer_per_share_4q_avg": 20.48,
            "equity": 1734807,
            "current_ratio": 373.18,
            "debt_ratio": 28.09,
            "inventory_turnover_ratio": 1.3,
            "account_receivable_turnover_ratio": 2.31,
            "reinvestment_rate": -202.55,
            "research_to_sale_ratio": 5,
            "price_fair": 82.83,
            "eps_avg_yearly": 2.37,
            "eps_latest_yearly": 2.32,
            "eps_growth_yearly": 111.15
        },
        "20152": {
            "year_quarter": 20152,
            "year": 2015,
            "quarter": 2,
            "eps": 0.55,
            "eps_growth_year": 30.95,
            "eps_4q": 2.45,
            "eps_4q_growth_year": -26.08,
            "roe": 2.58,
            "roe_4q": 11.809999999999999,
            "gross_profit": 122672,
            "gross_margin": 22.98,
            "gross_margin_4q_avg": 22.07,
            "net_income": 43572,
            "net_income_4q": null,
            "revenue": 533911,
            "revenue_4q": null,
            "common_shares": 799994,
            "book_valuer_per_share": 20.36,
            "book_valuer_per_share_4q_avg": 20.74,
            "equity": 1640403,
            "current_ratio": 305.93,
            "debt_ratio": 32.7,
            "inventory_turnover_ratio": 1.35,
            "account_receivable_turnover_ratio": 2.66,
            "reinvestment_rate": -148.79,
            "research_to_sale_ratio": 4.64,
            "price_fair": 88.32,
            "eps_avg_yearly": 2.52,
            "eps_latest_yearly": 2.2,
            "eps_growth_yearly": 137.21
        },
        "20153": {
            "year_quarter": 20153,
            "year": 2015,
            "quarter": 3,
            "eps": 0.85,
            "eps_growth_year": 66.67,
            "eps_4q": 2.78,
            "eps_4q_growth_year": -5.32,
            "roe": 4.08,
            "roe_4q": 13.28,
            "gross_profit": 157415,
            "gross_margin": 23.94,
            "gross_margin_4q_avg": 22.75,
            "net_income": 69052,
            "net_income_4q": null,
            "revenue": 657635,
            "revenue_4q": null,
            "common_shares": 799994,
            "book_valuer_per_share": 21.65,
            "book_valuer_per_share_4q_avg": 21.15,
            "equity": 1745577,
            "current_ratio": 318.77,
            "debt_ratio": 32.31,
            "inventory_turnover_ratio": 1.43,
            "account_receivable_turnover_ratio": 2.52,
            "reinvestment_rate": -137.11,
            "research_to_sale_ratio": 4.15,
            "price_fair": 90.68,
            "eps_avg_yearly": 2.59,
            "eps_latest_yearly": 3.4,
            "eps_growth_yearly": 143.43
        },
        "20154": {
            "year_quarter": 20154,
            "year": 2015,
            "quarter": 4,
            "eps": 1,
            "eps_growth_year": 24.56,
            "eps_4q": 2.98,
            "eps_4q_growth_year": 31.55,
            "roe": 4.52,
            "roe_4q": 13.87,
            "gross_profit": 169173,
            "gross_margin": 23.36,
            "gross_margin_4q_avg": 23.21,
            "net_income": 80411,
            "net_income_4q": null,
            "revenue": 724338,
            "revenue_4q": null,
            "common_shares": 799994,
            "book_valuer_per_share": 22.51,
            "book_valuer_per_share_4q_avg": 21.51,
            "equity": 1814491,
            "current_ratio": 305.44,
            "debt_ratio": 33.39,
            "inventory_turnover_ratio": 1.46,
            "account_receivable_turnover_ratio": 2.63,
            "reinvestment_rate": -117.44,
            "research_to_sale_ratio": 4.26,
            "price_fair": 94.2,
            "eps_avg_yearly": 2.69,
            "eps_latest_yearly": 4,
            "eps_growth_yearly": 138.23
        },
        "20161": {
            "year_quarter": 20161,
            "year": 2016,
            "quarter": 1,
            "eps": 1.13,
            "eps_growth_year": 94.83,
            "eps_4q": 3.52,
            "eps_4q_growth_year": 51.91,
            "roe": 4.86,
            "roe_4q": 16.04,
            "gross_profit": 187768,
            "gross_margin": 28.16,
            "gross_margin_4q_avg": 24.61,
            "net_income": 89926,
            "net_income_4q": null,
            "revenue": 666695,
            "revenue_4q": null,
            "common_shares": 799994,
            "book_valuer_per_share": 23.45,
            "book_valuer_per_share_4q_avg": 21.99,
            "equity": 1889250,
            "current_ratio": 287.64,
            "debt_ratio": 33.6,
            "inventory_turnover_ratio": 1.19,
            "account_receivable_turnover_ratio": 2.72,
            "reinvestment_rate": -100.93,
            "research_to_sale_ratio": 4.12,
            "price_fair": 98.47,
            "eps_avg_yearly": 2.81,
            "eps_latest_yearly": 4.52,
            "eps_growth_yearly": 132.48
        },
        "20162": {
            "year_quarter": 20162,
            "year": 2016,
            "quarter": 2,
            "eps": 1.35,
            "eps_growth_year": 145.45,
            "eps_4q": 4.32,
            "eps_4q_growth_year": 76.83,
            "roe": 5.85,
            "roe_4q": 19.310000000000002,
            "gross_profit": 219528,
            "gross_margin": 27.03,
            "gross_margin_4q_avg": 25.62,
            "net_income": 108121,
            "net_income_4q": null,
            "revenue": 812074,
            "revenue_4q": null,
            "common_shares": 799994,
            "book_valuer_per_share": 22.43,
            "book_valuer_per_share_4q_avg": 22.51,
            "equity": 1808416,
            "current_ratio": 208.88,
            "debt_ratio": 44.17,
            "inventory_turnover_ratio": 1.35,
            "account_receivable_turnover_ratio": 2.96,
            "reinvestment_rate": -87.34,
            "research_to_sale_ratio": 3.57,
            "price_fair": 104.13,
            "eps_avg_yearly": 2.98,
            "eps_latest_yearly": 5.4,
            "eps_growth_yearly": 129.07
        },
        "20163": {
            "year_quarter": 20163,
            "year": 2016,
            "quarter": 3,
            "eps": 1.49,
            "eps_growth_year": 75.29,
            "eps_4q": 4.97,
            "eps_4q_growth_year": 78.92,
            "roe": 6.54,
            "roe_4q": 21.77,
            "gross_profit": 256935,
            "gross_margin": 26.71,
            "gross_margin_4q_avg": 26.32,
            "net_income": 121386,
            "net_income_4q": null,
            "revenue": 962103,
            "revenue_4q": null,
            "common_shares": 799994,
            "book_valuer_per_share": 23.59,
            "book_valuer_per_share_4q_avg": 23,
            "equity": 1902443,
            "current_ratio": 201.52,
            "debt_ratio": 45.9,
            "inventory_turnover_ratio": 1.56,
            "account_receivable_turnover_ratio": 2.71,
            "reinvestment_rate": -81.96,
            "research_to_sale_ratio": 3.71,
            "price_fair": 115.76,
            "eps_avg_yearly": 3.31,
            "eps_latest_yearly": 5.96,
            "eps_growth_yearly": 120.3
        },
        "20164": {
            "year_quarter": 20164,
            "year": 2016,
            "quarter": 4,
            "eps": 1.67,
            "eps_growth_year": 66.64,
            "eps_4q": 5.64,
            "eps_4q_growth_year": 89.49,
            "roe": 6.8,
            "roe_4q": 24.049999999999997,
            "gross_profit": 222337,
            "gross_margin": 27.78,
            "gross_margin_4q_avg": 27.42,
            "net_income": 133891,
            "net_income_4q": null,
            "revenue": 800274,
            "revenue_4q": null,
            "common_shares": 799994,
            "book_valuer_per_share": 25.22,
            "book_valuer_per_share_4q_avg": 23.67,
            "equity": 2033339,
            "current_ratio": 265.29,
            "debt_ratio": 37.17,
            "inventory_turnover_ratio": 1.43,
            "account_receivable_turnover_ratio": 2.34,
            "reinvestment_rate": -78.9,
            "research_to_sale_ratio": 4.11,
            "price_fair": 125.21,
            "eps_avg_yearly": 3.58,
            "eps_latest_yearly": 6.68,
            "eps_growth_yearly": 56.13
        },
        "20171": {
            "year_quarter": 20171,
            "year": 2017,
            "quarter": 1,
            "eps": 0.51,
            "eps_growth_year": -54.87,
            "eps_4q": 5.03,
            "eps_4q_growth_year": 42.66,
            "roe": 2.07,
            "roe_4q": 21.259999999999998,
            "gross_profit": 151108,
            "gross_margin": 29.08,
            "gross_margin_4q_avg": 27.65,
            "net_income": 41848,
            "net_income_4q": null,
            "revenue": 519706,
            "revenue_4q": null,
            "common_shares": 799994,
            "book_valuer_per_share": 25,
            "book_valuer_per_share_4q_avg": 24.06,
            "equity": 2015878,
            "current_ratio": 252.27,
            "debt_ratio": 37.16,
            "inventory_turnover_ratio": 1.1,
            "account_receivable_turnover_ratio": 2.17,
            "reinvestment_rate": -3.72,
            "research_to_sale_ratio": 4.74,
            "price_fair": 126.18,
            "eps_avg_yearly": 3.61,
            "eps_latest_yearly": 2.04,
            "eps_growth_yearly": 46.82
        },
        "20172": {
            "year_quarter": 20172,
            "year": 2017,
            "quarter": 2,
            "eps": 0.58,
            "eps_growth_year": -57.04,
            "eps_4q": 4.26,
            "eps_4q_growth_year": -1.5,
            "roe": 2.46,
            "roe_4q": 17.869999999999997,
            "gross_profit": 116433,
            "gross_margin": 23.82,
            "gross_margin_4q_avg": 26.85,
            "net_income": 46773,
            "net_income_4q": null,
            "revenue": 488758,
            "revenue_4q": null,
            "common_shares": 799994,
            "book_valuer_per_share": 22.22,
            "book_valuer_per_share_4q_avg": 24.01,
            "equity": 1793576,
            "current_ratio": 194.03,
            "debt_ratio": 46.7,
            "inventory_turnover_ratio": 1.17,
            "account_receivable_turnover_ratio": 2.46,
            "reinvestment_rate": -2.83,
            "research_to_sale_ratio": 4.93,
            "price_fair": 125.39,
            "eps_avg_yearly": 3.58,
            "eps_latest_yearly": 2.32,
            "eps_growth_yearly": 33.37
        },
        "20173": {
            "year_quarter": 20173,
            "year": 2017,
            "quarter": 3,
            "eps": 0.86,
            "eps_growth_year": -42.28,
            "eps_4q": 3.63,
            "eps_4q_growth_year": -27.1,
            "roe": 3.85,
            "roe_4q": 15.18,
            "gross_profit": 147320,
            "gross_margin": 24.38,
            "gross_margin_4q_avg": 26.27,
            "net_income": 70498,
            "net_income_4q": null,
            "revenue": 604257,
            "revenue_4q": null,
            "common_shares": 799994,
            "book_valuer_per_share": 23.16,
            "book_valuer_per_share_4q_avg": 23.9,
            "equity": 1870278,
            "current_ratio": 188.96,
            "debt_ratio": 48.45,
            "inventory_turnover_ratio": 1.46,
            "account_receivable_turnover_ratio": 2.45,
            "reinvestment_rate": -2.5,
            "research_to_sale_ratio": 4.74,
            "price_fair": 125.21,
            "eps_avg_yearly": 3.58,
            "eps_latest_yearly": 3.44,
            "eps_growth_yearly": 37.61
        },
        "20174": {
            "year_quarter": 20174,
            "year": 2017,
            "quarter": 4,
            "eps": 0.42,
            "eps_growth_year": -74.93,
            "eps_4q": 2.37,
            "eps_4q_growth_year": -57.95,
            "roe": 1.83,
            "roe_4q": 10.21,
            "gross_profit": 129922,
            "gross_margin": 24.62,
            "gross_margin_4q_avg": 25.48,
            "net_income": 34446,
            "net_income_4q": null,
            "revenue": 527703,
            "revenue_4q": null,
            "common_shares": 799994,
            "book_valuer_per_share": 23.53,
            "book_valuer_per_share_4q_avg": 23.48,
            "equity": 1900282,
            "current_ratio": 189.56,
            "debt_ratio": 48.57,
            "inventory_turnover_ratio": 1.38,
            "account_receivable_turnover_ratio": 2.23,
            "reinvestment_rate": -2.36,
            "research_to_sale_ratio": 4.28,
            "price_fair": 58.86,
            "eps_avg_yearly": 3.31,
            "eps_latest_yearly": 1.68,
            "eps_growth_yearly": 7.77
        },
        "20181": {
            "year_quarter": 20181,
            "year": 2018,
            "quarter": 1,
            "eps": -0.1,
            "eps_growth_year": -119.61,
            "eps_4q": 1.76,
            "eps_4q_growth_year": -65.03,
            "roe": -0.41,
            "roe_4q": 7.73,
            "gross_profit": 106871,
            "gross_margin": 26.11,
            "gross_margin_4q_avg": 24.73,
            "net_income": -7812,
            "net_income_4q": null,
            "revenue": 409298,
            "revenue_4q": null,
            "common_shares": 799994,
            "book_valuer_per_share": 23.47,
            "book_valuer_per_share_4q_avg": 23.1,
            "equity": 1895662,
            "current_ratio": 183.45,
            "debt_ratio": 50.31,
            "inventory_turnover_ratio": 0.94,
            "account_receivable_turnover_ratio": 2.28,
            "reinvestment_rate": -1.89,
            "research_to_sale_ratio": 5.51,
            "price_fair": 118.81,
            "eps_avg_yearly": 3.39,
            "eps_latest_yearly": 1.68,
            "eps_growth_yearly": 25.59
        },
        "20182": {
            "year_quarter": 20182,
            "year": 2018,
            "quarter": 2,
            "eps": 1.43,
            "eps_growth_year": 146.55,
            "eps_4q": 2.6,
            "eps_4q_growth_year": -38.88,
            "roe": 6.11,
            "roe_4q": 11.38,
            "gross_profit": 116449,
            "gross_margin": 20.54,
            "gross_margin_4q_avg": 23.91,
            "net_income": 114946,
            "net_income_4q": null,
            "revenue": 566959,
            "revenue_4q": null,
            "common_shares": 799994,
            "book_valuer_per_share": 23.09,
            "book_valuer_per_share_4q_avg": 23.31,
            "equity": 1867285,
            "current_ratio": 166.58,
            "debt_ratio": 55.97,
            "inventory_turnover_ratio": 1.12,
            "account_receivable_turnover_ratio": 3,
            "reinvestment_rate": -1.82,
            "research_to_sale_ratio": 5.11,
            "price_fair": 123.1,
            "eps_avg_yearly": 3.52,
            "eps_latest_yearly": 1.68,
            "eps_growth_yearly": 32.91
        },
        "20183": {
            "year_quarter": 20183,
            "year": 2018,
            "quarter": 3,
            "eps": 1.4,
            "eps_growth_year": 62.79,
            "eps_4q": 3.14,
            "eps_4q_growth_year": -13.31,
            "roe": 5.85,
            "roe_4q": 13.38,
            "gross_profit": 204596,
            "gross_margin": 24.11,
            "gross_margin_4q_avg": 23.85,
            "net_income": 112005,
            "net_income_4q": null,
            "revenue": 848608,
            "revenue_4q": null,
            "common_shares": 799994,
            "book_valuer_per_share": 24.25,
            "book_valuer_per_share_4q_avg": 23.59,
            "equity": 1959875,
            "current_ratio": 175.38,
            "debt_ratio": 53.61,
            "inventory_turnover_ratio": 1.48,
            "account_receivable_turnover_ratio": 2.71,
            "reinvestment_rate": -1.41,
            "research_to_sale_ratio": 3.5,
            "price_fair": 132,
            "eps_avg_yearly": 3.77,
            "eps_latest_yearly": 5.6,
            "eps_growth_yearly": 26.19
        },
        "20184": {
            "year_quarter": 20184,
            "year": 2018,
            "quarter": 4,
            "eps": 0.93,
            "eps_growth_year": 120.81,
            "eps_4q": 3.65,
            "eps_4q_growth_year": 53.82,
            "roe": 3.77,
            "roe_4q": 15.32,
            "gross_profit": 186396,
            "gross_margin": 23.08,
            "gross_margin_4q_avg": 23.46,
            "net_income": 75536,
            "net_income_4q": null,
            "revenue": 807556,
            "revenue_4q": null,
            "common_shares": 799994,
            "book_valuer_per_share": 25.27,
            "book_valuer_per_share_4q_avg": 24.02,
            "equity": 2042895,
            "current_ratio": 327.65,
            "debt_ratio": 32.44,
            "inventory_turnover_ratio": 1.62,
            "account_receivable_turnover_ratio": 2.03,
            "reinvestment_rate": -1.2,
            "research_to_sale_ratio": 3.8,
            "price_fair": 11.42,
            "eps_avg_yearly": 3.81,
            "eps_latest_yearly": 3.72,
            "eps_growth_yearly": -0.21
        },
        "20191": {
            "year_quarter": 20191,
            "year": 2019,
            "quarter": 1,
            "eps": 0.7,
            "eps_growth_year": null,
            "eps_4q": 4.45,
            "eps_4q_growth_year": 153.15,
            "roe": 2.69,
            "roe_4q": 18.419999999999998,
            "gross_profit": 117728,
            "gross_margin": 22.47,
            "gross_margin_4q_avg": 22.55,
            "net_income": 55824,
            "net_income_4q": null,
            "revenue": 523846,
            "revenue_4q": null,
            "common_shares": 799994,
            "book_valuer_per_share": 26.14,
            "book_valuer_per_share_4q_avg": 24.69,
            "equity": 2113408,
            "current_ratio": 347.81,
            "debt_ratio": 31.07,
            "inventory_turnover_ratio": 1.16,
            "account_receivable_turnover_ratio": 1.71,
            "reinvestment_rate": -0.66,
            "research_to_sale_ratio": 4.94,
            "price_fair": 38.4,
            "eps_avg_yearly": 3.84,
            "eps_latest_yearly": 2.8,
            "eps_growth_yearly": 0.83
        },
        "20192": {
            "year_quarter": 20192,
            "year": 2019,
            "quarter": 2,
            "eps": 1.04,
            "eps_growth_year": -27.27,
            "eps_4q": 4.06,
            "eps_4q_growth_year": 56.13,
            "roe": 4.11,
            "roe_4q": 16.42,
            "gross_profit": 147705,
            "gross_margin": 23.06,
            "gross_margin_4q_avg": 23.18,
            "net_income": 84357,
            "net_income_4q": null,
            "revenue": 640452,
            "revenue_4q": null,
            "common_shares": 799994,
            "book_valuer_per_share": 24.65,
            "book_valuer_per_share_4q_avg": 25.08,
            "equity": 1995133,
            "current_ratio": 230.66,
            "debt_ratio": 39.23,
            "inventory_turnover_ratio": 1.27,
            "account_receivable_turnover_ratio": 2.53,
            "reinvestment_rate": -0.5,
            "research_to_sale_ratio": 4.22,
            "price_fair": 104.23,
            "eps_avg_yearly": 3.98,
            "eps_latest_yearly": 4.16,
            "eps_growth_yearly": 16.19
        },
        "20193": {
            "year_quarter": 20193,
            "year": 2019,
            "quarter": 3,
            "eps": 1.02,
            "eps_growth_year": -27.14,
            "eps_4q": 3.68,
            "eps_4q_growth_year": 17.12,
            "roe": 4.06,
            "roe_4q": 14.629999999999999,
            "gross_profit": 202463,
            "gross_margin": 24.98,
            "gross_margin_4q_avg": 23.4,
            "net_income": 82362,
            "net_income_4q": null,
            "revenue": 810521,
            "revenue_4q": null,
            "common_shares": 799994,
            "book_valuer_per_share": 25.45,
            "book_valuer_per_share_4q_avg": 25.38,
            "equity": 2059579,
            "current_ratio": 260.67,
            "debt_ratio": 37.01,
            "inventory_turnover_ratio": 1.58,
            "account_receivable_turnover_ratio": 2.32,
            "reinvestment_rate": -1.41,
            "research_to_sale_ratio": 3.81,
            "price_fair": 40.29,
            "eps_avg_yearly": 4.03,
            "eps_latest_yearly": 4.08,
            "eps_growth_yearly": 0.05
        },
        "20194": {
            "year_quarter": 20194,
            "year": 2019,
            "quarter": 4,
            "eps": 0.74,
            "eps_growth_year": -19.68,
            "eps_4q": 3.5,
            "eps_4q_growth_year": -4.12,
            "roe": 2.9,
            "roe_4q": 13.76,
            "gross_profit": 132807,
            "gross_margin": 23.59,
            "gross_margin_4q_avg": 23.53,
            "net_income": 60200,
            "net_income_4q": null,
            "revenue": 562951,
            "revenue_4q": null,
            "common_shares": 799994,
            "book_valuer_per_share": 25.91,
            "book_valuer_per_share_4q_avg": 25.54,
            "equity": 2096280,
            "current_ratio": 329.76,
            "debt_ratio": 31.81,
            "inventory_turnover_ratio": 1.45,
            "account_receivable_turnover_ratio": 1.71,
            "reinvestment_rate": -1.87,
            "research_to_sale_ratio": 4.2,
            "price_fair": 11.86,
            "eps_avg_yearly": 3.95,
            "eps_latest_yearly": 2.96,
            "eps_growth_yearly": -12.83
        },
        "20201": {
            "year_quarter": 20201,
            "year": 2020,
            "quarter": 1,
            "eps": -0.29,
            "eps_growth_year": -141.43,
            "eps_4q": 2.51,
            "eps_4q_growth_year": -43.59,
            "roe": -1.14,
            "roe_4q": 9.93,
            "gross_profit": 40880,
            "gross_margin": 21,
            "gross_margin_4q_avg": 23.16,
            "net_income": -23710,
            "net_income_4q": null,
            "revenue": 194710,
            "revenue_4q": null,
            "common_shares": 799994,
            "book_valuer_per_share": 25.6,
            "book_valuer_per_share_4q_avg": 25.4,
            "equity": 2071724,
            "current_ratio": 326.42,
            "debt_ratio": 32.6,
            "inventory_turnover_ratio": 0.62,
            "account_receivable_turnover_ratio": 1.27,
            "reinvestment_rate": -2.39,
            "research_to_sale_ratio": 9.81,
            "price_fair": 11.73,
            "eps_avg_yearly": 3.91,
            "eps_latest_yearly": 2.96,
            "eps_growth_yearly": -17.82
        },
        "20202": {
            "year_quarter": 20202,
            "year": 2020,
            "quarter": 2,
            "eps": 1.05,
            "eps_growth_year": 0.96,
            "eps_4q": 2.51,
            "eps_4q_growth_year": -38.16,
            "roe": 4.21,
            "roe_4q": 10.030000000000001,
            "gross_profit": 110621,
            "gross_margin": 26.59,
            "gross_margin_4q_avg": 24.04,
            "net_income": 84696,
            "net_income_4q": null,
            "revenue": 416012,
            "revenue_4q": null,
            "common_shares": 799994,
            "book_valuer_per_share": 24.12,
            "book_valuer_per_share_4q_avg": 25.27,
            "equity": 1953591,
            "current_ratio": 250.13,
            "debt_ratio": 40.09,
            "inventory_turnover_ratio": 1.08,
            "account_receivable_turnover_ratio": 3.12,
            "reinvestment_rate": -3.25,
            "research_to_sale_ratio": 5.27,
            "price_fair": 11.36,
            "eps_avg_yearly": 3.79,
            "eps_latest_yearly": 2.96,
            "eps_growth_yearly": -25.79
        },
        "20203": {
            "year_quarter": 20203,
            "year": 2020,
            "quarter": 3,
            "eps": 0.9,
            "eps_growth_year": -11.76,
            "eps_4q": 2.39,
            "eps_4q_growth_year": -35.02,
            "roe": 3.61,
            "roe_4q": 9.58,
            "gross_profit": 151947,
            "gross_margin": 23.87,
            "gross_margin_4q_avg": 23.76,
            "net_income": 71924,
            "net_income_4q": null,
            "revenue": 636624,
            "revenue_4q": null,
            "common_shares": 799994,
            "book_valuer_per_share": 25.08,
            "book_valuer_per_share_4q_avg": 25.18,
            "equity": 2030458,
            "current_ratio": 256.53,
            "debt_ratio": 39.29,
            "inventory_turnover_ratio": 1.45,
            "account_receivable_turnover_ratio": 2.4,
            "reinvestment_rate": -5.28,
            "research_to_sale_ratio": 4.09,
            "price_fair": 10.77,
            "eps_avg_yearly": 3.59,
            "eps_latest_yearly": 3.6,
            "eps_growth_yearly": -34.01
        },
        "20204": {
            "year_quarter": 20204,
            "year": 2020,
            "quarter": 4,
            "eps": 0.62,
            "eps_growth_year": -16.44,
            "eps_4q": 2.27,
            "eps_4q_growth_year": -35.13,
            "roe": 2.41,
            "roe_4q": 9.09,
            "gross_profit": 129742,
            "gross_margin": 18.79,
            "gross_margin_4q_avg": 22.56,
            "net_income": 49495,
            "net_income_4q": null,
            "revenue": 690390,
            "revenue_4q": null,
            "common_shares": 799994,
            "book_valuer_per_share": 25.76,
            "book_valuer_per_share_4q_avg": 25.14,
            "equity": 2083808,
            "current_ratio": 267.09,
            "debt_ratio": 37.71,
            "inventory_turnover_ratio": 1.48,
            "account_receivable_turnover_ratio": 2.05,
            "reinvestment_rate": -5.29,
            "research_to_sale_ratio": 2.89,
            "price_fair": 9.72,
            "eps_avg_yearly": 3.24,
            "eps_latest_yearly": 2.48,
            "eps_growth_yearly": -48.41
        },
        "20211": {
            "year_quarter": 20211,
            "year": 2021,
            "quarter": 1,
            "eps": 0.34,
            "eps_growth_year": null,
            "eps_4q": 2.9,
            "eps_4q_growth_year": 15.74,
            "roe": 1.27,
            "roe_4q": 11.5,
            "gross_profit": 84032,
            "gross_margin": 16.63,
            "gross_margin_4q_avg": 21.47,
            "net_income": 26642,
            "net_income_4q": null,
            "revenue": 505396,
            "revenue_4q": null,
            "common_shares": 799994,
            "book_valuer_per_share": 26.07,
            "book_valuer_per_share_4q_avg": 25.26,
            "equity": 2108023,
            "current_ratio": 284.3,
            "debt_ratio": 36.19,
            "inventory_turnover_ratio": 0.97,
            "account_receivable_turnover_ratio": 1.85,
            "reinvestment_rate": -5.17,
            "research_to_sale_ratio": 4.17,
            "price_fair": 9.55,
            "eps_avg_yearly": 3.18,
            "eps_latest_yearly": 1.36,
            "eps_growth_yearly": -40.31
        },
        "20212": {
            "year_quarter": 20212,
            "year": 2021,
            "quarter": 2,
            "eps": 0.55,
            "eps_growth_year": -47.62,
            "eps_4q": 2.41,
            "eps_4q_growth_year": -4.28,
            "roe": 2.03,
            "roe_4q": 9.32,
            "gross_profit": 105253,
            "gross_margin": 16.06,
            "gross_margin_4q_avg": 18.84,
            "net_income": 43037,
            "net_income_4q": null,
            "revenue": 655182,
            "revenue_4q": null,
            "common_shares": 799994,
            "book_valuer_per_share": 26.45,
            "book_valuer_per_share_4q_avg": 25.84,
            "equity": 2137762,
            "current_ratio": 246.33,
            "debt_ratio": 40.3,
            "inventory_turnover_ratio": 1.07,
            "account_receivable_turnover_ratio": 2.71,
            "reinvestment_rate": -5.1,
            "research_to_sale_ratio": 3.44,
            "price_fair": 9.52,
            "eps_avg_yearly": 3.17,
            "eps_latest_yearly": 2.2,
            "eps_growth_yearly": -24.29
        },
        "20213": {
            "year_quarter": 20213,
            "year": 2021,
            "quarter": 3,
            "eps": 0.34,
            "eps_growth_year": -62.22,
            "eps_4q": 1.85,
            "eps_4q_growth_year": -22.76,
            "roe": 1.33,
            "roe_4q": 7.04,
            "gross_profit": 96321,
            "gross_margin": 15.92,
            "gross_margin_4q_avg": 16.85,
            "net_income": 27744,
            "net_income_4q": null,
            "revenue": 605072,
            "revenue_4q": null,
            "common_shares": 799994,
            "book_valuer_per_share": 25.26,
            "book_valuer_per_share_4q_avg": 25.89,
            "equity": 2042728,
            "current_ratio": 211.2,
            "debt_ratio": 45.77,
            "inventory_turnover_ratio": 0.83,
            "account_receivable_turnover_ratio": 2.29,
            "reinvestment_rate": -5.95,
            "research_to_sale_ratio": 3.83,
            "price_fair": 9,
            "eps_avg_yearly": 3,
            "eps_latest_yearly": 1.36,
            "eps_growth_yearly": -53.11
        },
        "20214": {
            "year_quarter": 20214,
            "year": 2021,
            "quarter": 4,
            "eps": 0.56,
            "eps_growth_year": -9.07,
            "eps_4q": 1.79,
            "eps_4q_growth_year": -21.08,
            "roe": 2.16,
            "roe_4q": 6.789999999999999,
            "gross_profit": 132802,
            "gross_margin": 18.44,
            "gross_margin_4q_avg": 16.76,
            "net_income": 44608,
            "net_income_4q": null,
            "revenue": 719997,
            "revenue_4q": null,
            "common_shares": 799994,
            "book_valuer_per_share": 25.88,
            "book_valuer_per_share_4q_avg": 25.92,
            "equity": 2091895,
            "current_ratio": 198.67,
            "debt_ratio": 48.83,
            "inventory_turnover_ratio": 0.86,
            "account_receivable_turnover_ratio": 2.67,
            "reinvestment_rate": -6,
            "research_to_sale_ratio": 2.88,
            "price_fair": 9.14,
            "eps_avg_yearly": 3.05,
            "eps_latest_yearly": 2.24,
            "eps_growth_yearly": -14.49
        },
        "20221": {
            "year_quarter": 20221,
            "year": 2022,
            "quarter": 1,
            "eps": 0.4,
            "eps_growth_year": 17.65,
            "eps_4q": 1.85,
            "eps_4q_growth_year": -36.39,
            "roe": 1.44,
            "roe_4q": 6.959999999999999,
            "gross_profit": 73896,
            "gross_margin": 15.13,
            "gross_margin_4q_avg": 16.39,
            "net_income": 30650,
            "net_income_4q": null,
            "revenue": 488444,
            "revenue_4q": null,
            "common_shares": 799994,
            "book_valuer_per_share": 26.75,
            "book_valuer_per_share_4q_avg": 26.09,
            "equity": 2160640,
            "current_ratio": 243.05,
            "debt_ratio": 41.46,
            "inventory_turnover_ratio": 0.54,
            "account_receivable_turnover_ratio": 2.29,
            "reinvestment_rate": -5.4,
            "research_to_sale_ratio": 5.61,
            "price_fair": 8.81,
            "eps_avg_yearly": 2.94,
            "eps_latest_yearly": 1.6,
            "eps_growth_yearly": -22.17
        },
        "20222": {
            "year_quarter": 20222,
            "year": 2022,
            "quarter": 2,
            "eps": 0.91,
            "eps_growth_year": 65.45,
            "eps_4q": 2.21,
            "eps_4q_growth_year": -8.1,
            "roe": 3.4,
            "roe_4q": 8.33,
            "gross_profit": 155510,
            "gross_margin": 17.64,
            "gross_margin_4q_avg": 16.78,
            "net_income": 72780,
            "net_income_4q": null,
            "revenue": 881809,
            "revenue_4q": null,
            "common_shares": 799994,
            "book_valuer_per_share": 26.47,
            "book_valuer_per_share_4q_avg": 26.09,
            "equity": 2117397,
            "current_ratio": 254.27,
            "debt_ratio": 40.25,
            "inventory_turnover_ratio": 0.9,
            "account_receivable_turnover_ratio": 3.04,
            "reinvestment_rate": -5.72,
            "research_to_sale_ratio": 2.52,
            "price_fair": 77.16,
            "eps_avg_yearly": 2.99,
            "eps_latest_yearly": 3.64,
            "eps_growth_yearly": 15.84
        },
        "20223": {
            "year_quarter": 20223,
            "year": 2022,
            "quarter": 3,
            "eps": 1.79,
            "eps_growth_year": 426.47,
            "eps_4q": 3.66,
            "eps_4q_growth_year": 98.16,
            "roe": 6.49,
            "roe_4q": 13.49,
            "gross_profit": 245785,
            "gross_margin": 24.09,
            "gross_margin_4q_avg": 18.83,
            "net_income": 143007,
            "net_income_4q": null,
            "revenue": 1020338,
            "revenue_4q": null,
            "common_shares": 799994,
            "book_valuer_per_share": 28.6,
            "book_valuer_per_share_4q_avg": 26.93,
            "equity": 2288109,
            "current_ratio": 249.87,
            "debt_ratio": 41.32,
            "inventory_turnover_ratio": 1.07,
            "account_receivable_turnover_ratio": 2.28,
            "reinvestment_rate": -6.08,
            "research_to_sale_ratio": 2.89,
            "price_fair": 108.4,
            "eps_avg_yearly": 3.1,
            "eps_latest_yearly": 7.16,
            "eps_growth_yearly": 44.07
        },
        "20224": {
            "year_quarter": 20224,
            "year": 2022,
            "quarter": 4,
            "eps": 0.76,
            "eps_growth_year": 34.98,
            "eps_4q": 3.86,
            "eps_4q_growth_year": 115.42,
            "roe": 2.64,
            "roe_4q": 13.97,
            "gross_profit": 160047,
            "gross_margin": 23.04,
            "gross_margin_4q_avg": 19.98,
            "net_income": 60991,
            "net_income_4q": null,
            "revenue": 694600,
            "revenue_4q": null,
            "common_shares": 799994,
            "book_valuer_per_share": 29.18,
            "book_valuer_per_share_4q_avg": 27.75,
            "equity": 2334492,
            "current_ratio": 399.74,
            "debt_ratio": 29.36,
            "inventory_turnover_ratio": 0.9,
            "account_receivable_turnover_ratio": 1.95,
            "reinvestment_rate": -7.37,
            "research_to_sale_ratio": 3.48,
            "price_fair": 106.7,
            "eps_avg_yearly": 3.05,
            "eps_latest_yearly": 3.04,
            "eps_growth_yearly": 37.22
        },
        "20231": {
            "year_quarter": 20231,
            "year": 2023,
            "quarter": 1,
            "eps": 0.47,
            "eps_growth_year": 17.5,
            "eps_4q": 3.93,
            "eps_4q_growth_year": 112.93,
            "roe": 1.61,
            "roe_4q": 14.14,
            "gross_profit": 71291,
            "gross_margin": 23.18,
            "gross_margin_4q_avg": 21.99,
            "net_income": 37871,
            "net_income_4q": null,
            "revenue": 307557,
            "revenue_4q": null,
            "common_shares": 799994,
            "book_valuer_per_share": 29.66,
            "book_valuer_per_share_4q_avg": 28.48,
            "equity": 2373174,
            "current_ratio": 517.39,
            "debt_ratio": 24.92,
            "inventory_turnover_ratio": 0.43,
            "account_receivable_turnover_ratio": 1.64,
            "reinvestment_rate": -7.98,
            "research_to_sale_ratio": 6.58,
            "price_fair": 104.4,
            "eps_avg_yearly": 2.98,
            "eps_latest_yearly": 1.88,
            "eps_growth_yearly": 33.39
        },
        "20232": {
            "year_quarter": 20232,
            "year": 2023,
            "quarter": 2,
            "eps": 1.12,
            "eps_growth_year": 23.08,
            "eps_4q": 4.14,
            "eps_4q_growth_year": 87.17,
            "roe": 3.86,
            "roe_4q": 14.6,
            "gross_profit": 179519,
            "gross_margin": 27.57,
            "gross_margin_4q_avg": 24.47,
            "net_income": 89219,
            "net_income_4q": null,
            "revenue": 651121,
            "revenue_4q": null,
            "common_shares": 799994,
            "book_valuer_per_share": 28.11,
            "book_valuer_per_share_4q_avg": 28.89,
            "equity": 2248537,
            "current_ratio": 352.36,
            "debt_ratio": 32.14,
            "inventory_turnover_ratio": 0.82,
            "account_receivable_turnover_ratio": 3.1,
            "reinvestment_rate": -8.21,
            "research_to_sale_ratio": 3.86,
            "price_fair": 105.2,
            "eps_avg_yearly": 3.01,
            "eps_latest_yearly": 4.48,
            "eps_growth_yearly": 59.02
        },
        "20233": {
            "year_quarter": 20233,
            "year": 2023,
            "quarter": 3,
            "eps": 1.92,
            "eps_growth_year": 7.26,
            "eps_4q": 4.28,
            "eps_4q_growth_year": 16.78,
            "roe": 6.56,
            "roe_4q": 14.67,
            "gross_profit": 255858,
            "gross_margin": 29.52,
            "gross_margin_4q_avg": 25.83,
            "net_income": 153934,
            "net_income_4q": null,
            "revenue": 866585,
            "revenue_4q": null,
            "common_shares": 799994,
            "book_valuer_per_share": 30.58,
            "book_valuer_per_share_4q_avg": 29.38,
            "equity": 2446175,
            "current_ratio": 283.02,
            "debt_ratio": 34.35,
            "inventory_turnover_ratio": 1.18,
            "account_receivable_turnover_ratio": 1.97,
            "reinvestment_rate": -7.15,
            "research_to_sale_ratio": 3.43,
            "price_fair": 114.2,
            "eps_avg_yearly": 3.26,
            "eps_latest_yearly": 7.68,
            "eps_growth_yearly": 79.98
        }
    },
    "months": {
        "2001-09": {
            "month": "2001-09",
            "price": "33.90",
            "revenue": 175324
        },
        "2001-10": {
            "month": "2001-10",
            "price": "34.02",
            "revenue": 162110
        },
        "2001-11": {
            "month": "2001-11",
            "price": "36.68",
            "revenue": 140281
        },
        "2001-12": {
            "month": "2001-12",
            "price": "40.84",
            "revenue": 145637
        },
        "2002-01": {
            "month": "2002-01",
            "price": "43.12",
            "revenue": 124859
        },
        "2002-02": {
            "month": "2002-02",
            "price": "42.02",
            "revenue": 116002
        },
        "2002-03": {
            "month": "2002-03",
            "price": "41.19",
            "revenue": 128982
        },
        "2002-04": {
            "month": "2002-04",
            "price": "39.81",
            "revenue": 149590
        },
        "2002-05": {
            "month": "2002-05",
            "price": "36.85",
            "revenue": 129126
        },
        "2002-06": {
            "month": "2002-06",
            "price": "32.71",
            "revenue": 147860
        },
        "2002-07": {
            "month": "2002-07",
            "price": "25.53",
            "revenue": 138407
        },
        "2002-08": {
            "month": "2002-08",
            "price": "26.00",
            "revenue": 157736
        },
        "2002-09": {
            "month": "2002-09",
            "price": "27.12",
            "revenue": 168380
        },
        "2002-10": {
            "month": "2002-10",
            "price": "27.32",
            "revenue": 183853
        },
        "2002-11": {
            "month": "2002-11",
            "price": "28.86",
            "revenue": 186452
        },
        "2002-12": {
            "month": "2002-12",
            "price": "26.27",
            "revenue": 140094
        },
        "2003-01": {
            "month": "2003-01",
            "price": "27.65",
            "revenue": 122346
        },
        "2003-02": {
            "month": "2003-02",
            "price": "25.61",
            "revenue": 112407
        },
        "2003-03": {
            "month": "2003-03",
            "price": "25.03",
            "revenue": 149794
        },
        "2003-04": {
            "month": "2003-04",
            "price": "25.62",
            "revenue": 147205
        },
        "2003-05": {
            "month": "2003-05",
            "price": "24.20",
            "revenue": 129356
        },
        "2003-06": {
            "month": "2003-06",
            "price": "26.28",
            "revenue": 150016
        },
        "2003-07": {
            "month": "2003-07",
            "price": "27.33",
            "revenue": 157589
        },
        "2003-08": {
            "month": "2003-08",
            "price": "23.82",
            "revenue": 176299
        },
        "2003-09": {
            "month": "2003-09",
            "price": "24.17",
            "revenue": 215895
        },
        "2003-10": {
            "month": "2003-10",
            "price": "24.89",
            "revenue": 205075
        },
        "2003-11": {
            "month": "2003-11",
            "price": "27.36",
            "revenue": 180647
        },
        "2003-12": {
            "month": "2003-12",
            "price": "27.82",
            "revenue": 173288
        },
        "2004-01": {
            "month": "2004-01",
            "price": "30.01",
            "revenue": 143673
        },
        "2004-02": {
            "month": "2004-02",
            "price": "33.16",
            "revenue": 151795
        },
        "2004-03": {
            "month": "2004-03",
            "price": "32.45",
            "revenue": 167605
        },
        "2004-04": {
            "month": "2004-04",
            "price": "31.63",
            "revenue": 177244
        },
        "2004-05": {
            "month": "2004-05",
            "price": "28.99",
            "revenue": 137056
        },
        "2004-06": {
            "month": "2004-06",
            "price": "28.00",
            "revenue": 182308
        },
        "2004-07": {
            "month": "2004-07",
            "price": "26.48",
            "revenue": 163671
        },
        "2004-08": {
            "month": "2004-08",
            "price": "25.72",
            "revenue": 191269
        },
        "2004-09": {
            "month": "2004-09",
            "price": "27.09",
            "revenue": 220807
        },
        "2004-10": {
            "month": "2004-10",
            "price": "28.22",
            "revenue": 172190
        },
        "2004-11": {
            "month": "2004-11",
            "price": "27.39",
            "revenue": 149391
        },
        "2004-12": {
            "month": "2004-12",
            "price": "26.09",
            "revenue": 122246
        },
        "2005-01": {
            "month": "2005-01",
            "price": "24.00",
            "revenue": 128965
        },
        "2005-02": {
            "month": "2005-02",
            "price": "22.76",
            "revenue": 97968
        },
        "2005-03": {
            "month": "2005-03",
            "price": "21.98",
            "revenue": 115826
        },
        "2005-04": {
            "month": "2005-04",
            "price": "20.10",
            "revenue": 131274
        },
        "2005-05": {
            "month": "2005-05",
            "price": "18.78",
            "revenue": 126339
        },
        "2005-06": {
            "month": "2005-06",
            "price": "20.52",
            "revenue": 121470
        },
        "2005-07": {
            "month": "2005-07",
            "price": "20.02",
            "revenue": 139272
        },
        "2005-08": {
            "month": "2005-08",
            "price": "17.29",
            "revenue": 143192
        },
        "2005-09": {
            "month": "2005-09",
            "price": "15.98",
            "revenue": 147174
        },
        "2005-10": {
            "month": "2005-10",
            "price": "15.75",
            "revenue": 144594
        },
        "2005-11": {
            "month": "2005-11",
            "price": "15.55",
            "revenue": 106108
        },
        "2005-12": {
            "month": "2005-12",
            "price": "16.82",
            "revenue": 120174
        },
        "2006-01": {
            "month": "2006-01",
            "price": "16.07",
            "revenue": 102451
        },
        "2006-02": {
            "month": "2006-02",
            "price": "15.27",
            "revenue": 80448
        },
        "2006-03": {
            "month": "2006-03",
            "price": "14.40",
            "revenue": 113086
        },
        "2006-04": {
            "month": "2006-04",
            "price": "14.63",
            "revenue": 128862
        },
        "2006-05": {
            "month": "2006-05",
            "price": "14.60",
            "revenue": 124934
        },
        "2006-06": {
            "month": "2006-06",
            "price": "12.86",
            "revenue": 157108
        },
        "2006-07": {
            "month": "2006-07",
            "price": "12.37",
            "revenue": 150780
        },
        "2006-08": {
            "month": "2006-08",
            "price": "12.17",
            "revenue": 187863
        },
        "2006-09": {
            "month": "2006-09",
            "price": "12.35",
            "revenue": 176122
        },
        "2006-10": {
            "month": "2006-10",
            "price": "13.68",
            "revenue": 208109
        },
        "2006-11": {
            "month": "2006-11",
            "price": "14.52",
            "revenue": 171679
        },
        "2006-12": {
            "month": "2006-12",
            "price": "15.04",
            "revenue": 162024
        },
        "2007-01": {
            "month": "2007-01",
            "price": "17.00",
            "revenue": 124175
        },
        "2007-02": {
            "month": "2007-02",
            "price": "17.40",
            "revenue": 90871
        },
        "2007-03": {
            "month": "2007-03",
            "price": "18.86",
            "revenue": 141966
        },
        "2007-04": {
            "month": "2007-04",
            "price": "20.04",
            "revenue": 141487
        },
        "2007-05": {
            "month": "2007-05",
            "price": "20.32",
            "revenue": 161064
        },
        "2007-06": {
            "month": "2007-06",
            "price": "26.94",
            "revenue": 175507
        },
        "2007-07": {
            "month": "2007-07",
            "price": "29.20",
            "revenue": 186032
        },
        "2007-08": {
            "month": "2007-08",
            "price": "28.54",
            "revenue": 188011
        },
        "2007-09": {
            "month": "2007-09",
            "price": "27.79",
            "revenue": 191698
        },
        "2007-10": {
            "month": "2007-10",
            "price": "26.76",
            "revenue": 197906
        },
        "2007-11": {
            "month": "2007-11",
            "price": "22.74",
            "revenue": 169110
        },
        "2007-12": {
            "month": "2007-12",
            "price": "21.05",
            "revenue": 174063
        },
        "2008-01": {
            "month": "2008-01",
            "price": "19.47",
            "revenue": 132022
        },
        "2008-02": {
            "month": "2008-02",
            "price": "19.15",
            "revenue": 104731
        },
        "2008-03": {
            "month": "2008-03",
            "price": "19.11",
            "revenue": 145711
        },
        "2008-04": {
            "month": "2008-04",
            "price": "20.93",
            "revenue": 162447
        },
        "2008-05": {
            "month": "2008-05",
            "price": "20.80",
            "revenue": 171477
        },
        "2008-06": {
            "month": "2008-06",
            "price": "19.06",
            "revenue": 193971
        },
        "2008-07": {
            "month": "2008-07",
            "price": "17.10",
            "revenue": 214106
        },
        "2008-08": {
            "month": "2008-08",
            "price": "16.00",
            "revenue": 189274
        },
        "2008-09": {
            "month": "2008-09",
            "price": "14.54",
            "revenue": 205728
        },
        "2008-10": {
            "month": "2008-10",
            "price": "13.86",
            "revenue": 194616
        },
        "2008-11": {
            "month": "2008-11",
            "price": "12.74",
            "revenue": 145646
        },
        "2008-12": {
            "month": "2008-12",
            "price": "11.74",
            "revenue": 135668
        },
        "2009-01": {
            "month": "2009-01",
            "price": "11.37",
            "revenue": 78579
        },
        "2009-02": {
            "month": "2009-02",
            "price": "10.77",
            "revenue": 86919
        },
        "2009-03": {
            "month": "2009-03",
            "price": "12.06",
            "revenue": 107012
        },
        "2009-04": {
            "month": "2009-04",
            "price": "13.13",
            "revenue": 113529
        },
        "2009-05": {
            "month": "2009-05",
            "price": "13.28",
            "revenue": 99649
        },
        "2009-06": {
            "month": "2009-06",
            "price": "13.07",
            "revenue": 109808
        },
        "2009-07": {
            "month": "2009-07",
            "price": "13.32",
            "revenue": 98353
        },
        "2009-08": {
            "month": "2009-08",
            "price": "12.41",
            "revenue": 104175
        },
        "2009-09": {
            "month": "2009-09",
            "price": "12.99",
            "revenue": 164849
        },
        "2009-10": {
            "month": "2009-10",
            "price": "14.11",
            "revenue": 141460
        },
        "2009-11": {
            "month": "2009-11",
            "price": "13.94",
            "revenue": 132174
        },
        "2009-12": {
            "month": "2009-12",
            "price": "16.38",
            "revenue": 119158
        },
        "2010-01": {
            "month": "2010-01",
            "price": "15.68",
            "revenue": 93219
        },
        "2010-02": {
            "month": "2010-02",
            "price": "13.74",
            "revenue": 80238
        },
        "2010-03": {
            "month": "2010-03",
            "price": "14.89",
            "revenue": 102344
        },
        "2010-04": {
            "month": "2010-04",
            "price": "15.70",
            "revenue": 108903
        },
        "2010-05": {
            "month": "2010-05",
            "price": "14.22",
            "revenue": 108365
        },
        "2010-06": {
            "month": "2010-06",
            "price": "14.42",
            "revenue": 146635
        },
        "2010-07": {
            "month": "2010-07",
            "price": "14.30",
            "revenue": 134408
        },
        "2010-08": {
            "month": "2010-08",
            "price": "14.73",
            "revenue": 150605
        },
        "2010-09": {
            "month": "2010-09",
            "price": "14.52",
            "revenue": 171296
        },
        "2010-10": {
            "month": "2010-10",
            "price": "15.99",
            "revenue": 147018
        },
        "2010-11": {
            "month": "2010-11",
            "price": "15.65",
            "revenue": 126368
        },
        "2010-12": {
            "month": "2010-12",
            "price": "16.06",
            "revenue": 114851
        },
        "2011-01": {
            "month": "2011-01",
            "price": "15.82",
            "revenue": 90740
        },
        "2011-02": {
            "month": "2011-02",
            "price": "15.86",
            "revenue": 80488
        },
        "2011-03": {
            "month": "2011-03",
            "price": "15.84",
            "revenue": 95741
        },
        "2011-04": {
            "month": "2011-04",
            "price": "16.40",
            "revenue": 94142
        },
        "2011-05": {
            "month": "2011-05",
            "price": "16.11",
            "revenue": 107009
        },
        "2011-06": {
            "month": "2011-06",
            "price": "15.89",
            "revenue": 121936
        },
        "2011-07": {
            "month": "2011-07",
            "price": "15.37",
            "revenue": 104103
        },
        "2011-08": {
            "month": "2011-08",
            "price": "13.29",
            "revenue": 124676
        },
        "2011-09": {
            "month": "2011-09",
            "price": "12.58",
            "revenue": 144964
        },
        "2011-10": {
            "month": "2011-10",
            "price": "11.87",
            "revenue": 137453
        },
        "2011-11": {
            "month": "2011-11",
            "price": "10.29",
            "revenue": 135516
        },
        "2011-12": {
            "month": "2011-12",
            "price": "9.42",
            "revenue": 109890
        },
        "2012-01": {
            "month": "2012-01",
            "price": "9.82",
            "revenue": 93776
        },
        "2012-02": {
            "month": "2012-02",
            "price": "10.84",
            "revenue": 95379
        },
        "2012-03": {
            "month": "2012-03",
            "price": "10.87",
            "revenue": 98666
        },
        "2012-04": {
            "month": "2012-04",
            "price": "10.07",
            "revenue": 105461
        },
        "2012-05": {
            "month": "2012-05",
            "price": "9.99",
            "revenue": 117254
        },
        "2012-06": {
            "month": "2012-06",
            "price": "10.04",
            "revenue": 162694
        },
        "2012-07": {
            "month": "2012-07",
            "price": "9.55",
            "revenue": 94813
        },
        "2012-08": {
            "month": "2012-08",
            "price": "9.25",
            "revenue": 99146
        },
        "2012-09": {
            "month": "2012-09",
            "price": "9.57",
            "revenue": 152176
        },
        "2012-10": {
            "month": "2012-10",
            "price": "9.45",
            "revenue": 164516
        },
        "2012-11": {
            "month": "2012-11",
            "price": "9.30",
            "revenue": 181514
        },
        "2012-12": {
            "month": "2012-12",
            "price": "9.86",
            "revenue": 187262
        },
        "2013-01": {
            "month": "2013-01",
            "price": "10.96",
            "revenue": 131205
        },
        "2013-02": {
            "month": "2013-02",
            "price": "10.91",
            "revenue": 103900
        },
        "2013-03": {
            "month": "2013-03",
            "price": "11.43",
            "revenue": 139312
        },
        "2013-04": {
            "month": "2013-04",
            "price": "12.66",
            "revenue": 161751
        },
        "2013-05": {
            "month": "2013-05",
            "price": "14.86",
            "revenue": 199603
        },
        "2013-06": {
            "month": "2013-06",
            "price": "17.72",
            "revenue": 190675
        },
        "2013-07": {
            "month": "2013-07",
            "price": "19.51",
            "revenue": 199356
        },
        "2013-08": {
            "month": "2013-08",
            "price": "27.96",
            "revenue": 210965
        },
        "2013-09": {
            "month": "2013-09",
            "price": "30.65",
            "revenue": 249758
        },
        "2013-10": {
            "month": "2013-10",
            "price": "30.52",
            "revenue": 274954
        },
        "2013-11": {
            "month": "2013-11",
            "price": "28.61",
            "revenue": 267015
        },
        "2013-12": {
            "month": "2013-12",
            "price": "29.46",
            "revenue": 244275
        },
        "2014-01": {
            "month": "2014-01",
            "price": "34.05",
            "revenue": 159822
        },
        "2014-02": {
            "month": "2014-02",
            "price": "33.14",
            "revenue": 123639
        },
        "2014-03": {
            "month": "2014-03",
            "price": "35.81",
            "revenue": 152343
        },
        "2014-04": {
            "month": "2014-04",
            "price": "34.29",
            "revenue": 185683
        },
        "2014-05": {
            "month": "2014-05",
            "price": "31.37",
            "revenue": 161568
        },
        "2014-06": {
            "month": "2014-06",
            "price": "29.63",
            "revenue": 149590
        },
        "2014-07": {
            "month": "2014-07",
            "price": "27.73",
            "revenue": 134452
        },
        "2014-08": {
            "month": "2014-08",
            "price": "22.76",
            "revenue": 123789
        },
        "2014-09": {
            "month": "2014-09",
            "price": "22.55",
            "revenue": 217649
        },
        "2014-10": {
            "month": "2014-10",
            "price": "21.70",
            "revenue": 183468
        },
        "2014-11": {
            "month": "2014-11",
            "price": "18.92",
            "revenue": 212432
        },
        "2014-12": {
            "month": "2014-12",
            "price": "20.44",
            "revenue": 212695
        },
        "2015-01": {
            "month": "2015-01",
            "price": "21.42",
            "revenue": 190254
        },
        "2015-02": {
            "month": "2015-02",
            "price": "20.92",
            "revenue": 143453
        },
        "2015-03": {
            "month": "2015-03",
            "price": "23.56",
            "revenue": 153716
        },
        "2015-04": {
            "month": "2015-04",
            "price": "23.88",
            "revenue": 155679
        },
        "2015-05": {
            "month": "2015-05",
            "price": "21.89",
            "revenue": 191188
        },
        "2015-06": {
            "month": "2015-06",
            "price": "26.20",
            "revenue": 187045
        },
        "2015-07": {
            "month": "2015-07",
            "price": "26.65",
            "revenue": 206444
        },
        "2015-08": {
            "month": "2015-08",
            "price": "27.98",
            "revenue": 213557
        },
        "2015-09": {
            "month": "2015-09",
            "price": "29.64",
            "revenue": 237633
        },
        "2015-10": {
            "month": "2015-10",
            "price": "30.69",
            "revenue": 264793
        },
        "2015-11": {
            "month": "2015-11",
            "price": "28.46",
            "revenue": 214800
        },
        "2015-12": {
            "month": "2015-12",
            "price": "24.78",
            "revenue": 244745
        },
        "2016-01": {
            "month": "2016-01",
            "price": "25.70",
            "revenue": 248742
        },
        "2016-02": {
            "month": "2016-02",
            "price": "28.62",
            "revenue": 173889
        },
        "2016-03": {
            "month": "2016-03",
            "price": "34.09",
            "revenue": 244064
        },
        "2016-04": {
            "month": "2016-04",
            "price": "41.23",
            "revenue": 254428
        },
        "2016-05": {
            "month": "2016-05",
            "price": "45.75",
            "revenue": 268875
        },
        "2016-06": {
            "month": "2016-06",
            "price": "51.14",
            "revenue": 288771
        },
        "2016-07": {
            "month": "2016-07",
            "price": "54.22",
            "revenue": 297360
        },
        "2016-08": {
            "month": "2016-08",
            "price": "54.10",
            "revenue": 327742
        },
        "2016-09": {
            "month": "2016-09",
            "price": "54.82",
            "revenue": 337001
        },
        "2016-10": {
            "month": "2016-10",
            "price": "47.84",
            "revenue": 306024
        },
        "2016-11": {
            "month": "2016-11",
            "price": "43.64",
            "revenue": 264560
        },
        "2016-12": {
            "month": "2016-12",
            "price": "43.24",
            "revenue": 229690
        },
        "2017-01": {
            "month": "2017-01",
            "price": "42.29",
            "revenue": 203131
        },
        "2017-02": {
            "month": "2017-02",
            "price": "43.73",
            "revenue": 136233
        },
        "2017-03": {
            "month": "2017-03",
            "price": "45.00",
            "revenue": 180342
        },
        "2017-04": {
            "month": "2017-04",
            "price": "46.01",
            "revenue": 163722
        },
        "2017-05": {
            "month": "2017-05",
            "price": "42.64",
            "revenue": 154949
        },
        "2017-06": {
            "month": "2017-06",
            "price": "40.21",
            "revenue": 170087
        },
        "2017-07": {
            "month": "2017-07",
            "price": "39.16",
            "revenue": 191511
        },
        "2017-08": {
            "month": "2017-08",
            "price": "37.62",
            "revenue": 199377
        },
        "2017-09": {
            "month": "2017-09",
            "price": "36.38",
            "revenue": 213369
        },
        "2017-10": {
            "month": "2017-10",
            "price": "31.48",
            "revenue": 192724
        },
        "2017-11": {
            "month": "2017-11",
            "price": "31.07",
            "revenue": 152237
        },
        "2017-12": {
            "month": "2017-12",
            "price": "29.28",
            "revenue": 182742
        },
        "2018-01": {
            "month": "2018-01",
            "price": "29.40",
            "revenue": 142035
        },
        "2018-02": {
            "month": "2018-02",
            "price": "26.55",
            "revenue": 128987
        },
        "2018-03": {
            "month": "2018-03",
            "price": "27.46",
            "revenue": 138276
        },
        "2018-04": {
            "month": "2018-04",
            "price": "26.26",
            "revenue": 163295
        },
        "2018-05": {
            "month": "2018-05",
            "price": "26.00",
            "revenue": 189947
        },
        "2018-06": {
            "month": "2018-06",
            "price": "29.86",
            "revenue": 213717
        },
        "2018-07": {
            "month": "2018-07",
            "price": "34.00",
            "revenue": 243388
        },
        "2018-08": {
            "month": "2018-08",
            "price": "35.00",
            "revenue": 271139
        },
        "2018-09": {
            "month": "2018-09",
            "price": "34.43",
            "revenue": 334081
        },
        "2018-10": {
            "month": "2018-10",
            "price": "31.71",
            "revenue": 265413
        },
        "2018-11": {
            "month": "2018-11",
            "price": "30.75",
            "revenue": 249577
        },
        "2018-12": {
            "month": "2018-12",
            "price": "30.00",
            "revenue": 292566
        },
        "2019-01": {
            "month": "2019-01",
            "price": "34.86",
            "revenue": 208715
        },
        "2019-02": {
            "month": "2019-02",
            "price": "35.59",
            "revenue": 127176
        },
        "2019-03": {
            "month": "2019-03",
            "price": "39.96",
            "revenue": 187955
        },
        "2019-04": {
            "month": "2019-04",
            "price": "39.12",
            "revenue": 225377
        },
        "2019-05": {
            "month": "2019-05",
            "price": "37.83",
            "revenue": 209455
        },
        "2019-06": {
            "month": "2019-06",
            "price": "37.01",
            "revenue": 205619
        },
        "2019-07": {
            "month": "2019-07",
            "price": "38.02",
            "revenue": 262326
        },
        "2019-08": {
            "month": "2019-08",
            "price": "37.60",
            "revenue": 262143
        },
        "2019-09": {
            "month": "2019-09",
            "price": "38.03",
            "revenue": 286053
        },
        "2019-10": {
            "month": "2019-10",
            "price": "33.46",
            "revenue": 211141
        },
        "2019-11": {
            "month": "2019-11",
            "price": "34.22",
            "revenue": 173924
        },
        "2019-12": {
            "month": "2019-12",
            "price": "33.73",
            "revenue": 177886
        },
        "2020-01": {
            "month": "2020-01",
            "price": "32.88",
            "revenue": 96225
        },
        "2020-02": {
            "month": "2020-02",
            "price": "30.42",
            "revenue": 52164
        },
        "2020-03": {
            "month": "2020-03",
            "price": "27.63",
            "revenue": 46321
        },
        "2020-04": {
            "month": "2020-04",
            "price": "27.37",
            "revenue": 99767
        },
        "2020-05": {
            "month": "2020-05",
            "price": "28.34",
            "revenue": 136285
        },
        "2020-06": {
            "month": "2020-06",
            "price": "28.86",
            "revenue": 179960
        },
        "2020-07": {
            "month": "2020-07",
            "price": "29.02",
            "revenue": 171957
        },
        "2020-08": {
            "month": "2020-08",
            "price": "30.85",
            "revenue": 232182
        },
        "2020-09": {
            "month": "2020-09",
            "price": "31.04",
            "revenue": 232485
        },
        "2020-10": {
            "month": "2020-10",
            "price": "28.64",
            "revenue": 189706
        },
        "2020-11": {
            "month": "2020-11",
            "price": "29.08",
            "revenue": 265320
        },
        "2020-12": {
            "month": "2020-12",
            "price": "30.41",
            "revenue": 235364
        },
        "2021-01": {
            "month": "2021-01",
            "price": "30.11",
            "revenue": 172582
        },
        "2021-02": {
            "month": "2021-02",
            "price": "30.20",
            "revenue": 171612
        },
        "2021-03": {
            "month": "2021-03",
            "price": "31.89",
            "revenue": 161202
        },
        "2021-04": {
            "month": "2021-04",
            "price": "34.23",
            "revenue": 208052
        },
        "2021-05": {
            "month": "2021-05",
            "price": "30.05",
            "revenue": 215815
        },
        "2021-06": {
            "month": "2021-06",
            "price": "30.06",
            "revenue": 231315
        },
        "2021-07": {
            "month": "2021-07",
            "price": "30.76",
            "revenue": 160770
        },
        "2021-08": {
            "month": "2021-08",
            "price": "29.39",
            "revenue": 202777
        },
        "2021-09": {
            "month": "2021-09",
            "price": "28.83",
            "revenue": 241525
        },
        "2021-10": {
            "month": "2021-10",
            "price": "27.18",
            "revenue": 230949
        },
        "2021-11": {
            "month": "2021-11",
            "price": "27.56",
            "revenue": 217087
        },
        "2021-12": {
            "month": "2021-12",
            "price": "27.21",
            "revenue": 271961
        },
        "2022-01": {
            "month": "2022-01",
            "price": "27.80",
            "revenue": 195660
        },
        "2022-02": {
            "month": "2022-02",
            "price": "27.53",
            "revenue": 127655
        },
        "2022-03": {
            "month": "2022-03",
            "price": "26.82",
            "revenue": 165129
        },
        "2022-04": {
            "month": "2022-04",
            "price": "26.34",
            "revenue": 279502
        },
        "2022-05": {
            "month": "2022-05",
            "price": "25.73",
            "revenue": 278653
        },
        "2022-06": {
            "month": "2022-06",
            "price": "27.42",
            "revenue": 324199
        },
        "2022-07": {
            "month": "2022-07",
            "price": "27.55",
            "revenue": 339607
        },
        "2022-08": {
            "month": "2022-08",
            "price": "30.12",
            "revenue": 338510
        },
        "2022-09": {
            "month": "2022-09",
            "price": "30.22",
            "revenue": 341676
        },
        "2022-10": {
            "month": "2022-10",
            "price": "28.13",
            "revenue": 232706
        },
        "2022-11": {
            "month": "2022-11",
            "price": "29.34",
            "revenue": 238103
        },
        "2022-12": {
            "month": "2022-12",
            "price": "29.05",
            "revenue": 223791
        },
        "2023-01": {
            "month": "2023-01",
            "price": "28.93",
            "revenue": 137861
        },
        "2023-02": {
            "month": "2023-02",
            "price": "29.36",
            "revenue": 75036
        },
        "2023-03": {
            "month": "2023-03",
            "price": "31.12",
            "revenue": 94660
        },
        "2023-04": {
            "month": "2023-04",
            "price": "30.73",
            "revenue": 167406
        },
        "2023-05": {
            "month": "2023-05",
            "price": "31.00",
            "revenue": 193449
        },
        "2023-06": {
            "month": "2023-06",
            "price": "32.42",
            "revenue": 290266
        },
        "2023-07": {
            "month": "2023-07",
            "price": "33.79",
            "revenue": 243651
        },
        "2023-08": {
            "month": "2023-08",
            "price": "36.66",
            "revenue": 272959
        },
        "2023-09": {
            "month": "2023-09",
            "price": "36.90",
            "revenue": 349975
        },
        "2023-10": {
            "month": "2023-10",
            "price": "38.29",
            "revenue": 219171
        },
        "2023-11": {
            "month": "2023-11",
            "price": "39.89",
            "revenue": 196548
        },
        "2023-12": {
            "month": "2023-12",
            "price": "40.26",
            "revenue": 220972
        }
    }
}
