{
    "summary": {
        "stock_name": "瑞軒",
        "stock_id": "2489",
        "category": "光電",
        "main_business": "TFT-LCD液晶顯示器之設計、製造與銷售<br>LCD TV之設計、製造與銷售",
        "website_url": "http://www.amtran.com.tw",
        "ceo": "吳旭軒",
        "pe_ratio": -164,
        "report_year_from": 2001,
        "report_year_to": 2023,
        "age": 23,
        "eps_negative_percentage": 13,
        "eps_growth_avg": {
            "last_all": -12.22,
            "last_2y": 0,
            "last_4y": 1.32,
            "last_8y": 0.08,
            "last_12y": -5.67,
            "last_16y": 1.1,
            "last_20y": -11.32,
            "at_2006_last_3y": -73.41,
            "at_2007_last_3y": -38.41,
            "at_2008_last_3y": -30.35,
            "at_2009_last_3y": 31.56,
            "at_2010_last_3y": 19.74,
            "at_2011_last_3y": -7.24,
            "at_2012_last_3y": 17.67,
            "at_2013_last_3y": -12.71,
            "at_2014_last_3y": -15.74,
            "at_2015_last_3y": 19.71,
            "at_2016_last_3y": 7.92,
            "at_2017_last_3y": -8.14,
            "at_2018_last_3y": -1.56,
            "at_2019_last_3y": -66.48,
            "at_2020_last_3y": -31.58,
            "at_2021_last_3y": 35.09,
            "at_2022_last_3y": 1.32,
            "at_2023_last_3y": 33.33,
            "at_2024_last_3y": 33.33,
            "at_2006_last_all": -62.2,
            "at_2007_last_all": -36.54,
            "at_2008_last_all": -39.97,
            "at_2009_last_all": -22.02,
            "at_2010_last_all": -21.23,
            "at_2011_last_all": -23.52,
            "at_2012_last_all": -16.92,
            "at_2013_last_all": -18.63,
            "at_2014_last_all": -19.4,
            "at_2015_last_all": -10.21,
            "at_2016_last_all": -9.82,
            "at_2017_last_all": -15.83,
            "at_2018_last_all": -15.83,
            "at_2019_last_all": -20.76,
            "at_2020_last_all": -13.66,
            "at_2021_last_all": -7.35,
            "at_2022_last_all": -12.22,
            "at_2023_last_all": -12.22,
            "at_2024_last_all": -12.22
        },
        "latest_eps": -0.09,
        "latest_price": 14.8,
        "latest_roe": -0.66,
        "latest_gross_margin": 10.12,
        "latest_equity": 13595788,
        "latest_revenue": 4953528,
        "latest_gross_profit": 501229,
        "latest_net_income": 49294,
        "latest_debt_ratio": 35.71,
        "latest_current_ratio": 237.84,
        "latest_account_receivable_turnover_ratio": 1.34,
        "latest_inventory_turnover_ratio": 1.62,
        "latest_reinvestment_rate": -12.58,
        "latest_research_to_sale_ratio": 3.53
    },
    "eps_dividends": {
        "1998": {
            "cash": 0,
            "stock": 2.2,
            "eps": 0
        },
        "1999": {
            "cash": 0,
            "stock": 5,
            "eps": 0
        },
        "2000": {
            "cash": 0,
            "stock": 3,
            "eps": 0
        },
        "2001": {
            "cash": 1,
            "stock": 2,
            "eps": 4.17
        },
        "2002": {
            "cash": 0.6,
            "stock": 3,
            "eps": 2.98
        },
        "2003": {
            "cash": 0.8,
            "stock": 1.8,
            "eps": 1.82
        },
        "2004": {
            "cash": 1.03,
            "stock": 1.03,
            "eps": 0.34
        },
        "2005": {
            "cash": 0.55,
            "stock": 0.1,
            "eps": -0.64
        },
        "2006": {
            "cash": 0,
            "stock": 0,
            "eps": 2.36
        },
        "2007": {
            "cash": 0.72,
            "stock": 0.72,
            "eps": 3.92
        },
        "2008": {
            "cash": 0.75,
            "stock": 1.75,
            "eps": 1.68
        },
        "2009": {
            "cash": 0.8,
            "stock": 0.6,
            "eps": 3.12
        },
        "2010": {
            "cash": 1.98,
            "stock": 0.49,
            "eps": 2.63
        },
        "2011": {
            "cash": 3.98,
            "stock": 0.26,
            "eps": 1.53
        },
        "2012": {
            "cash": 0,
            "stock": 0,
            "eps": 2.18
        },
        "2013": {
            "cash": 2.5,
            "stock": 0,
            "eps": 1.4
        },
        "2014": {
            "cash": 2.22,
            "stock": 0,
            "eps": 1.01
        },
        "2015": {
            "cash": 1.6,
            "stock": 0,
            "eps": 2.13
        },
        "2016": {
            "cash": 1.8,
            "stock": 0,
            "eps": 2.03
        },
        "2017": {
            "cash": 1.7,
            "stock": 0,
            "eps": -1.1
        },
        "2018": {
            "cash": 0,
            "stock": 0,
            "eps": 0.19
        },
        "2019": {
            "cash": 0,
            "stock": 0,
            "eps": 0.01
        },
        "2020": {
            "cash": 0,
            "stock": 0,
            "eps": 0.69
        },
        "2021": {
            "cash": 0.13,
            "stock": 0,
            "eps": 6.16
        },
        "2022": {
            "cash": 0.75,
            "stock": 0.5,
            "eps": -3.67
        },
        "2023": {
            "cash": 0,
            "stock": 0,
            "eps": 0.43
        }
    },
    "dividends": {
        "1998-06-18": {
            "cash": 0,
            "stock": 2.2
        },
        "1999-05-10": {
            "cash": 0,
            "stock": 5
        },
        "2000-05-15": {
            "cash": 0,
            "stock": 3
        },
        "2001-05-15": {
            "cash": 1,
            "stock": 2
        },
        "2002-05-07": {
            "cash": 0.6,
            "stock": 3
        },
        "2003-03-25": {
            "cash": 0.8,
            "stock": 1.8
        },
        "2004-03-18": {
            "cash": 1.03,
            "stock": 1.03
        },
        "2005-04-26": {
            "cash": 0.55,
            "stock": 0.1
        },
        "2007-03-19": {
            "cash": 0.72,
            "stock": 0.72
        },
        "2008-03-14": {
            "cash": 0.75,
            "stock": 1.75
        },
        "2009-03-16": {
            "cash": 0.8,
            "stock": 0.6
        },
        "2010-03-10": {
            "cash": 1.98,
            "stock": 0.49
        },
        "2011-01-01": {
            "cash": 2,
            "stock": 0
        },
        "2011-04-20": {
            "cash": 1.98,
            "stock": 0.26
        },
        "2013-03-12": {
            "cash": 2.5,
            "stock": 0
        },
        "2014-09-02": {
            "cash": 2.22,
            "stock": 0
        },
        "2015-09-01": {
            "cash": 1.6,
            "stock": 0
        },
        "2016-08-10": {
            "cash": 1.8,
            "stock": 0
        },
        "2017-09-22": {
            "cash": 1.7,
            "stock": 0
        },
        "2021-12-17": {
            "cash": 0.13,
            "stock": 0
        },
        "2022-10-07": {
            "cash": 0.75,
            "stock": 0.5
        }
    },
    "prices": {
        "200101": "無",
        "200102": "無",
        "200103": "無",
        "200104": "無",
        "200105": "無",
        "200106": "無",
        "200107": "無",
        "200108": "無",
        "200109": "25.71",
        "200110": "27.94",
        "200111": "36.04",
        "200112": "56.31",
        "200201": "72.80",
        "200202": "80.75",
        "200203": "75.71",
        "200204": "69.33",
        "200205": "62.45",
        "200206": "59.38",
        "200207": "56.36",
        "200208": "53.18",
        "200209": "40.67",
        "200210": "34.63",
        "200211": "42.79",
        "200212": "39.38",
        "200301": "38.85",
        "200302": "33.92",
        "200303": "32.19",
        "200304": "30.89",
        "200305": "28.85",
        "200306": "34.56",
        "200307": "39.96",
        "200308": "37.42",
        "200309": "33.31",
        "200310": "31.58",
        "200311": "30.01",
        "200312": "28.47",
        "200401": "28.75",
        "200402": "31.10",
        "200403": "31.47",
        "200404": "32.39",
        "200405": "28.45",
        "200406": "25.08",
        "200407": "20.30",
        "200408": "19.62",
        "200409": "18.51",
        "200410": "16.04",
        "200411": "13.45",
        "200412": "14.05",
        "200501": "14.27",
        "200502": "15.66",
        "200503": "17.55",
        "200504": "16.26",
        "200505": "14.86",
        "200506": "16.18",
        "200507": "16.22",
        "200508": "14.09",
        "200509": "11.78",
        "200510": "10.09",
        "200511": "10.03",
        "200512": "12.31",
        "200601": "14.67",
        "200602": "18.02",
        "200603": "20.66",
        "200604": "26.61",
        "200605": "28.10",
        "200606": "24.00",
        "200607": "22.14",
        "200608": "22.06",
        "200609": "20.78",
        "200610": "21.21",
        "200611": "22.99",
        "200612": "25.22",
        "200701": "27.85",
        "200702": "27.11",
        "200703": "28.09",
        "200704": "30.64",
        "200705": "31.87",
        "200706": "39.02",
        "200707": "48.84",
        "200708": "51.62",
        "200709": "50.23",
        "200710": "48.21",
        "200711": "40.18",
        "200712": "36.63",
        "200801": "29.95",
        "200802": "25.52",
        "200803": "27.59",
        "200804": "30.01",
        "200805": "28.95",
        "200806": "24.44",
        "200807": "20.56",
        "200808": "20.57",
        "200809": "15.07",
        "200810": "10.71",
        "200811": "8.34",
        "200812": "10.01",
        "200901": "10.30",
        "200902": "11.04",
        "200903": "12.90",
        "200904": "14.51",
        "200905": "18.83",
        "200906": "19.18",
        "200907": "21.33",
        "200908": "21.72",
        "200909": "27.58",
        "200910": "31.50",
        "200911": "32.90",
        "200912": "35.85",
        "201001": "35.90",
        "201002": "30.31",
        "201003": "34.65",
        "201004": "35.79",
        "201005": "30.72",
        "201006": "30.97",
        "201007": "30.00",
        "201008": "28.38",
        "201009": "26.53",
        "201010": "26.01",
        "201011": "25.74",
        "201012": "27.77",
        "201101": "27.46",
        "201102": "25.89",
        "201103": "25.15",
        "201104": "24.97",
        "201105": "24.83",
        "201106": "24.77",
        "201107": "23.58",
        "201108": "19.02",
        "201109": "16.35",
        "201110": "17.53",
        "201111": "17.40",
        "201112": "16.15",
        "201201": "16.53",
        "201202": "21.27",
        "201203": "23.88",
        "201204": "22.28",
        "201205": "23.19",
        "201206": "23.42",
        "201207": "23.56",
        "201208": "22.54",
        "201209": "23.54",
        "201210": "24.01",
        "201211": "23.99",
        "201212": "23.24",
        "201301": "21.62",
        "201302": "20.93",
        "201303": "22.68",
        "201304": "24.14",
        "201305": "24.42",
        "201306": "24.24",
        "201307": "24.08",
        "201308": "19.69",
        "201309": "19.72",
        "201310": "19.50",
        "201311": "18.30",
        "201312": "19.53",
        "201401": "20.03",
        "201402": "19.08",
        "201403": "18.95",
        "201404": "20.91",
        "201405": "21.40",
        "201406": "22.36",
        "201407": "22.23",
        "201408": "20.05",
        "201409": "18.89",
        "201410": "17.62",
        "201411": "17.06",
        "201412": "16.66",
        "201501": "17.60",
        "201502": "17.60",
        "201503": "17.58",
        "201504": "17.34",
        "201505": "17.31",
        "201506": "17.19",
        "201507": "17.40",
        "201508": "14.61",
        "201509": "15.48",
        "201510": "16.19",
        "201511": "16.07",
        "201512": "15.60",
        "201601": "15.48",
        "201602": "15.61",
        "201603": "17.55",
        "201604": "19.70",
        "201605": "19.76",
        "201606": "20.00",
        "201607": "21.65",
        "201608": "22.97",
        "201609": "23.80",
        "201610": "24.55",
        "201611": "22.70",
        "201612": "22.00",
        "201701": "22.42",
        "201702": "22.79",
        "201703": "22.83",
        "201704": "21.76",
        "201705": "20.92",
        "201706": "20.72",
        "201707": "20.32",
        "201708": "18.58",
        "201709": "16.43",
        "201710": "15.79",
        "201711": "15.88",
        "201712": "16.39",
        "201801": "16.77",
        "201802": "16.91",
        "201803": "16.02",
        "201804": "13.24",
        "201805": "12.88",
        "201806": "13.94",
        "201807": "13.12",
        "201808": "12.80",
        "201809": "12.94",
        "201810": "12.14",
        "201811": "11.97",
        "201812": "11.71",
        "201901": "11.57",
        "201902": "12.13",
        "201903": "12.22",
        "201904": "12.02",
        "201905": "11.22",
        "201906": "10.73",
        "201907": "11.29",
        "201908": "10.85",
        "201909": "11.23",
        "201910": "11.35",
        "201911": "10.80",
        "201912": "10.70",
        "202001": "10.69",
        "202002": "9.72",
        "202003": "7.49",
        "202004": "7.13",
        "202005": "7.30",
        "202006": "7.76",
        "202007": "9.03",
        "202008": "10.25",
        "202009": "10.38",
        "202010": "10.51",
        "202011": "10.94",
        "202012": "12.22",
        "202101": "11.62",
        "202102": "11.36",
        "202103": "15.05",
        "202104": "18.94",
        "202105": "17.24",
        "202106": "17.35",
        "202107": "17.85",
        "202108": "17.31",
        "202109": "17.24",
        "202110": "17.46",
        "202111": "18.53",
        "202112": "17.60",
        "202201": "17.00",
        "202202": "16.61",
        "202203": "15.97",
        "202204": "15.85",
        "202205": "12.87",
        "202206": "13.18",
        "202207": "12.04",
        "202208": "12.53",
        "202209": "10.39",
        "202210": "9.38",
        "202211": "9.89",
        "202212": "9.92",
        "202301": "9.93",
        "202302": "10.30",
        "202303": "10.39",
        "202304": "10.46",
        "202305": "12.54",
        "202306": "14.49",
        "202307": "14.21",
        "202308": "12.53",
        "202309": "12.45",
        "202310": "11.79",
        "202311": "11.76",
        "202312": "12.85"
    },
    "quarters": {
        "20011": {
            "year_quarter": 20011,
            "year": 2001,
            "quarter": 1,
            "eps": 0.67,
            "eps_growth_year": 67.5,
            "eps_4q": 3.44,
            "eps_4q_growth_year": 61.17,
            "roe": 2.71,
            "roe_4q": 2.71,
            "gross_profit": 151386,
            "gross_margin": 7.82,
            "gross_margin_4q_avg": 7.82,
            "net_income": 108305,
            "net_income_4q": null,
            "revenue": 1936126,
            "revenue_4q": null,
            "common_shares": 1622000,
            "book_valuer_per_share": 25,
            "book_valuer_per_share_4q_avg": 25,
            "equity": 4054598,
            "current_ratio": 307.71,
            "debt_ratio": 22.18,
            "inventory_turnover_ratio": 3.27,
            "account_receivable_turnover_ratio": null,
            "reinvestment_rate": null,
            "research_to_sale_ratio": null,
            "price_fair": 0,
            "eps_avg_yearly": 0,
            "eps_latest_yearly": 0,
            "eps_growth_yearly": 0
        },
        "20012": {
            "year_quarter": 20012,
            "year": 2001,
            "quarter": 2,
            "eps": 1.24,
            "eps_growth_year": 53.09,
            "eps_4q": 3.5,
            "eps_4q_growth_year": 79.03,
            "roe": 6.01,
            "roe_4q": 8.719999999999999,
            "gross_profit": 232600,
            "gross_margin": 9.07,
            "gross_margin_4q_avg": 8.45,
            "net_income": 246001,
            "net_income_4q": null,
            "revenue": 2565351,
            "revenue_4q": null,
            "common_shares": 1622000,
            "book_valuer_per_share": 25.46,
            "book_valuer_per_share_4q_avg": 25.23,
            "equity": 4130072,
            "current_ratio": 280.57,
            "debt_ratio": 45.43,
            "inventory_turnover_ratio": 4.25,
            "account_receivable_turnover_ratio": null,
            "reinvestment_rate": null,
            "research_to_sale_ratio": null,
            "price_fair": 0,
            "eps_avg_yearly": 0,
            "eps_latest_yearly": 0,
            "eps_growth_yearly": 0
        },
        "20013": {
            "year_quarter": 20013,
            "year": 2001,
            "quarter": 3,
            "eps": 0.65,
            "eps_growth_year": -51.85,
            "eps_4q": 3.2,
            "eps_4q_growth_year": 10.51,
            "roe": 3.1,
            "roe_4q": 11.82,
            "gross_profit": 181652,
            "gross_margin": 8.29,
            "gross_margin_4q_avg": 8.39,
            "net_income": 130301,
            "net_income_4q": null,
            "revenue": 2191919,
            "revenue_4q": null,
            "common_shares": 1996235,
            "book_valuer_per_share": 21.44,
            "book_valuer_per_share_4q_avg": 23.97,
            "equity": 4280409,
            "current_ratio": 282.36,
            "debt_ratio": 44.59,
            "inventory_turnover_ratio": 3.39,
            "account_receivable_turnover_ratio": null,
            "reinvestment_rate": null,
            "research_to_sale_ratio": null,
            "price_fair": 0,
            "eps_avg_yearly": 0,
            "eps_latest_yearly": 0,
            "eps_growth_yearly": 0
        },
        "20014": {
            "year_quarter": 20014,
            "year": 2001,
            "quarter": 4,
            "eps": 1.61,
            "eps_growth_year": 47.71,
            "eps_4q": 4.04,
            "eps_4q_growth_year": 18.83,
            "roe": 6.8,
            "roe_4q": 18.62,
            "gross_profit": 382845,
            "gross_margin": 9.64,
            "gross_margin_4q_avg": 8.71,
            "net_income": 320491,
            "net_income_4q": null,
            "revenue": 3971559,
            "revenue_4q": null,
            "common_shares": 2154513,
            "book_valuer_per_share": 23.9,
            "book_valuer_per_share_4q_avg": 23.95,
            "equity": 5148943,
            "current_ratio": 244.41,
            "debt_ratio": 41.43,
            "inventory_turnover_ratio": 4.71,
            "account_receivable_turnover_ratio": null,
            "reinvestment_rate": null,
            "research_to_sale_ratio": null,
            "price_fair": 0,
            "eps_avg_yearly": 0,
            "eps_latest_yearly": 0,
            "eps_growth_yearly": 0
        },
        "20021": {
            "year_quarter": 20021,
            "year": 2002,
            "quarter": 1,
            "eps": 1.2,
            "eps_growth_year": 79.1,
            "eps_4q": 4.41,
            "eps_4q_growth_year": 28.07,
            "roe": 4.73,
            "roe_4q": 20.64,
            "gross_profit": 330542,
            "gross_margin": 9.79,
            "gross_margin_4q_avg": 9.2,
            "net_income": 260810,
            "net_income_4q": null,
            "revenue": 3378008,
            "revenue_4q": null,
            "common_shares": 2287241,
            "book_valuer_per_share": 25.68,
            "book_valuer_per_share_4q_avg": 24.12,
            "equity": 5874393,
            "current_ratio": 279.68,
            "debt_ratio": 31.87,
            "inventory_turnover_ratio": 3.83,
            "account_receivable_turnover_ratio": null,
            "reinvestment_rate": null,
            "research_to_sale_ratio": null,
            "price_fair": 14.4,
            "eps_avg_yearly": 4.8,
            "eps_latest_yearly": 4.8,
            "eps_growth_yearly": -101.86
        },
        "20022": {
            "year_quarter": 20022,
            "year": 2002,
            "quarter": 2,
            "eps": 0.73,
            "eps_growth_year": -41.13,
            "eps_4q": 3.96,
            "eps_4q_growth_year": 12.93,
            "roe": 2.74,
            "roe_4q": 17.37,
            "gross_profit": 243744,
            "gross_margin": 7.44,
            "gross_margin_4q_avg": 8.79,
            "net_income": 160989,
            "net_income_4q": null,
            "revenue": 3275728,
            "revenue_4q": null,
            "common_shares": 2287241,
            "book_valuer_per_share": 25.7,
            "book_valuer_per_share_4q_avg": 24.18,
            "equity": 5878924,
            "current_ratio": 408.25,
            "debt_ratio": 49.53,
            "inventory_turnover_ratio": 3.8,
            "account_receivable_turnover_ratio": null,
            "reinvestment_rate": null,
            "research_to_sale_ratio": null,
            "price_fair": 11.58,
            "eps_avg_yearly": 3.86,
            "eps_latest_yearly": 2.92,
            "eps_growth_yearly": -129.27
        },
        "20023": {
            "year_quarter": 20023,
            "year": 2002,
            "quarter": 3,
            "eps": 0.47,
            "eps_growth_year": -27.69,
            "eps_4q": 2.91,
            "eps_4q_growth_year": -8.97,
            "roe": 2.34,
            "roe_4q": 16.61,
            "gross_profit": 176985,
            "gross_margin": 5.63,
            "gross_margin_4q_avg": 8.13,
            "net_income": 142986,
            "net_income_4q": null,
            "revenue": 3144137,
            "revenue_4q": null,
            "common_shares": 3154215,
            "book_valuer_per_share": 20.03,
            "book_valuer_per_share_4q_avg": 23.83,
            "equity": 6316857,
            "current_ratio": 445.21,
            "debt_ratio": 45.71,
            "inventory_turnover_ratio": 3.94,
            "account_receivable_turnover_ratio": null,
            "reinvestment_rate": null,
            "research_to_sale_ratio": null,
            "price_fair": 9.6,
            "eps_avg_yearly": 3.2,
            "eps_latest_yearly": 1.88,
            "eps_growth_yearly": -133.67
        },
        "20024": {
            "year_quarter": 20024,
            "year": 2002,
            "quarter": 4,
            "eps": 0.58,
            "eps_growth_year": -63.98,
            "eps_4q": 2.44,
            "eps_4q_growth_year": -39.7,
            "roe": 2.72,
            "roe_4q": 12.530000000000001,
            "gross_profit": 310406,
            "gross_margin": 8.56,
            "gross_margin_4q_avg": 7.86,
            "net_income": 176226,
            "net_income_4q": null,
            "revenue": 3627908,
            "revenue_4q": null,
            "common_shares": 3203622,
            "book_valuer_per_share": 20.68,
            "book_valuer_per_share_4q_avg": 23.02,
            "equity": 6625804,
            "current_ratio": 420.48,
            "debt_ratio": 45.71,
            "inventory_turnover_ratio": 4.86,
            "account_receivable_turnover_ratio": null,
            "reinvestment_rate": 31.07,
            "research_to_sale_ratio": null,
            "price_fair": 8.94,
            "eps_avg_yearly": 2.98,
            "eps_latest_yearly": 2.32,
            "eps_growth_yearly": -76.84
        },
        "20031": {
            "year_quarter": 20031,
            "year": 2003,
            "quarter": 1,
            "eps": 0.48,
            "eps_growth_year": -60,
            "eps_4q": 1.98,
            "eps_4q_growth_year": -54.99,
            "roe": 2.29,
            "roe_4q": 10.09,
            "gross_profit": 296329,
            "gross_margin": 8.38,
            "gross_margin_4q_avg": 7.5,
            "net_income": 153327,
            "net_income_4q": null,
            "revenue": 3535714,
            "revenue_4q": null,
            "common_shares": 3203622,
            "book_valuer_per_share": 21.04,
            "book_valuer_per_share_4q_avg": 21.86,
            "equity": 6740973,
            "current_ratio": 369.38,
            "debt_ratio": 47.13,
            "inventory_turnover_ratio": 3.99,
            "account_receivable_turnover_ratio": null,
            "reinvestment_rate": 32.91,
            "research_to_sale_ratio": null,
            "price_fair": 8.3,
            "eps_avg_yearly": 2.77,
            "eps_latest_yearly": 1.92,
            "eps_growth_yearly": -75.27
        },
        "20032": {
            "year_quarter": 20032,
            "year": 2003,
            "quarter": 2,
            "eps": 0.67,
            "eps_growth_year": -8.22,
            "eps_4q": 2.15,
            "eps_4q_growth_year": -45.59,
            "roe": 3.18,
            "roe_4q": 10.530000000000001,
            "gross_profit": 250322,
            "gross_margin": 6.82,
            "gross_margin_4q_avg": 7.35,
            "net_income": 213481,
            "net_income_4q": null,
            "revenue": 3671998,
            "revenue_4q": null,
            "common_shares": 3203622,
            "book_valuer_per_share": 20.86,
            "book_valuer_per_share_4q_avg": 20.65,
            "equity": 6681872,
            "current_ratio": 168.06,
            "debt_ratio": 46.31,
            "inventory_turnover_ratio": 4.05,
            "account_receivable_turnover_ratio": null,
            "reinvestment_rate": 31.12,
            "research_to_sale_ratio": null,
            "price_fair": 8.26,
            "eps_avg_yearly": 2.75,
            "eps_latest_yearly": 2.68,
            "eps_growth_yearly": -36.34
        },
        "20033": {
            "year_quarter": 20033,
            "year": 2003,
            "quarter": 3,
            "eps": 0.28,
            "eps_growth_year": -40.43,
            "eps_4q": 1.67,
            "eps_4q_growth_year": -42.63,
            "roe": 1.62,
            "roe_4q": 9.81,
            "gross_profit": 217422,
            "gross_margin": 5.75,
            "gross_margin_4q_avg": 7.38,
            "net_income": 109436,
            "net_income_4q": null,
            "revenue": 3784286,
            "revenue_4q": null,
            "common_shares": 3844840,
            "book_valuer_per_share": 17.72,
            "book_valuer_per_share_4q_avg": 20.08,
            "equity": 6813657,
            "current_ratio": 166.39,
            "debt_ratio": 46.41,
            "inventory_turnover_ratio": 3.78,
            "account_receivable_turnover_ratio": null,
            "reinvestment_rate": 32.24,
            "research_to_sale_ratio": null,
            "price_fair": 7.56,
            "eps_avg_yearly": 2.52,
            "eps_latest_yearly": 1.12,
            "eps_growth_yearly": -64.41
        },
        "20034": {
            "year_quarter": 20034,
            "year": 2003,
            "quarter": 4,
            "eps": 0.39,
            "eps_growth_year": -32.76,
            "eps_4q": 1.63,
            "eps_4q_growth_year": -33.07,
            "roe": 2.17,
            "roe_4q": 9.260000000000002,
            "gross_profit": 255019,
            "gross_margin": 7.2,
            "gross_margin_4q_avg": 7.04,
            "net_income": 149494,
            "net_income_4q": null,
            "revenue": 3540225,
            "revenue_4q": null,
            "common_shares": 3844840,
            "book_valuer_per_share": 18.12,
            "book_valuer_per_share_4q_avg": 19.44,
            "equity": 6966900,
            "current_ratio": 393.71,
            "debt_ratio": 44.9,
            "inventory_turnover_ratio": 2.67,
            "account_receivable_turnover_ratio": null,
            "reinvestment_rate": 33.77,
            "research_to_sale_ratio": null,
            "price_fair": 7.2,
            "eps_avg_yearly": 2.4,
            "eps_latest_yearly": 1.56,
            "eps_growth_yearly": -36.71
        },
        "20041": {
            "year_quarter": 20041,
            "year": 2004,
            "quarter": 1,
            "eps": 0.41,
            "eps_growth_year": -14.58,
            "eps_4q": 1.65,
            "eps_4q_growth_year": -16.97,
            "roe": 2.23,
            "roe_4q": 9.200000000000001,
            "gross_profit": 258043,
            "gross_margin": 6.11,
            "gross_margin_4q_avg": 6.47,
            "net_income": 156616,
            "net_income_4q": null,
            "revenue": 4223933,
            "revenue_4q": null,
            "common_shares": 3844840,
            "book_valuer_per_share": 18.42,
            "book_valuer_per_share_4q_avg": 18.78,
            "equity": 7081963,
            "current_ratio": 370.74,
            "debt_ratio": 44.95,
            "inventory_turnover_ratio": 3.09,
            "account_receivable_turnover_ratio": null,
            "reinvestment_rate": 9.93,
            "research_to_sale_ratio": null,
            "price_fair": 6.95,
            "eps_avg_yearly": 2.32,
            "eps_latest_yearly": 1.64,
            "eps_growth_yearly": -30.35
        },
        "20042": {
            "year_quarter": 20042,
            "year": 2004,
            "quarter": 2,
            "eps": 0.04,
            "eps_growth_year": -94.03,
            "eps_4q": 1.28,
            "eps_4q_growth_year": -40.51,
            "roe": 0.2,
            "roe_4q": 6.22,
            "gross_profit": 186272,
            "gross_margin": 5.19,
            "gross_margin_4q_avg": 6.06,
            "net_income": 13396,
            "net_income_4q": null,
            "revenue": 3589542,
            "revenue_4q": null,
            "common_shares": 3844840,
            "book_valuer_per_share": 16.89,
            "book_valuer_per_share_4q_avg": 17.79,
            "equity": 6493203,
            "current_ratio": 278.69,
            "debt_ratio": 50.67,
            "inventory_turnover_ratio": 2.48,
            "account_receivable_turnover_ratio": null,
            "reinvestment_rate": 18.11,
            "research_to_sale_ratio": null,
            "price_fair": 6.3,
            "eps_avg_yearly": 2.1,
            "eps_latest_yearly": 0.16,
            "eps_growth_yearly": -63.42
        },
        "20043": {
            "year_quarter": 20043,
            "year": 2004,
            "quarter": 3,
            "eps": 0.14,
            "eps_growth_year": -50,
            "eps_4q": 0.89,
            "eps_4q_growth_year": -46.55,
            "roe": 0.92,
            "roe_4q": 5.52,
            "gross_profit": 169512,
            "gross_margin": 6.03,
            "gross_margin_4q_avg": 6.13,
            "net_income": 59454,
            "net_income_4q": null,
            "revenue": 2809624,
            "revenue_4q": null,
            "common_shares": 4295324,
            "book_valuer_per_share": 14.87,
            "book_valuer_per_share_4q_avg": 17.08,
            "equity": 6387849,
            "current_ratio": 319.29,
            "debt_ratio": 47.7,
            "inventory_turnover_ratio": 2.22,
            "account_receivable_turnover_ratio": null,
            "reinvestment_rate": 16.98,
            "research_to_sale_ratio": null,
            "price_fair": 68.6,
            "eps_avg_yearly": 1.96,
            "eps_latest_yearly": 0.56,
            "eps_growth_yearly": 33.26
        },
        "20044": {
            "year_quarter": 20044,
            "year": 2004,
            "quarter": 4,
            "eps": -0.25,
            "eps_growth_year": -164.1,
            "eps_4q": 0.3,
            "eps_4q_growth_year": -81.77,
            "roe": -1.63,
            "roe_4q": 1.7200000000000002,
            "gross_profit": 167486,
            "gross_margin": 7.06,
            "gross_margin_4q_avg": 6.1,
            "net_income": -104306,
            "net_income_4q": null,
            "revenue": 2372511,
            "revenue_4q": null,
            "common_shares": 4295324,
            "book_valuer_per_share": 14.41,
            "book_valuer_per_share_4q_avg": 16.15,
            "equity": 6410310,
            "current_ratio": 247.95,
            "debt_ratio": 52.45,
            "inventory_turnover_ratio": 2.06,
            "account_receivable_turnover_ratio": null,
            "reinvestment_rate": 39.36,
            "research_to_sale_ratio": null,
            "price_fair": 68.6,
            "eps_avg_yearly": 1.96,
            "eps_latest_yearly": 0.56,
            "eps_growth_yearly": 33.26
        },
        "20051": {
            "year_quarter": 20051,
            "year": 2005,
            "quarter": 1,
            "eps": -1.31,
            "eps_growth_year": -419.51,
            "eps_4q": -1.39,
            "eps_4q_growth_year": -184.22,
            "roe": -8.9,
            "roe_4q": -9.410000000000002,
            "gross_profit": 98215,
            "gross_margin": 5.02,
            "gross_margin_4q_avg": 5.83,
            "net_income": -536241,
            "net_income_4q": null,
            "revenue": 1955943,
            "revenue_4q": null,
            "common_shares": 4295324,
            "book_valuer_per_share": 13.13,
            "book_valuer_per_share_4q_avg": 14.83,
            "equity": 5637763,
            "current_ratio": 378.79,
            "debt_ratio": 45.72,
            "inventory_turnover_ratio": 1.6,
            "account_receivable_turnover_ratio": null,
            "reinvestment_rate": 22.79,
            "research_to_sale_ratio": null,
            "price_fair": 68.6,
            "eps_avg_yearly": 1.96,
            "eps_latest_yearly": 0.56,
            "eps_growth_yearly": 33.26
        },
        "20052": {
            "year_quarter": 20052,
            "year": 2005,
            "quarter": 2,
            "eps": 0.05,
            "eps_growth_year": 25,
            "eps_4q": -1.31,
            "eps_4q_growth_year": -202.24,
            "roe": 0.39,
            "roe_4q": -9.22,
            "gross_profit": 137317,
            "gross_margin": 6.76,
            "gross_margin_4q_avg": 6.22,
            "net_income": 21372,
            "net_income_4q": null,
            "revenue": 2030266,
            "revenue_4q": null,
            "common_shares": 4295324,
            "book_valuer_per_share": 12.6,
            "book_valuer_per_share_4q_avg": 13.75,
            "equity": 5410317,
            "current_ratio": 291.61,
            "debt_ratio": 48.79,
            "inventory_turnover_ratio": 1.47,
            "account_receivable_turnover_ratio": null,
            "reinvestment_rate": 12.57,
            "research_to_sale_ratio": null,
            "price_fair": 68.6,
            "eps_avg_yearly": 1.96,
            "eps_latest_yearly": 0.56,
            "eps_growth_yearly": 33.26
        },
        "20053": {
            "year_quarter": 20053,
            "year": 2005,
            "quarter": 3,
            "eps": 0.26,
            "eps_growth_year": 85.71,
            "eps_4q": -1.24,
            "eps_4q_growth_year": -239.36,
            "roe": 1.99,
            "roe_4q": -8.15,
            "gross_profit": 329079,
            "gross_margin": 9.41,
            "gross_margin_4q_avg": 7.06,
            "net_income": 107067,
            "net_income_4q": null,
            "revenue": 3496987,
            "revenue_4q": null,
            "common_shares": 4295324,
            "book_valuer_per_share": 12.43,
            "book_valuer_per_share_4q_avg": 13.14,
            "equity": 5340818,
            "current_ratio": 255.78,
            "debt_ratio": 51.26,
            "inventory_turnover_ratio": 2.06,
            "account_receivable_turnover_ratio": null,
            "reinvestment_rate": 11.22,
            "research_to_sale_ratio": null,
            "price_fair": 65.92,
            "eps_avg_yearly": 1.88,
            "eps_latest_yearly": 1.04,
            "eps_growth_yearly": 170.49
        },
        "20054": {
            "year_quarter": 20054,
            "year": 2005,
            "quarter": 4,
            "eps": 0.36,
            "eps_growth_year": null,
            "eps_4q": -0.64,
            "eps_4q_growth_year": -313.61,
            "roe": 2.69,
            "roe_4q": -3.830000000000001,
            "gross_profit": 436128,
            "gross_margin": 10.47,
            "gross_margin_4q_avg": 7.92,
            "net_income": 147452,
            "net_income_4q": null,
            "revenue": 4163942,
            "revenue_4q": null,
            "common_shares": 4361267,
            "book_valuer_per_share": 12.37,
            "book_valuer_per_share_4q_avg": 12.63,
            "equity": 5611380,
            "current_ratio": 187.62,
            "debt_ratio": 58.68,
            "inventory_turnover_ratio": 2.09,
            "account_receivable_turnover_ratio": null,
            "reinvestment_rate": 64.24,
            "research_to_sale_ratio": null,
            "price_fair": 64.72,
            "eps_avg_yearly": 1.85,
            "eps_latest_yearly": 1.44,
            "eps_growth_yearly": 169.21
        },
        "20061": {
            "year_quarter": 20061,
            "year": 2006,
            "quarter": 1,
            "eps": 0.75,
            "eps_growth_year": null,
            "eps_4q": 1.44,
            "eps_4q_growth_year": null,
            "roe": 5.29,
            "roe_4q": 10.360000000000001,
            "gross_profit": 752890,
            "gross_margin": 13.06,
            "gross_margin_4q_avg": 9.93,
            "net_income": 301520,
            "net_income_4q": null,
            "revenue": 5765023,
            "revenue_4q": null,
            "common_shares": 4361267,
            "book_valuer_per_share": 13.27,
            "book_valuer_per_share_4q_avg": 12.67,
            "equity": 5788629,
            "current_ratio": 202.46,
            "debt_ratio": 52.47,
            "inventory_turnover_ratio": 2.53,
            "account_receivable_turnover_ratio": null,
            "reinvestment_rate": 10.33,
            "research_to_sale_ratio": null,
            "price_fair": 59.88,
            "eps_avg_yearly": 1.71,
            "eps_latest_yearly": 3,
            "eps_growth_yearly": 210.38
        },
        "20062": {
            "year_quarter": 20062,
            "year": 2006,
            "quarter": 2,
            "eps": 0.44,
            "eps_growth_year": 780,
            "eps_4q": 1.82,
            "eps_4q_growth_year": null,
            "roe": 3.01,
            "roe_4q": 12.98,
            "gross_profit": 795632,
            "gross_margin": 11.82,
            "gross_margin_4q_avg": 11.19,
            "net_income": 177109,
            "net_income_4q": null,
            "revenue": 6732398,
            "revenue_4q": null,
            "common_shares": 4363167,
            "book_valuer_per_share": 13.68,
            "book_valuer_per_share_4q_avg": 12.94,
            "equity": 5970242,
            "current_ratio": 139.13,
            "debt_ratio": 53.78,
            "inventory_turnover_ratio": 2.83,
            "account_receivable_turnover_ratio": null,
            "reinvestment_rate": 10.91,
            "research_to_sale_ratio": null,
            "price_fair": 56.75,
            "eps_avg_yearly": 1.62,
            "eps_latest_yearly": 1.76,
            "eps_growth_yearly": 209.71
        },
        "20063": {
            "year_quarter": 20063,
            "year": 2006,
            "quarter": 3,
            "eps": 0.54,
            "eps_growth_year": 107.69,
            "eps_4q": 2.1,
            "eps_4q_growth_year": null,
            "roe": 3.55,
            "roe_4q": 14.54,
            "gross_profit": 796866,
            "gross_margin": 12.04,
            "gross_margin_4q_avg": 11.85,
            "net_income": 216638,
            "net_income_4q": null,
            "revenue": 6619473,
            "revenue_4q": null,
            "common_shares": 4364567,
            "book_valuer_per_share": 14.26,
            "book_valuer_per_share_4q_avg": 13.4,
            "equity": 6221893,
            "current_ratio": 141.94,
            "debt_ratio": 52.05,
            "inventory_turnover_ratio": 2.7,
            "account_receivable_turnover_ratio": null,
            "reinvestment_rate": 8.73,
            "research_to_sale_ratio": null,
            "price_fair": 57.51,
            "eps_avg_yearly": 1.64,
            "eps_latest_yearly": 2.16,
            "eps_growth_yearly": 227.66
        },
        "20064": {
            "year_quarter": 20064,
            "year": 2006,
            "quarter": 4,
            "eps": 0.63,
            "eps_growth_year": 75,
            "eps_4q": 2.35,
            "eps_4q_growth_year": null,
            "roe": 3.88,
            "roe_4q": 15.73,
            "gross_profit": 1179290,
            "gross_margin": 11.86,
            "gross_margin_4q_avg": 12.2,
            "net_income": 255366,
            "net_income_4q": null,
            "revenue": 9942058,
            "revenue_4q": null,
            "common_shares": 4366167,
            "book_valuer_per_share": 15.37,
            "book_valuer_per_share_4q_avg": 14.15,
            "equity": 6947487,
            "current_ratio": 139.47,
            "debt_ratio": 67.34,
            "inventory_turnover_ratio": 2.44,
            "account_receivable_turnover_ratio": null,
            "reinvestment_rate": 62.29,
            "research_to_sale_ratio": null,
            "price_fair": 58.05,
            "eps_avg_yearly": 1.66,
            "eps_latest_yearly": 2.52,
            "eps_growth_yearly": 225.59
        },
        "20071": {
            "year_quarter": 20071,
            "year": 2007,
            "quarter": 1,
            "eps": 0.78,
            "eps_growth_year": 4,
            "eps_4q": 2.39,
            "eps_4q_growth_year": 66.49,
            "roe": 4.34,
            "roe_4q": 14.78,
            "gross_profit": 1392488,
            "gross_margin": 12.22,
            "gross_margin_4q_avg": 11.99,
            "net_income": 314252,
            "net_income_4q": null,
            "revenue": 11397552,
            "revenue_4q": null,
            "common_shares": 4373667,
            "book_valuer_per_share": 17.22,
            "book_valuer_per_share_4q_avg": 15.13,
            "equity": 7529944,
            "current_ratio": 165.87,
            "debt_ratio": 55.33,
            "inventory_turnover_ratio": 2.6,
            "account_receivable_turnover_ratio": null,
            "reinvestment_rate": -1.27,
            "research_to_sale_ratio": null,
            "price_fair": 61.28,
            "eps_avg_yearly": 1.75,
            "eps_latest_yearly": 3.12,
            "eps_growth_yearly": 238.22
        },
        "20072": {
            "year_quarter": 20072,
            "year": 2007,
            "quarter": 2,
            "eps": 0.96,
            "eps_growth_year": 118.18,
            "eps_4q": 2.81,
            "eps_4q_growth_year": 54.24,
            "roe": 5.19,
            "roe_4q": 16.96,
            "gross_profit": 1773027,
            "gross_margin": 11.6,
            "gross_margin_4q_avg": 11.93,
            "net_income": 408147,
            "net_income_4q": null,
            "revenue": 15285135,
            "revenue_4q": null,
            "common_shares": 4556411,
            "book_valuer_per_share": 17.96,
            "book_valuer_per_share_4q_avg": 16.2,
            "equity": 8185013,
            "current_ratio": 149.23,
            "debt_ratio": 59.05,
            "inventory_turnover_ratio": 4.73,
            "account_receivable_turnover_ratio": null,
            "reinvestment_rate": -0.92,
            "research_to_sale_ratio": null,
            "price_fair": 64.4,
            "eps_avg_yearly": 1.84,
            "eps_latest_yearly": 3.84,
            "eps_growth_yearly": 233.14
        },
        "20073": {
            "year_quarter": 20073,
            "year": 2007,
            "quarter": 3,
            "eps": 1.06,
            "eps_growth_year": 96.3,
            "eps_4q": 3.06,
            "eps_4q_growth_year": 45.86,
            "roe": 5.84,
            "roe_4q": 19.25,
            "gross_profit": 2234835,
            "gross_margin": 12.15,
            "gross_margin_4q_avg": 11.96,
            "net_income": 517206,
            "net_income_4q": null,
            "revenue": 18387861,
            "revenue_4q": null,
            "common_shares": 5283629,
            "book_valuer_per_share": 18.03,
            "book_valuer_per_share_4q_avg": 17.15,
            "equity": 9527335,
            "current_ratio": 176.97,
            "debt_ratio": 59.23,
            "inventory_turnover_ratio": 5.02,
            "account_receivable_turnover_ratio": null,
            "reinvestment_rate": -3.89,
            "research_to_sale_ratio": null,
            "price_fair": 72.8,
            "eps_avg_yearly": 2.08,
            "eps_latest_yearly": 4.24,
            "eps_growth_yearly": 254.25
        },
        "20074": {
            "year_quarter": 20074,
            "year": 2007,
            "quarter": 4,
            "eps": 1.12,
            "eps_growth_year": 77.78,
            "eps_4q": 3.62,
            "eps_4q_growth_year": 54.44,
            "roe": 5.49,
            "roe_4q": 20.86,
            "gross_profit": 2468992,
            "gross_margin": 11.98,
            "gross_margin_4q_avg": 11.99,
            "net_income": 554876,
            "net_income_4q": null,
            "revenue": 20610397,
            "revenue_4q": null,
            "common_shares": 5317697,
            "book_valuer_per_share": 19.31,
            "book_valuer_per_share_4q_avg": 18.13,
            "equity": 10671323,
            "current_ratio": 177.26,
            "debt_ratio": 68.18,
            "inventory_turnover_ratio": 2.77,
            "account_receivable_turnover_ratio": null,
            "reinvestment_rate": 55.6,
            "research_to_sale_ratio": null,
            "price_fair": 80.66,
            "eps_avg_yearly": 2.3,
            "eps_latest_yearly": 4.48,
            "eps_growth_yearly": 243.91
        },
        "20081": {
            "year_quarter": 20081,
            "year": 2008,
            "quarter": 1,
            "eps": 0.54,
            "eps_growth_year": -30.77,
            "eps_4q": 3.54,
            "eps_4q_growth_year": 48.11,
            "roe": 2.5,
            "roe_4q": 19.02,
            "gross_profit": 2392029,
            "gross_margin": 12.46,
            "gross_margin_4q_avg": 12.05,
            "net_income": 269275,
            "net_income_4q": null,
            "revenue": 19200735,
            "revenue_4q": null,
            "common_shares": 5328488,
            "book_valuer_per_share": 19.76,
            "book_valuer_per_share_4q_avg": 18.77,
            "equity": 10899066,
            "current_ratio": 200.02,
            "debt_ratio": 62.47,
            "inventory_turnover_ratio": 1.92,
            "account_receivable_turnover_ratio": null,
            "reinvestment_rate": 53.94,
            "research_to_sale_ratio": null,
            "price_fair": 82.06,
            "eps_avg_yearly": 2.34,
            "eps_latest_yearly": 2.16,
            "eps_growth_yearly": 226.4
        },
        "20082": {
            "year_quarter": 20082,
            "year": 2008,
            "quarter": 2,
            "eps": 0.44,
            "eps_growth_year": -54.17,
            "eps_4q": 3.02,
            "eps_4q_growth_year": 7.54,
            "roe": 2.18,
            "roe_4q": 16.009999999999998,
            "gross_profit": 2254094,
            "gross_margin": 14.03,
            "gross_margin_4q_avg": 12.66,
            "net_income": 232168,
            "net_income_4q": null,
            "revenue": 16064133,
            "revenue_4q": null,
            "common_shares": 5329433,
            "book_valuer_per_share": 18.83,
            "book_valuer_per_share_4q_avg": 18.98,
            "equity": 10370605,
            "current_ratio": 177.36,
            "debt_ratio": 65.31,
            "inventory_turnover_ratio": 1.74,
            "account_receivable_turnover_ratio": null,
            "reinvestment_rate": 60.52,
            "research_to_sale_ratio": null,
            "price_fair": 86.37,
            "eps_avg_yearly": 2.47,
            "eps_latest_yearly": 1.76,
            "eps_growth_yearly": 248.47
        },
        "20083": {
            "year_quarter": 20083,
            "year": 2008,
            "quarter": 3,
            "eps": 0.32,
            "eps_growth_year": -69.81,
            "eps_4q": 2.22,
            "eps_4q_growth_year": -27.68,
            "roe": 1.76,
            "roe_4q": 11.93,
            "gross_profit": 2523128,
            "gross_margin": 19.37,
            "gross_margin_4q_avg": 14.46,
            "net_income": 184805,
            "net_income_4q": null,
            "revenue": 13026127,
            "revenue_4q": null,
            "common_shares": 6433630,
            "book_valuer_per_share": 16,
            "book_valuer_per_share_4q_avg": 18.48,
            "equity": 10600936,
            "current_ratio": 189.94,
            "debt_ratio": 63.14,
            "inventory_turnover_ratio": 1.27,
            "account_receivable_turnover_ratio": null,
            "reinvestment_rate": 45.08,
            "research_to_sale_ratio": null,
            "price_fair": 88.31,
            "eps_avg_yearly": 2.52,
            "eps_latest_yearly": 1.28,
            "eps_growth_yearly": 163.15
        },
        "20084": {
            "year_quarter": 20084,
            "year": 2008,
            "quarter": 4,
            "eps": 0.38,
            "eps_growth_year": -66.07,
            "eps_4q": 1.32,
            "eps_4q_growth_year": -63.54,
            "roe": 2.56,
            "roe_4q": 9,
            "gross_profit": 2068867,
            "gross_margin": 13.41,
            "gross_margin_4q_avg": 14.82,
            "net_income": 277560,
            "net_income_4q": null,
            "revenue": 15427482,
            "revenue_4q": null,
            "common_shares": 6433630,
            "book_valuer_per_share": 16.12,
            "book_valuer_per_share_4q_avg": 17.68,
            "equity": 11068579,
            "current_ratio": 184.98,
            "debt_ratio": 62.36,
            "inventory_turnover_ratio": 1.69,
            "account_receivable_turnover_ratio": 2.96,
            "reinvestment_rate": 41.82,
            "research_to_sale_ratio": null,
            "price_fair": 85.8,
            "eps_avg_yearly": 2.45,
            "eps_latest_yearly": 1.52,
            "eps_growth_yearly": 156.85
        },
        "20091": {
            "year_quarter": 20091,
            "year": 2009,
            "quarter": 1,
            "eps": 0.69,
            "eps_growth_year": 27.78,
            "eps_4q": 1.14,
            "eps_4q_growth_year": -67.79,
            "roe": 5.82,
            "roe_4q": 12.32,
            "gross_profit": 2802569,
            "gross_margin": 16.67,
            "gross_margin_4q_avg": 15.87,
            "net_income": 665883,
            "net_income_4q": null,
            "revenue": 16811931,
            "revenue_4q": null,
            "common_shares": 6435430,
            "book_valuer_per_share": 16.86,
            "book_valuer_per_share_4q_avg": 16.95,
            "equity": 11812833,
            "current_ratio": 172.38,
            "debt_ratio": 64.07,
            "inventory_turnover_ratio": 1.84,
            "account_receivable_turnover_ratio": 1.72,
            "reinvestment_rate": 49.77,
            "research_to_sale_ratio": null,
            "price_fair": 86.52,
            "eps_avg_yearly": 2.47,
            "eps_latest_yearly": 2.76,
            "eps_growth_yearly": 168.15
        },
        "20092": {
            "year_quarter": 20092,
            "year": 2009,
            "quarter": 2,
            "eps": 0.79,
            "eps_growth_year": 79.55,
            "eps_4q": 1.76,
            "eps_4q_growth_year": -41.59,
            "roe": 5.21,
            "roe_4q": 15.350000000000001,
            "gross_profit": 3114796,
            "gross_margin": 20.09,
            "gross_margin_4q_avg": 17.39,
            "net_income": 615861,
            "net_income_4q": null,
            "revenue": 15506807,
            "revenue_4q": null,
            "common_shares": 6437630,
            "book_valuer_per_share": 16.75,
            "book_valuer_per_share_4q_avg": 16.43,
            "equity": 11834297,
            "current_ratio": 164.36,
            "debt_ratio": 65.01,
            "inventory_turnover_ratio": 1.59,
            "account_receivable_turnover_ratio": 1.66,
            "reinvestment_rate": 49.59,
            "research_to_sale_ratio": null,
            "price_fair": 88.03,
            "eps_avg_yearly": 2.52,
            "eps_latest_yearly": 3.16,
            "eps_growth_yearly": 161.27
        },
        "20093": {
            "year_quarter": 20093,
            "year": 2009,
            "quarter": 3,
            "eps": 0.82,
            "eps_growth_year": 156.25,
            "eps_4q": 2.1,
            "eps_4q_growth_year": -5.4,
            "roe": 5.09,
            "roe_4q": 18.68,
            "gross_profit": 2654663,
            "gross_margin": 18.29,
            "gross_margin_4q_avg": 17.12,
            "net_income": 667570,
            "net_income_4q": null,
            "revenue": 14513992,
            "revenue_4q": null,
            "common_shares": 6864552,
            "book_valuer_per_share": 16.52,
            "book_valuer_per_share_4q_avg": 16.56,
            "equity": 14372738,
            "current_ratio": 161.61,
            "debt_ratio": 57.93,
            "inventory_turnover_ratio": 1.26,
            "account_receivable_turnover_ratio": 1.69,
            "reinvestment_rate": 45.03,
            "research_to_sale_ratio": null,
            "price_fair": 92.93,
            "eps_avg_yearly": 2.66,
            "eps_latest_yearly": 3.28,
            "eps_growth_yearly": 57.22
        },
        "20094": {
            "year_quarter": 20094,
            "year": 2009,
            "quarter": 4,
            "eps": 0.82,
            "eps_growth_year": 115.79,
            "eps_4q": 2.78,
            "eps_4q_growth_year": 110.32,
            "roe": 4.01,
            "roe_4q": 20.13,
            "gross_profit": 3666059,
            "gross_margin": 17.93,
            "gross_margin_4q_avg": 18.25,
            "net_income": 625681,
            "net_income_4q": null,
            "revenue": 20445369,
            "revenue_4q": null,
            "common_shares": 7418585,
            "book_valuer_per_share": 18.95,
            "book_valuer_per_share_4q_avg": 17.27,
            "equity": 16814638,
            "current_ratio": 220.93,
            "debt_ratio": 56.57,
            "inventory_turnover_ratio": 1.76,
            "account_receivable_turnover_ratio": 3.61,
            "reinvestment_rate": 37.12,
            "research_to_sale_ratio": null,
            "price_fair": 96.95,
            "eps_avg_yearly": 2.77,
            "eps_latest_yearly": 3.28,
            "eps_growth_yearly": 47.6
        },
        "20101": {
            "year_quarter": 20101,
            "year": 2010,
            "quarter": 1,
            "eps": 0.52,
            "eps_growth_year": -24.64,
            "eps_4q": 2.66,
            "eps_4q_growth_year": 133.06,
            "roe": 2.43,
            "roe_4q": 16.74,
            "gross_profit": 2496558,
            "gross_margin": 17.81,
            "gross_margin_4q_avg": 18.53,
            "net_income": 422214,
            "net_income_4q": null,
            "revenue": 14014764,
            "revenue_4q": null,
            "common_shares": 7491218,
            "book_valuer_per_share": 20.17,
            "book_valuer_per_share_4q_avg": 18.1,
            "equity": 18004721,
            "current_ratio": 224.15,
            "debt_ratio": 53.98,
            "inventory_turnover_ratio": 1.29,
            "account_receivable_turnover_ratio": 1.46,
            "reinvestment_rate": 122.68,
            "research_to_sale_ratio": 1.5,
            "price_fair": 57.97,
            "eps_avg_yearly": 2.71,
            "eps_latest_yearly": 2.08,
            "eps_growth_yearly": 11.37
        },
        "20102": {
            "year_quarter": 20102,
            "year": 2010,
            "quarter": 2,
            "eps": 0.64,
            "eps_growth_year": -19.36,
            "eps_4q": 2.49,
            "eps_4q_growth_year": 41.02,
            "roe": 3.35,
            "roe_4q": 14.879999999999999,
            "gross_profit": 2890073,
            "gross_margin": 17.74,
            "gross_margin_4q_avg": 17.94,
            "net_income": 593254,
            "net_income_4q": null,
            "revenue": 16286750,
            "revenue_4q": null,
            "common_shares": 7500480,
            "book_valuer_per_share": 19.1,
            "book_valuer_per_share_4q_avg": 18.69,
            "equity": 17394455,
            "current_ratio": 172.88,
            "debt_ratio": 63.71,
            "inventory_turnover_ratio": 0.98,
            "account_receivable_turnover_ratio": 1.75,
            "reinvestment_rate": 122.18,
            "research_to_sale_ratio": 1.31,
            "price_fair": 96.69,
            "eps_avg_yearly": 2.76,
            "eps_latest_yearly": 2.56,
            "eps_growth_yearly": 27.47
        },
        "20103": {
            "year_quarter": 20103,
            "year": 2010,
            "quarter": 3,
            "eps": 0.63,
            "eps_growth_year": -23.68,
            "eps_4q": 2.44,
            "eps_4q_growth_year": 16.35,
            "roe": 3.11,
            "roe_4q": 12.9,
            "gross_profit": 2941357,
            "gross_margin": 14.51,
            "gross_margin_4q_avg": 17,
            "net_income": 539067,
            "net_income_4q": null,
            "revenue": 20267438,
            "revenue_4q": null,
            "common_shares": 7900779,
            "book_valuer_per_share": 18.65,
            "book_valuer_per_share_4q_avg": 19.22,
            "equity": 17267116,
            "current_ratio": 154.2,
            "debt_ratio": 69,
            "inventory_turnover_ratio": 0.83,
            "account_receivable_turnover_ratio": 1.72,
            "reinvestment_rate": 59.07,
            "research_to_sale_ratio": 1.02,
            "price_fair": 87.45,
            "eps_avg_yearly": 2.79,
            "eps_latest_yearly": 2.52,
            "eps_growth_yearly": 21.4
        },
        "20104": {
            "year_quarter": 20104,
            "year": 2010,
            "quarter": 4,
            "eps": 0.84,
            "eps_growth_year": 2.07,
            "eps_4q": 2.57,
            "eps_4q_growth_year": -7.51,
            "roe": 5.65,
            "roe_4q": 14.54,
            "gross_profit": 4021291,
            "gross_margin": 15.54,
            "gross_margin_4q_avg": 16.4,
            "net_income": 1009545,
            "net_income_4q": null,
            "revenue": 25879207,
            "revenue_4q": null,
            "common_shares": 7968324,
            "book_valuer_per_share": 19.19,
            "book_valuer_per_share_4q_avg": 19.28,
            "equity": 18454864,
            "current_ratio": 172.9,
            "debt_ratio": 64.13,
            "inventory_turnover_ratio": 1.07,
            "account_receivable_turnover_ratio": 1.71,
            "reinvestment_rate": 42.96,
            "research_to_sale_ratio": 0.96,
            "price_fair": 99.31,
            "eps_avg_yearly": 2.84,
            "eps_latest_yearly": 3.36,
            "eps_growth_yearly": 25.57
        },
        "20111": {
            "year_quarter": 20111,
            "year": 2011,
            "quarter": 1,
            "eps": 0.41,
            "eps_growth_year": -21.15,
            "eps_4q": 2.5,
            "eps_4q_growth_year": -5.89,
            "roe": 1.9,
            "roe_4q": 14.01,
            "gross_profit": 1862523,
            "gross_margin": 12.03,
            "gross_margin_4q_avg": 14.96,
            "net_income": 354081,
            "net_income_4q": null,
            "revenue": 15477407,
            "revenue_4q": null,
            "common_shares": 7974227,
            "book_valuer_per_share": 19.68,
            "book_valuer_per_share_4q_avg": 19.16,
            "equity": 18898515,
            "current_ratio": 187.41,
            "debt_ratio": 54.27,
            "inventory_turnover_ratio": 1,
            "account_receivable_turnover_ratio": 1.05,
            "reinvestment_rate": 62.19,
            "research_to_sale_ratio": 1.31,
            "price_fair": 46.16,
            "eps_avg_yearly": 2.75,
            "eps_latest_yearly": 1.64,
            "eps_growth_yearly": 6.82
        },
        "20112": {
            "year_quarter": 20112,
            "year": 2011,
            "quarter": 2,
            "eps": 0.12,
            "eps_growth_year": -80.71,
            "eps_4q": 1.94,
            "eps_4q_growth_year": -22.11,
            "roe": 0.69,
            "roe_4q": 11.35,
            "gross_profit": 1589174,
            "gross_margin": 15.47,
            "gross_margin_4q_avg": 14.39,
            "net_income": 125914,
            "net_income_4q": null,
            "revenue": 10270127,
            "revenue_4q": null,
            "common_shares": 7976345,
            "book_valuer_per_share": 17.76,
            "book_valuer_per_share_4q_avg": 18.82,
            "equity": 17603538,
            "current_ratio": 182.4,
            "debt_ratio": 54.79,
            "inventory_turnover_ratio": 0.91,
            "account_receivable_turnover_ratio": 1.17,
            "reinvestment_rate": 67.93,
            "research_to_sale_ratio": 1.68,
            "price_fair": 7.61,
            "eps_avg_yearly": 2.54,
            "eps_latest_yearly": 0.48,
            "eps_growth_yearly": -16.64
        },
        "20113": {
            "year_quarter": 20113,
            "year": 2011,
            "quarter": 3,
            "eps": 0.3,
            "eps_growth_year": -51.9,
            "eps_4q": 1.66,
            "eps_4q_growth_year": -31.73,
            "roe": 1.31,
            "roe_4q": 9.55,
            "gross_profit": 1183569,
            "gross_margin": 10.7,
            "gross_margin_4q_avg": 13.44,
            "net_income": 233351,
            "net_income_4q": null,
            "revenue": 11064813,
            "revenue_4q": null,
            "common_shares": 8190046,
            "book_valuer_per_share": 18.01,
            "book_valuer_per_share_4q_avg": 18.66,
            "equity": 18152716,
            "current_ratio": 178.1,
            "debt_ratio": 56.5,
            "inventory_turnover_ratio": 1.13,
            "account_receivable_turnover_ratio": 1.74,
            "reinvestment_rate": 69.56,
            "research_to_sale_ratio": 1.84,
            "price_fair": 66.27,
            "eps_avg_yearly": 2.35,
            "eps_latest_yearly": 1.2,
            "eps_growth_yearly": 18.26
        },
        "20114": {
            "year_quarter": 20114,
            "year": 2011,
            "quarter": 4,
            "eps": 0.7,
            "eps_growth_year": -16.31,
            "eps_4q": 1.54,
            "eps_4q_growth_year": -40.12,
            "roe": 3.62,
            "roe_4q": 7.52,
            "gross_profit": 2203078,
            "gross_margin": 11.25,
            "gross_margin_4q_avg": 12.36,
            "net_income": 669503,
            "net_income_4q": null,
            "revenue": 19585856,
            "revenue_4q": null,
            "common_shares": 8190046,
            "book_valuer_per_share": 18.82,
            "book_valuer_per_share_4q_avg": 18.57,
            "equity": 18821955,
            "current_ratio": 178.28,
            "debt_ratio": 56.33,
            "inventory_turnover_ratio": 2.24,
            "account_receivable_turnover_ratio": 1.97,
            "reinvestment_rate": 42.24,
            "research_to_sale_ratio": 1.04,
            "price_fair": 78.4,
            "eps_avg_yearly": 2.24,
            "eps_latest_yearly": 2.8,
            "eps_growth_yearly": 50.18
        },
        "20121": {
            "year_quarter": 20121,
            "year": 2012,
            "quarter": 1,
            "eps": 0.51,
            "eps_growth_year": 24.39,
            "eps_4q": 1.64,
            "eps_4q_growth_year": -34.65,
            "roe": 2.16,
            "roe_4q": 7.779999999999999,
            "gross_profit": 1715714,
            "gross_margin": 12.18,
            "gross_margin_4q_avg": 12.4,
            "net_income": 408500,
            "net_income_4q": null,
            "revenue": 14088476,
            "revenue_4q": null,
            "common_shares": 8197734,
            "book_valuer_per_share": 19.08,
            "book_valuer_per_share_4q_avg": 18.42,
            "equity": 19083210,
            "current_ratio": 207.3,
            "debt_ratio": 49.8,
            "inventory_turnover_ratio": 1.91,
            "account_receivable_turnover_ratio": 1.34,
            "reinvestment_rate": 40.53,
            "research_to_sale_ratio": 1.16,
            "price_fair": 78.14,
            "eps_avg_yearly": 2.23,
            "eps_latest_yearly": 2.04,
            "eps_growth_yearly": 56.34
        },
        "20122": {
            "year_quarter": 20122,
            "year": 2012,
            "quarter": 2,
            "eps": 0.53,
            "eps_growth_year": 327.71,
            "eps_4q": 2.04,
            "eps_4q_growth_year": 5.02,
            "roe": 2.68,
            "roe_4q": 9.770000000000001,
            "gross_profit": 1678478,
            "gross_margin": 11.08,
            "gross_margin_4q_avg": 11.3,
            "net_income": 497953,
            "net_income_4q": null,
            "revenue": 15147149,
            "revenue_4q": null,
            "common_shares": 8199864,
            "book_valuer_per_share": 17.65,
            "book_valuer_per_share_4q_avg": 18.39,
            "equity": 18055258,
            "current_ratio": 184.55,
            "debt_ratio": 54.95,
            "inventory_turnover_ratio": 2.02,
            "account_receivable_turnover_ratio": 1.84,
            "reinvestment_rate": 33.42,
            "research_to_sale_ratio": 1.38,
            "price_fair": 78.93,
            "eps_avg_yearly": 2.26,
            "eps_latest_yearly": 2.12,
            "eps_growth_yearly": 61.95
        },
        "20123": {
            "year_quarter": 20123,
            "year": 2012,
            "quarter": 3,
            "eps": 0.5,
            "eps_growth_year": 65.39,
            "eps_4q": 2.22,
            "eps_4q_growth_year": 33.15,
            "roe": 2.2,
            "roe_4q": 10.66,
            "gross_profit": 1371132,
            "gross_margin": 8.55,
            "gross_margin_4q_avg": 10.77,
            "net_income": 401849,
            "net_income_4q": null,
            "revenue": 16027992,
            "revenue_4q": null,
            "common_shares": 8281446,
            "book_valuer_per_share": 18.03,
            "book_valuer_per_share_4q_avg": 18.4,
            "equity": 18400103,
            "current_ratio": 173.21,
            "debt_ratio": 48.39,
            "inventory_turnover_ratio": 2.36,
            "account_receivable_turnover_ratio": 2.05,
            "reinvestment_rate": 35.48,
            "research_to_sale_ratio": 1.11,
            "price_fair": 80.5,
            "eps_avg_yearly": 2.3,
            "eps_latest_yearly": 2,
            "eps_growth_yearly": 67.35
        },
        "20124": {
            "year_quarter": 20124,
            "year": 2012,
            "quarter": 4,
            "eps": 0.64,
            "eps_growth_year": -8.59,
            "eps_4q": 2.16,
            "eps_4q_growth_year": 40.69,
            "roe": 3.27,
            "roe_4q": 10.31,
            "gross_profit": 1092815,
            "gross_margin": 8.06,
            "gross_margin_4q_avg": 9.97,
            "net_income": 612860,
            "net_income_4q": null,
            "revenue": 13566285,
            "revenue_4q": null,
            "common_shares": 8314170,
            "book_valuer_per_share": 18.72,
            "book_valuer_per_share_4q_avg": 18.37,
            "equity": 19134733,
            "current_ratio": 175.57,
            "debt_ratio": 48.17,
            "inventory_turnover_ratio": 2.25,
            "account_receivable_turnover_ratio": 1.86,
            "reinvestment_rate": 25.69,
            "research_to_sale_ratio": 1.62,
            "price_fair": 82.78,
            "eps_avg_yearly": 2.37,
            "eps_latest_yearly": 2.56,
            "eps_growth_yearly": 69.67
        },
        "20131": {
            "year_quarter": 20131,
            "year": 2013,
            "quarter": 1,
            "eps": 0.31,
            "eps_growth_year": -39.22,
            "eps_4q": 1.96,
            "eps_4q_growth_year": 19.79,
            "roe": 1.41,
            "roe_4q": 9.56,
            "gross_profit": 594481,
            "gross_margin": 9.25,
            "gross_margin_4q_avg": 9.24,
            "net_income": 247922,
            "net_income_4q": null,
            "revenue": 6424805,
            "revenue_4q": null,
            "common_shares": 8318770,
            "book_valuer_per_share": 19.16,
            "book_valuer_per_share_4q_avg": 18.39,
            "equity": 15936973,
            "current_ratio": 207.69,
            "debt_ratio": 42.08,
            "inventory_turnover_ratio": 1.41,
            "account_receivable_turnover_ratio": 1.22,
            "reinvestment_rate": 16.58,
            "research_to_sale_ratio": 2.3,
            "price_fair": 79.45,
            "eps_avg_yearly": 2.27,
            "eps_latest_yearly": 1.24,
            "eps_growth_yearly": 36.38
        },
        "20132": {
            "year_quarter": 20132,
            "year": 2013,
            "quarter": 2,
            "eps": 0.34,
            "eps_growth_year": -35.31,
            "eps_4q": 1.78,
            "eps_4q_growth_year": -12.58,
            "roe": 1.84,
            "roe_4q": 8.719999999999999,
            "gross_profit": 591443,
            "gross_margin": 8.73,
            "gross_margin_4q_avg": 8.65,
            "net_income": 277728,
            "net_income_4q": null,
            "revenue": 6771870,
            "revenue_4q": null,
            "common_shares": 8332570,
            "book_valuer_per_share": 17.12,
            "book_valuer_per_share_4q_avg": 18.26,
            "equity": 14308378,
            "current_ratio": 172.24,
            "debt_ratio": 49.28,
            "inventory_turnover_ratio": 1.98,
            "account_receivable_turnover_ratio": 1.93,
            "reinvestment_rate": 22.21,
            "research_to_sale_ratio": 2.14,
            "price_fair": 75.51,
            "eps_avg_yearly": 2.16,
            "eps_latest_yearly": 1.36,
            "eps_growth_yearly": 35.18
        },
        "20133": {
            "year_quarter": 20133,
            "year": 2013,
            "quarter": 3,
            "eps": 0.36,
            "eps_growth_year": -27.69,
            "eps_4q": 1.64,
            "eps_4q_growth_year": -25.97,
            "roe": 1.99,
            "roe_4q": 8.51,
            "gross_profit": 708554,
            "gross_margin": 9.18,
            "gross_margin_4q_avg": 8.81,
            "net_income": 287223,
            "net_income_4q": null,
            "revenue": 7715491,
            "revenue_4q": null,
            "common_shares": 8336770,
            "book_valuer_per_share": 17.36,
            "book_valuer_per_share_4q_avg": 18.09,
            "equity": 14490860,
            "current_ratio": 204.21,
            "debt_ratio": 40.11,
            "inventory_turnover_ratio": 1.69,
            "account_receivable_turnover_ratio": 2.16,
            "reinvestment_rate": 13.8,
            "research_to_sale_ratio": 1.64,
            "price_fair": 71.49,
            "eps_avg_yearly": 2.04,
            "eps_latest_yearly": 1.44,
            "eps_growth_yearly": 35.7
        },
        "20134": {
            "year_quarter": 20134,
            "year": 2013,
            "quarter": 4,
            "eps": 0.39,
            "eps_growth_year": -38.35,
            "eps_4q": 1.4,
            "eps_4q_growth_year": -35.48,
            "roe": 2.25,
            "roe_4q": 7.49,
            "gross_profit": 764272,
            "gross_margin": 8.89,
            "gross_margin_4q_avg": 9.01,
            "net_income": 331313,
            "net_income_4q": null,
            "revenue": 8593176,
            "revenue_4q": null,
            "common_shares": 8343620,
            "book_valuer_per_share": 17.98,
            "book_valuer_per_share_4q_avg": 17.91,
            "equity": 15014861,
            "current_ratio": 197.47,
            "debt_ratio": 41.77,
            "inventory_turnover_ratio": 2.04,
            "account_receivable_turnover_ratio": 2.44,
            "reinvestment_rate": 12.2,
            "research_to_sale_ratio": 1.83,
            "price_fair": 67.73,
            "eps_avg_yearly": 1.94,
            "eps_latest_yearly": 1.56,
            "eps_growth_yearly": 37.78
        },
        "20141": {
            "year_quarter": 20141,
            "year": 2014,
            "quarter": 1,
            "eps": 0.42,
            "eps_growth_year": 35.48,
            "eps_4q": 1.48,
            "eps_4q_growth_year": -24.52,
            "roe": 2.25,
            "roe_4q": 8.33,
            "gross_profit": 630060,
            "gross_margin": 10.99,
            "gross_margin_4q_avg": 9.45,
            "net_income": 347651,
            "net_income_4q": null,
            "revenue": 5734972,
            "revenue_4q": null,
            "common_shares": 8343620,
            "book_valuer_per_share": 18.51,
            "book_valuer_per_share_4q_avg": 17.74,
            "equity": 15868026,
            "current_ratio": 245.81,
            "debt_ratio": 33.53,
            "inventory_turnover_ratio": 1.87,
            "account_receivable_turnover_ratio": 1.81,
            "reinvestment_rate": -58.28,
            "research_to_sale_ratio": 2.6,
            "price_fair": 66.85,
            "eps_avg_yearly": 1.91,
            "eps_latest_yearly": 1.68,
            "eps_growth_yearly": 48.85
        },
        "20142": {
            "year_quarter": 20142,
            "year": 2014,
            "quarter": 2,
            "eps": 0.21,
            "eps_growth_year": -38.24,
            "eps_4q": 1.36,
            "eps_4q_growth_year": -23.71,
            "roe": 1.25,
            "roe_4q": 7.74,
            "gross_profit": 474284,
            "gross_margin": 10.94,
            "gross_margin_4q_avg": 10,
            "net_income": 187311,
            "net_income_4q": null,
            "revenue": 4336863,
            "revenue_4q": null,
            "common_shares": 8343620,
            "book_valuer_per_share": 16.33,
            "book_valuer_per_share_4q_avg": 17.55,
            "equity": 14051668,
            "current_ratio": 208.52,
            "debt_ratio": 38.59,
            "inventory_turnover_ratio": 1.49,
            "account_receivable_turnover_ratio": 2.08,
            "reinvestment_rate": -67.65,
            "research_to_sale_ratio": 2.99,
            "price_fair": 63.09,
            "eps_avg_yearly": 1.8,
            "eps_latest_yearly": 0.84,
            "eps_growth_yearly": 30.58
        },
        "20143": {
            "year_quarter": 20143,
            "year": 2014,
            "quarter": 3,
            "eps": 0.15,
            "eps_growth_year": -58.33,
            "eps_4q": 1.16,
            "eps_4q_growth_year": -29.54,
            "roe": 0.9,
            "roe_4q": 6.65,
            "gross_profit": 346614,
            "gross_margin": 12.09,
            "gross_margin_4q_avg": 10.73,
            "net_income": 127672,
            "net_income_4q": null,
            "revenue": 2866563,
            "revenue_4q": null,
            "common_shares": 8343620,
            "book_valuer_per_share": 16.66,
            "book_valuer_per_share_4q_avg": 17.37,
            "equity": 14385614,
            "current_ratio": 270.79,
            "debt_ratio": 29.25,
            "inventory_turnover_ratio": 0.81,
            "account_receivable_turnover_ratio": 2.09,
            "reinvestment_rate": -1.34,
            "research_to_sale_ratio": 2.31,
            "price_fair": 56.92,
            "eps_avg_yearly": 1.68,
            "eps_latest_yearly": 0.6,
            "eps_growth_yearly": 23.83
        },
        "20144": {
            "year_quarter": 20144,
            "year": 2014,
            "quarter": 4,
            "eps": 0.23,
            "eps_growth_year": -42.52,
            "eps_4q": 1,
            "eps_4q_growth_year": -28.36,
            "roe": 1.34,
            "roe_4q": 5.74,
            "gross_profit": 659520,
            "gross_margin": 13.47,
            "gross_margin_4q_avg": 11.87,
            "net_income": 195574,
            "net_income_4q": null,
            "revenue": 4896965,
            "revenue_4q": null,
            "common_shares": 8343620,
            "book_valuer_per_share": 17.13,
            "book_valuer_per_share_4q_avg": 17.16,
            "equity": 14717159,
            "current_ratio": 295.51,
            "debt_ratio": 26.61,
            "inventory_turnover_ratio": 1.58,
            "account_receivable_turnover_ratio": 2.47,
            "reinvestment_rate": 0.19,
            "research_to_sale_ratio": 4.74,
            "price_fair": 53.55,
            "eps_avg_yearly": 1.53,
            "eps_latest_yearly": 0.92,
            "eps_growth_yearly": 28.83
        },
        "20151": {
            "year_quarter": 20151,
            "year": 2015,
            "quarter": 1,
            "eps": 0.09,
            "eps_growth_year": -78.57,
            "eps_4q": 0.68,
            "eps_4q_growth_year": -54.06,
            "roe": 0.47,
            "roe_4q": 3.96,
            "gross_profit": 267048,
            "gross_margin": 9.81,
            "gross_margin_4q_avg": 11.58,
            "net_income": 68784,
            "net_income_4q": null,
            "revenue": 2721166,
            "revenue_4q": null,
            "common_shares": 8343620,
            "book_valuer_per_share": 17.1,
            "book_valuer_per_share_4q_avg": 16.81,
            "equity": 14765438,
            "current_ratio": 319.31,
            "debt_ratio": 24.95,
            "inventory_turnover_ratio": 1.14,
            "account_receivable_turnover_ratio": 1.38,
            "reinvestment_rate": -12.58,
            "research_to_sale_ratio": 4.99,
            "price_fair": 50.75,
            "eps_avg_yearly": 1.45,
            "eps_latest_yearly": 0.36,
            "eps_growth_yearly": 26.41
        },
        "20152": {
            "year_quarter": 20152,
            "year": 2015,
            "quarter": 2,
            "eps": 0.14,
            "eps_growth_year": -33.33,
            "eps_4q": 0.61,
            "eps_4q_growth_year": -54.82,
            "roe": 0.87,
            "roe_4q": 3.5799999999999996,
            "gross_profit": 425472,
            "gross_margin": 9.11,
            "gross_margin_4q_avg": 11.12,
            "net_income": 122258,
            "net_income_4q": null,
            "revenue": 4668009,
            "revenue_4q": null,
            "common_shares": 8343620,
            "book_valuer_per_share": 15.45,
            "book_valuer_per_share_4q_avg": 16.59,
            "equity": 13342217,
            "current_ratio": 218.64,
            "debt_ratio": 35.98,
            "inventory_turnover_ratio": 1.48,
            "account_receivable_turnover_ratio": 2.25,
            "reinvestment_rate": -19.85,
            "research_to_sale_ratio": 2.83,
            "price_fair": 50.93,
            "eps_avg_yearly": 1.46,
            "eps_latest_yearly": 0.56,
            "eps_growth_yearly": 57.98
        },
        "20153": {
            "year_quarter": 20153,
            "year": 2015,
            "quarter": 3,
            "eps": 0.61,
            "eps_growth_year": 306.67,
            "eps_4q": 1.1,
            "eps_4q_growth_year": -5.06,
            "roe": 3.8,
            "roe_4q": 6.4799999999999995,
            "gross_profit": 563459,
            "gross_margin": 9.23,
            "gross_margin_4q_avg": 10.41,
            "net_income": 516658,
            "net_income_4q": null,
            "revenue": 6104593,
            "revenue_4q": null,
            "common_shares": 8343620,
            "book_valuer_per_share": 16.59,
            "book_valuer_per_share_4q_avg": 16.57,
            "equity": 13864628,
            "current_ratio": 223.55,
            "debt_ratio": 35.51,
            "inventory_turnover_ratio": 1.61,
            "account_receivable_turnover_ratio": 1.93,
            "reinvestment_rate": -10.14,
            "research_to_sale_ratio": 2.13,
            "price_fair": 53.64,
            "eps_avg_yearly": 1.53,
            "eps_latest_yearly": 2.44,
            "eps_growth_yearly": 104.41
        },
        "20154": {
            "year_quarter": 20154,
            "year": 2015,
            "quarter": 4,
            "eps": 1.29,
            "eps_growth_year": 469.67,
            "eps_4q": 2.16,
            "eps_4q_growth_year": 116.17,
            "roe": 7.17,
            "roe_4q": 12.309999999999999,
            "gross_profit": 525272,
            "gross_margin": 7.32,
            "gross_margin_4q_avg": 8.87,
            "net_income": 1030020,
            "net_income_4q": null,
            "revenue": 7180153,
            "revenue_4q": null,
            "common_shares": 8343620,
            "book_valuer_per_share": 17.9,
            "book_valuer_per_share_4q_avg": 16.76,
            "equity": 14877223,
            "current_ratio": 268.49,
            "debt_ratio": 32.31,
            "inventory_turnover_ratio": 2.55,
            "account_receivable_turnover_ratio": 2.14,
            "reinvestment_rate": -12.26,
            "research_to_sale_ratio": 4.2,
            "price_fair": 58.8,
            "eps_avg_yearly": 1.68,
            "eps_latest_yearly": 5.16,
            "eps_growth_yearly": 98.94
        },
        "20161": {
            "year_quarter": 20161,
            "year": 2016,
            "quarter": 1,
            "eps": 1.27,
            "eps_growth_year": 1311.11,
            "eps_4q": 3.34,
            "eps_4q_growth_year": 391.71,
            "roe": 6.79,
            "roe_4q": 18.630000000000003,
            "gross_profit": 260337,
            "gross_margin": 6.68,
            "gross_margin_4q_avg": 8.09,
            "net_income": 1043408,
            "net_income_4q": null,
            "revenue": 3895729,
            "revenue_4q": null,
            "common_shares": 8343620,
            "book_valuer_per_share": 19.12,
            "book_valuer_per_share_4q_avg": 17.27,
            "equity": 15841964,
            "current_ratio": 302.29,
            "debt_ratio": 30.84,
            "inventory_turnover_ratio": 2.11,
            "account_receivable_turnover_ratio": 1.34,
            "reinvestment_rate": -10.69,
            "research_to_sale_ratio": 6.84,
            "price_fair": 65.45,
            "eps_avg_yearly": 1.87,
            "eps_latest_yearly": 5.08,
            "eps_growth_yearly": 105.34
        },
        "20162": {
            "year_quarter": 20162,
            "year": 2016,
            "quarter": 2,
            "eps": 0.44,
            "eps_growth_year": 214.29,
            "eps_4q": 3.63,
            "eps_4q_growth_year": 491.08,
            "roe": 2.42,
            "roe_4q": 20.180000000000003,
            "gross_profit": 711775,
            "gross_margin": 10.59,
            "gross_margin_4q_avg": 8.46,
            "net_income": 369422,
            "net_income_4q": null,
            "revenue": 6723320,
            "revenue_4q": null,
            "common_shares": 8343620,
            "book_valuer_per_share": 17.62,
            "book_valuer_per_share_4q_avg": 17.81,
            "equity": 14654924,
            "current_ratio": 202.81,
            "debt_ratio": 42.12,
            "inventory_turnover_ratio": 2.35,
            "account_receivable_turnover_ratio": 1.71,
            "reinvestment_rate": -17.73,
            "research_to_sale_ratio": 2.29,
            "price_fair": 64.66,
            "eps_avg_yearly": 1.85,
            "eps_latest_yearly": 1.76,
            "eps_growth_yearly": 88.02
        },
        "20163": {
            "year_quarter": 20163,
            "year": 2016,
            "quarter": 3,
            "eps": 0.31,
            "eps_growth_year": -49.18,
            "eps_4q": 3.3,
            "eps_4q_growth_year": 200.76,
            "roe": 1.79,
            "roe_4q": 18.17,
            "gross_profit": 907340,
            "gross_margin": 13.58,
            "gross_margin_4q_avg": 9.54,
            "net_income": 264201,
            "net_income_4q": null,
            "revenue": 6681444,
            "revenue_4q": null,
            "common_shares": 8343620,
            "book_valuer_per_share": 17.79,
            "book_valuer_per_share_4q_avg": 18.11,
            "equity": 14826344,
            "current_ratio": 202.66,
            "debt_ratio": 44.95,
            "inventory_turnover_ratio": 1.29,
            "account_receivable_turnover_ratio": 1.39,
            "reinvestment_rate": -31.09,
            "research_to_sale_ratio": 2.08,
            "price_fair": 63,
            "eps_avg_yearly": 1.8,
            "eps_latest_yearly": 1.24,
            "eps_growth_yearly": 82.05
        },
        "20164": {
            "year_quarter": 20164,
            "year": 2016,
            "quarter": 4,
            "eps": 0.01,
            "eps_growth_year": -99.56,
            "eps_4q": 2.02,
            "eps_4q_growth_year": -6.81,
            "roe": -0.07,
            "roe_4q": 10.93,
            "gross_profit": 728923,
            "gross_margin": 8.36,
            "gross_margin_4q_avg": 9.8,
            "net_income": -10186,
            "net_income_4q": null,
            "revenue": 8717187,
            "revenue_4q": null,
            "common_shares": 8343620,
            "book_valuer_per_share": 17.72,
            "book_valuer_per_share_4q_avg": 18.06,
            "equity": 14716463,
            "current_ratio": 238.25,
            "debt_ratio": 38.23,
            "inventory_turnover_ratio": 1.93,
            "account_receivable_turnover_ratio": 1.7,
            "reinvestment_rate": -34.66,
            "research_to_sale_ratio": 2.06,
            "price_fair": 57.49,
            "eps_avg_yearly": 1.64,
            "eps_latest_yearly": 0.04,
            "eps_growth_yearly": 50.86
        },
        "20171": {
            "year_quarter": 20171,
            "year": 2017,
            "quarter": 1,
            "eps": -0.63,
            "eps_growth_year": -149.61,
            "eps_4q": 0.12,
            "eps_4q_growth_year": -96.51,
            "roe": -3.4,
            "roe_4q": 0.7400000000000002,
            "gross_profit": 333597,
            "gross_margin": 9.15,
            "gross_margin_4q_avg": 10.42,
            "net_income": -487536,
            "net_income_4q": null,
            "revenue": 3644950,
            "revenue_4q": null,
            "common_shares": 8343620,
            "book_valuer_per_share": 16.84,
            "book_valuer_per_share_4q_avg": 17.49,
            "equity": 13990818,
            "current_ratio": 278.94,
            "debt_ratio": 32.02,
            "inventory_turnover_ratio": 1.16,
            "account_receivable_turnover_ratio": 0.8,
            "reinvestment_rate": -36.11,
            "research_to_sale_ratio": 3.12,
            "price_fair": 58.43,
            "eps_avg_yearly": 1.67,
            "eps_latest_yearly": 0.04,
            "eps_growth_yearly": 68
        },
        "20172": {
            "year_quarter": 20172,
            "year": 2017,
            "quarter": 2,
            "eps": -0.42,
            "eps_growth_year": -195.45,
            "eps_4q": -0.74,
            "eps_4q_growth_year": -120.35,
            "roe": -2.51,
            "roe_4q": -4.19,
            "gross_profit": -101801,
            "gross_margin": -2.4,
            "gross_margin_4q_avg": 7.17,
            "net_income": -329105,
            "net_income_4q": null,
            "revenue": 4233049,
            "revenue_4q": null,
            "common_shares": 8343620,
            "book_valuer_per_share": 14.76,
            "book_valuer_per_share_4q_avg": 16.78,
            "equity": 12245444,
            "current_ratio": 222.85,
            "debt_ratio": 37.65,
            "inventory_turnover_ratio": 1.32,
            "account_receivable_turnover_ratio": 1.48,
            "reinvestment_rate": -52.54,
            "research_to_sale_ratio": 2.52,
            "price_fair": 59.2,
            "eps_avg_yearly": 1.69,
            "eps_latest_yearly": 0.04,
            "eps_growth_yearly": 70.09
        },
        "20173": {
            "year_quarter": 20173,
            "year": 2017,
            "quarter": 3,
            "eps": 0.12,
            "eps_growth_year": -61.29,
            "eps_4q": -0.92,
            "eps_4q_growth_year": -127.84,
            "roe": 0.88,
            "roe_4q": -5.1,
            "gross_profit": 460468,
            "gross_margin": 10.98,
            "gross_margin_4q_avg": 6.52,
            "net_income": 108604,
            "net_income_4q": null,
            "revenue": 4191832,
            "revenue_4q": null,
            "common_shares": 8343620,
            "book_valuer_per_share": 14.9,
            "book_valuer_per_share_4q_avg": 16.06,
            "equity": 12330208,
            "current_ratio": 271.36,
            "debt_ratio": 31.23,
            "inventory_turnover_ratio": 1.11,
            "account_receivable_turnover_ratio": 1.84,
            "reinvestment_rate": -41.96,
            "research_to_sale_ratio": 2.57,
            "price_fair": 59.88,
            "eps_avg_yearly": 1.71,
            "eps_latest_yearly": 0.04,
            "eps_growth_yearly": 73.67
        },
        "20174": {
            "year_quarter": 20174,
            "year": 2017,
            "quarter": 4,
            "eps": -0.17,
            "eps_growth_year": -3090.16,
            "eps_4q": -1.1,
            "eps_4q_growth_year": -154.43,
            "roe": -1.15,
            "roe_4q": -6.18,
            "gross_profit": 579650,
            "gross_margin": 12.1,
            "gross_margin_4q_avg": 7.46,
            "net_income": -140259,
            "net_income_4q": null,
            "revenue": 4791871,
            "revenue_4q": null,
            "common_shares": 8343620,
            "book_valuer_per_share": 14.74,
            "book_valuer_per_share_4q_avg": 15.31,
            "equity": 12154145,
            "current_ratio": 281.01,
            "debt_ratio": 30.05,
            "inventory_turnover_ratio": 1.65,
            "account_receivable_turnover_ratio": 2.06,
            "reinvestment_rate": -55.02,
            "research_to_sale_ratio": 2.14,
            "price_fair": 60.32,
            "eps_avg_yearly": 1.72,
            "eps_latest_yearly": 0.04,
            "eps_growth_yearly": 77.04
        },
        "20181": {
            "year_quarter": 20181,
            "year": 2018,
            "quarter": 1,
            "eps": 0.03,
            "eps_growth_year": null,
            "eps_4q": -0.44,
            "eps_4q_growth_year": -479.12,
            "roe": 0.26,
            "roe_4q": -2.5199999999999996,
            "gross_profit": 247157,
            "gross_margin": 9.62,
            "gross_margin_4q_avg": 7.58,
            "net_income": 31731,
            "net_income_4q": null,
            "revenue": 2569089,
            "revenue_4q": null,
            "common_shares": 8343620,
            "book_valuer_per_share": 14.8,
            "book_valuer_per_share_4q_avg": 14.8,
            "equity": 12183916,
            "current_ratio": 291.27,
            "debt_ratio": 29.14,
            "inventory_turnover_ratio": 1.25,
            "account_receivable_turnover_ratio": 1.11,
            "reinvestment_rate": -60.02,
            "research_to_sale_ratio": 3.26,
            "price_fair": 60.45,
            "eps_avg_yearly": 1.73,
            "eps_latest_yearly": 0.04,
            "eps_growth_yearly": 81.24
        },
        "20182": {
            "year_quarter": 20182,
            "year": 2018,
            "quarter": 2,
            "eps": 0.04,
            "eps_growth_year": null,
            "eps_4q": 0.02,
            "eps_4q_growth_year": null,
            "roe": 0.47,
            "roe_4q": 0.4600000000000001,
            "gross_profit": 373025,
            "gross_margin": 11.03,
            "gross_margin_4q_avg": 10.93,
            "net_income": 57610,
            "net_income_4q": null,
            "revenue": 3381977,
            "revenue_4q": null,
            "common_shares": 8343620,
            "book_valuer_per_share": 14.83,
            "book_valuer_per_share_4q_avg": 14.82,
            "equity": 12232903,
            "current_ratio": 287.66,
            "debt_ratio": 29.89,
            "inventory_turnover_ratio": 1.83,
            "account_receivable_turnover_ratio": 1.57,
            "reinvestment_rate": -64.19,
            "research_to_sale_ratio": 2.86,
            "price_fair": 58.29,
            "eps_avg_yearly": 1.67,
            "eps_latest_yearly": 0.16,
            "eps_growth_yearly": 111.54
        },
        "20183": {
            "year_quarter": 20183,
            "year": 2018,
            "quarter": 3,
            "eps": -0.03,
            "eps_growth_year": -125,
            "eps_4q": -0.13,
            "eps_4q_growth_year": null,
            "roe": -0.22,
            "roe_4q": -0.6399999999999999,
            "gross_profit": 444866,
            "gross_margin": 11.85,
            "gross_margin_4q_avg": 11.15,
            "net_income": -26563,
            "net_income_4q": null,
            "revenue": 3752762,
            "revenue_4q": null,
            "common_shares": 8343620,
            "book_valuer_per_share": 14.63,
            "book_valuer_per_share_4q_avg": 14.75,
            "equity": 12063364,
            "current_ratio": 254.66,
            "debt_ratio": 33.66,
            "inventory_turnover_ratio": 1.94,
            "account_receivable_turnover_ratio": 1.33,
            "reinvestment_rate": -75.47,
            "research_to_sale_ratio": 1.92,
            "price_fair": 62.02,
            "eps_avg_yearly": 1.77,
            "eps_latest_yearly": 0.16,
            "eps_growth_yearly": 134.13
        },
        "20184": {
            "year_quarter": 20184,
            "year": 2018,
            "quarter": 4,
            "eps": 0.15,
            "eps_growth_year": null,
            "eps_4q": 0.19,
            "eps_4q_growth_year": null,
            "roe": 0.98,
            "roe_4q": 1.49,
            "gross_profit": 632244,
            "gross_margin": 11.76,
            "gross_margin_4q_avg": 11.07,
            "net_income": 119374,
            "net_income_4q": null,
            "revenue": 5374129,
            "revenue_4q": null,
            "common_shares": 8093620,
            "book_valuer_per_share": 14.8,
            "book_valuer_per_share_4q_avg": 14.77,
            "equity": 12195197,
            "current_ratio": 231.22,
            "debt_ratio": 35.87,
            "inventory_turnover_ratio": 2.96,
            "account_receivable_turnover_ratio": 1.52,
            "reinvestment_rate": -65.09,
            "research_to_sale_ratio": 1.89,
            "price_fair": 65.33,
            "eps_avg_yearly": 1.87,
            "eps_latest_yearly": 0.16,
            "eps_growth_yearly": 125.33
        },
        "20191": {
            "year_quarter": 20191,
            "year": 2019,
            "quarter": 1,
            "eps": 0.01,
            "eps_growth_year": -66.67,
            "eps_4q": 0.17,
            "eps_4q_growth_year": null,
            "roe": 0.05,
            "roe_4q": 1.28,
            "gross_profit": 361158,
            "gross_margin": 12.58,
            "gross_margin_4q_avg": 11.81,
            "net_income": 6623,
            "net_income_4q": null,
            "revenue": 2870605,
            "revenue_4q": null,
            "common_shares": 8093620,
            "book_valuer_per_share": 14.91,
            "book_valuer_per_share_4q_avg": 14.79,
            "equity": 12277298,
            "current_ratio": 241.83,
            "debt_ratio": 34.28,
            "inventory_turnover_ratio": 1.47,
            "account_receivable_turnover_ratio": 1.03,
            "reinvestment_rate": -60.82,
            "research_to_sale_ratio": 3.01,
            "price_fair": 64.09,
            "eps_avg_yearly": 1.83,
            "eps_latest_yearly": 0.04,
            "eps_growth_yearly": 110.9
        },
        "20192": {
            "year_quarter": 20192,
            "year": 2019,
            "quarter": 2,
            "eps": 0.16,
            "eps_growth_year": 300,
            "eps_4q": 0.3,
            "eps_4q_growth_year": 1659.32,
            "roe": 1.12,
            "roe_4q": 1.9300000000000004,
            "gross_profit": 692147,
            "gross_margin": 15.81,
            "gross_margin_4q_avg": 13,
            "net_income": 138159,
            "net_income_4q": null,
            "revenue": 4377781,
            "revenue_4q": null,
            "common_shares": 8093620,
            "book_valuer_per_share": 15.03,
            "book_valuer_per_share_4q_avg": 14.84,
            "equity": 12392042,
            "current_ratio": 226.18,
            "debt_ratio": 36.48,
            "inventory_turnover_ratio": 1.45,
            "account_receivable_turnover_ratio": 1.82,
            "reinvestment_rate": -52.78,
            "research_to_sale_ratio": 2.84,
            "price_fair": 64.4,
            "eps_avg_yearly": 1.84,
            "eps_latest_yearly": 0.64,
            "eps_growth_yearly": 752.87
        },
        "20193": {
            "year_quarter": 20193,
            "year": 2019,
            "quarter": 3,
            "eps": 0.01,
            "eps_growth_year": null,
            "eps_4q": 0.33,
            "eps_4q_growth_year": null,
            "roe": 0.09,
            "roe_4q": 2.24,
            "gross_profit": 463608,
            "gross_margin": 12.29,
            "gross_margin_4q_avg": 13.11,
            "net_income": 10980,
            "net_income_4q": null,
            "revenue": 3771094,
            "revenue_4q": null,
            "common_shares": 8093620,
            "book_valuer_per_share": 14.89,
            "book_valuer_per_share_4q_avg": 14.91,
            "equity": 12265457,
            "current_ratio": 283.69,
            "debt_ratio": 28.65,
            "inventory_turnover_ratio": 1.6,
            "account_receivable_turnover_ratio": 1.19,
            "reinvestment_rate": -72.33,
            "research_to_sale_ratio": 2.64,
            "price_fair": 55.07,
            "eps_avg_yearly": 1.57,
            "eps_latest_yearly": 0.04,
            "eps_growth_yearly": 562
        },
        "20194": {
            "year_quarter": 20194,
            "year": 2019,
            "quarter": 4,
            "eps": -0.17,
            "eps_growth_year": -211.83,
            "eps_4q": 0.01,
            "eps_4q_growth_year": -97,
            "roe": -1.14,
            "roe_4q": 0.12000000000000029,
            "gross_profit": 587234,
            "gross_margin": 13.98,
            "gross_margin_4q_avg": 13.67,
            "net_income": -139025,
            "net_income_4q": null,
            "revenue": 4200845,
            "revenue_4q": null,
            "common_shares": 8093620,
            "book_valuer_per_share": 14.6,
            "book_valuer_per_share_4q_avg": 14.86,
            "equity": 12030714,
            "current_ratio": 264.99,
            "debt_ratio": 30.14,
            "inventory_turnover_ratio": 2.25,
            "account_receivable_turnover_ratio": 1.39,
            "reinvestment_rate": -150.08,
            "research_to_sale_ratio": 3.99,
            "price_fair": 39.38,
            "eps_avg_yearly": 1.13,
            "eps_latest_yearly": 0.04,
            "eps_growth_yearly": 576.51
        },
        "20201": {
            "year_quarter": 20201,
            "year": 2020,
            "quarter": 1,
            "eps": -0.4,
            "eps_growth_year": -4100,
            "eps_4q": -0.4,
            "eps_4q_growth_year": -332.28,
            "roe": -2.72,
            "roe_4q": -2.6500000000000004,
            "gross_profit": 234884,
            "gross_margin": 7.9,
            "gross_margin_4q_avg": 12.5,
            "net_income": -322395,
            "net_income_4q": null,
            "revenue": 2974836,
            "revenue_4q": null,
            "common_shares": 8093620,
            "book_valuer_per_share": 14.13,
            "book_valuer_per_share_4q_avg": 14.66,
            "equity": 11635098,
            "current_ratio": 280.34,
            "debt_ratio": 28.21,
            "inventory_turnover_ratio": 1.46,
            "account_receivable_turnover_ratio": 1.33,
            "reinvestment_rate": null,
            "research_to_sale_ratio": 3.36,
            "price_fair": 19.6,
            "eps_avg_yearly": 0.56,
            "eps_latest_yearly": 0.04,
            "eps_growth_yearly": 659.76
        },
        "20202": {
            "year_quarter": 20202,
            "year": 2020,
            "quarter": 2,
            "eps": 0.23,
            "eps_growth_year": 43.75,
            "eps_4q": -0.34,
            "eps_4q_growth_year": -213.41,
            "roe": 1.6,
            "roe_4q": -2.17,
            "gross_profit": 365187,
            "gross_margin": 9.08,
            "gross_margin_4q_avg": 10.81,
            "net_income": 186999,
            "net_income_4q": null,
            "revenue": 4021304,
            "revenue_4q": null,
            "common_shares": 8093620,
            "book_valuer_per_share": 14.29,
            "book_valuer_per_share_4q_avg": 14.48,
            "equity": 11764396,
            "current_ratio": 278.61,
            "debt_ratio": 28.58,
            "inventory_turnover_ratio": 2.33,
            "account_receivable_turnover_ratio": 1.7,
            "reinvestment_rate": null,
            "research_to_sale_ratio": 2.06,
            "price_fair": 12.6,
            "eps_avg_yearly": 0.36,
            "eps_latest_yearly": 0.04,
            "eps_growth_yearly": 813.29
        },
        "20203": {
            "year_quarter": 20203,
            "year": 2020,
            "quarter": 3,
            "eps": 0.3,
            "eps_growth_year": 2900,
            "eps_4q": -0.05,
            "eps_4q_growth_year": -114.32,
            "roe": 2.11,
            "roe_4q": -0.15000000000000013,
            "gross_profit": 358628,
            "gross_margin": 7.82,
            "gross_margin_4q_avg": 9.7,
            "net_income": 251475,
            "net_income_4q": null,
            "revenue": 4586239,
            "revenue_4q": null,
            "common_shares": 8093620,
            "book_valuer_per_share": 14.63,
            "book_valuer_per_share_4q_avg": 14.41,
            "equity": 12036084,
            "current_ratio": 232.16,
            "debt_ratio": 34.31,
            "inventory_turnover_ratio": 2.51,
            "account_receivable_turnover_ratio": 1.35,
            "reinvestment_rate": null,
            "research_to_sale_ratio": 2.73,
            "price_fair": 12.37,
            "eps_avg_yearly": 0.35,
            "eps_latest_yearly": 1.2,
            "eps_growth_yearly": 853.27
        },
        "20204": {
            "year_quarter": 20204,
            "year": 2020,
            "quarter": 4,
            "eps": 0.56,
            "eps_growth_year": null,
            "eps_4q": 0.68,
            "eps_4q_growth_year": 11693.89,
            "roe": 3.69,
            "roe_4q": 4.68,
            "gross_profit": 379018,
            "gross_margin": 7.34,
            "gross_margin_4q_avg": 8.04,
            "net_income": 453491,
            "net_income_4q": null,
            "revenue": 5165508,
            "revenue_4q": null,
            "common_shares": 8093620,
            "book_valuer_per_share": 15.25,
            "book_valuer_per_share_4q_avg": 14.58,
            "equity": 12536616,
            "current_ratio": 239.53,
            "debt_ratio": 34.39,
            "inventory_turnover_ratio": 2.07,
            "account_receivable_turnover_ratio": 1.36,
            "reinvestment_rate": null,
            "research_to_sale_ratio": 3.12,
            "price_fair": 25.2,
            "eps_avg_yearly": 0.72,
            "eps_latest_yearly": 2.24,
            "eps_growth_yearly": 975.57
        },
        "20211": {
            "year_quarter": 20211,
            "year": 2021,
            "quarter": 1,
            "eps": 6,
            "eps_growth_year": null,
            "eps_4q": 7.08,
            "eps_4q_growth_year": null,
            "roe": 32.44,
            "roe_4q": 39.839999999999996,
            "gross_profit": 300278,
            "gross_margin": 6.66,
            "gross_margin_4q_avg": 7.73,
            "net_income": 4856311,
            "net_income_4q": null,
            "revenue": 4505705,
            "revenue_4q": null,
            "common_shares": 8093620,
            "book_valuer_per_share": 21.27,
            "book_valuer_per_share_4q_avg": 16.36,
            "equity": 17405235,
            "current_ratio": 329.41,
            "debt_ratio": 31.28,
            "inventory_turnover_ratio": 1.56,
            "account_receivable_turnover_ratio": 1.24,
            "reinvestment_rate": 8.82,
            "research_to_sale_ratio": 6.81,
            "price_fair": 141.6,
            "eps_avg_yearly": 4.05,
            "eps_latest_yearly": 24,
            "eps_growth_yearly": 1391.3
        },
        "20212": {
            "year_quarter": 20212,
            "year": 2021,
            "quarter": 2,
            "eps": 1,
            "eps_growth_year": 334.78,
            "eps_4q": 7.85,
            "eps_4q_growth_year": null,
            "roe": 4.57,
            "roe_4q": 42.809999999999995,
            "gross_profit": 399964,
            "gross_margin": 8.22,
            "gross_margin_4q_avg": 7.51,
            "net_income": 809713,
            "net_income_4q": null,
            "revenue": 4867342,
            "revenue_4q": null,
            "common_shares": 8093620,
            "book_valuer_per_share": 22.02,
            "book_valuer_per_share_4q_avg": 18.29,
            "equity": 18010577,
            "current_ratio": 304.08,
            "debt_ratio": 33.92,
            "inventory_turnover_ratio": 1.3,
            "account_receivable_turnover_ratio": 1.32,
            "reinvestment_rate": 5.09,
            "research_to_sale_ratio": 1.37,
            "price_fair": 141.4,
            "eps_avg_yearly": 4.04,
            "eps_latest_yearly": 4,
            "eps_growth_yearly": 1175.72
        },
        "20213": {
            "year_quarter": 20213,
            "year": 2021,
            "quarter": 3,
            "eps": -0.13,
            "eps_growth_year": -143.33,
            "eps_4q": 7.91,
            "eps_4q_growth_year": null,
            "roe": -0.57,
            "roe_4q": 40.129999999999995,
            "gross_profit": 543009,
            "gross_margin": 8.22,
            "gross_margin_4q_avg": 7.61,
            "net_income": -101237,
            "net_income_4q": null,
            "revenue": 6604814,
            "revenue_4q": null,
            "common_shares": 7600000,
            "book_valuer_per_share": 22.66,
            "book_valuer_per_share_4q_avg": 20.3,
            "equity": 17412984,
            "current_ratio": 283.87,
            "debt_ratio": 35.84,
            "inventory_turnover_ratio": 1.58,
            "account_receivable_turnover_ratio": 1.43,
            "reinvestment_rate": 5.85,
            "research_to_sale_ratio": 1.67,
            "price_fair": 141.4,
            "eps_avg_yearly": 4.04,
            "eps_latest_yearly": 4,
            "eps_growth_yearly": 1175.72
        },
        "20214": {
            "year_quarter": 20214,
            "year": 2021,
            "quarter": 4,
            "eps": -0.71,
            "eps_growth_year": -227,
            "eps_4q": 6.6,
            "eps_4q_growth_year": 865.8,
            "roe": -3.16,
            "roe_4q": 33.28,
            "gross_profit": 576976,
            "gross_margin": 9.23,
            "gross_margin_4q_avg": 8.08,
            "net_income": -542408,
            "net_income_4q": null,
            "revenue": 6254057,
            "revenue_4q": null,
            "common_shares": 7600000,
            "book_valuer_per_share": 21.97,
            "book_valuer_per_share_4q_avg": 21.98,
            "equity": 16884249,
            "current_ratio": 269.13,
            "debt_ratio": 36.87,
            "inventory_turnover_ratio": 1.74,
            "account_receivable_turnover_ratio": 1.16,
            "reinvestment_rate": 6,
            "research_to_sale_ratio": 1.95,
            "price_fair": 141.4,
            "eps_avg_yearly": 4.04,
            "eps_latest_yearly": 4,
            "eps_growth_yearly": 1175.72
        },
        "20221": {
            "year_quarter": 20221,
            "year": 2022,
            "quarter": 1,
            "eps": -3.93,
            "eps_growth_year": -165.5,
            "eps_4q": -3.72,
            "eps_4q_growth_year": -152.53,
            "roe": -19.31,
            "roe_4q": -18.47,
            "gross_profit": 534926,
            "gross_margin": 12.15,
            "gross_margin_4q_avg": 9.46,
            "net_income": -2987860,
            "net_income_4q": null,
            "revenue": 4403628,
            "revenue_4q": null,
            "common_shares": 7600000,
            "book_valuer_per_share": 18.25,
            "book_valuer_per_share_4q_avg": 21.23,
            "equity": 14061931,
            "current_ratio": 239.67,
            "debt_ratio": 36.8,
            "inventory_turnover_ratio": 1.24,
            "account_receivable_turnover_ratio": 0.99,
            "reinvestment_rate": 13.13,
            "research_to_sale_ratio": 3.92,
            "price_fair": 141.4,
            "eps_avg_yearly": 4.04,
            "eps_latest_yearly": 4,
            "eps_growth_yearly": 1175.72
        },
        "20222": {
            "year_quarter": 20222,
            "year": 2022,
            "quarter": 2,
            "eps": -0.5,
            "eps_growth_year": -150,
            "eps_4q": -5.03,
            "eps_4q_growth_year": -164.03,
            "roe": -2.84,
            "roe_4q": -25.88,
            "gross_profit": 435149,
            "gross_margin": 9.68,
            "gross_margin_4q_avg": 9.82,
            "net_income": -384944,
            "net_income_4q": null,
            "revenue": 4494084,
            "revenue_4q": null,
            "common_shares": 7600000,
            "book_valuer_per_share": 16.92,
            "book_valuer_per_share_4q_avg": 19.95,
            "equity": 13044991,
            "current_ratio": 242.24,
            "debt_ratio": 35.45,
            "inventory_turnover_ratio": 1.34,
            "account_receivable_turnover_ratio": 1.28,
            "reinvestment_rate": 10.74,
            "research_to_sale_ratio": 2.94,
            "price_fair": 160.8,
            "eps_avg_yearly": 4.59,
            "eps_latest_yearly": 4,
            "eps_growth_yearly": 1324.64
        },
        "20223": {
            "year_quarter": 20223,
            "year": 2022,
            "quarter": 3,
            "eps": 1.29,
            "eps_growth_year": null,
            "eps_4q": -3.6,
            "eps_4q_growth_year": -145.55,
            "roe": 7.64,
            "roe_4q": -17.669999999999998,
            "gross_profit": 292709,
            "gross_margin": 7.54,
            "gross_margin_4q_avg": 9.65,
            "net_income": 1038685,
            "net_income_4q": null,
            "revenue": 3884467,
            "revenue_4q": null,
            "common_shares": 7980000,
            "book_valuer_per_share": 17.47,
            "book_valuer_per_share_4q_avg": 18.65,
            "equity": 14145280,
            "current_ratio": 287.86,
            "debt_ratio": 31.87,
            "inventory_turnover_ratio": 1.51,
            "account_receivable_turnover_ratio": 1.07,
            "reinvestment_rate": 8.98,
            "research_to_sale_ratio": 2.82,
            "price_fair": 160.8,
            "eps_avg_yearly": 4.59,
            "eps_latest_yearly": 4,
            "eps_growth_yearly": 1324.64
        },
        "20224": {
            "year_quarter": 20224,
            "year": 2022,
            "quarter": 4,
            "eps": -0.53,
            "eps_growth_year": null,
            "eps_4q": -3.45,
            "eps_4q_growth_year": -152.28,
            "roe": -3.25,
            "roe_4q": -17.759999999999998,
            "gross_profit": 226681,
            "gross_margin": 6.34,
            "gross_margin_4q_avg": 8.93,
            "net_income": -451319,
            "net_income_4q": null,
            "revenue": 3573233,
            "revenue_4q": null,
            "common_shares": 7980000,
            "book_valuer_per_share": 16.86,
            "book_valuer_per_share_4q_avg": 17.38,
            "equity": 13619162,
            "current_ratio": 282.27,
            "debt_ratio": 31.12,
            "inventory_turnover_ratio": 1.64,
            "account_receivable_turnover_ratio": 1.1,
            "reinvestment_rate": -5.81,
            "research_to_sale_ratio": 1.61,
            "price_fair": 160.8,
            "eps_avg_yearly": 4.59,
            "eps_latest_yearly": 4,
            "eps_growth_yearly": 1324.64
        },
        "20231": {
            "year_quarter": 20231,
            "year": 2023,
            "quarter": 1,
            "eps": 0.7,
            "eps_growth_year": null,
            "eps_4q": 1,
            "eps_4q_growth_year": null,
            "roe": 4.06,
            "roe_4q": 5.609999999999999,
            "gross_profit": 324426,
            "gross_margin": 9.78,
            "gross_margin_4q_avg": 8.34,
            "net_income": 567584,
            "net_income_4q": null,
            "revenue": 3318741,
            "revenue_4q": null,
            "common_shares": 7980000,
            "book_valuer_per_share": 17.76,
            "book_valuer_per_share_4q_avg": 17.25,
            "equity": 14345857,
            "current_ratio": 319.36,
            "debt_ratio": 28.19,
            "inventory_turnover_ratio": 1.36,
            "account_receivable_turnover_ratio": 1.2,
            "reinvestment_rate": -4.23,
            "research_to_sale_ratio": 2.92,
            "price_fair": 187.37,
            "eps_avg_yearly": 5.35,
            "eps_latest_yearly": 4,
            "eps_growth_yearly": 1607.63
        },
        "20232": {
            "year_quarter": 20232,
            "year": 2023,
            "quarter": 2,
            "eps": -0.33,
            "eps_growth_year": null,
            "eps_4q": 1.19,
            "eps_4q_growth_year": null,
            "roe": -1.83,
            "roe_4q": 6.619999999999999,
            "gross_profit": 327037,
            "gross_margin": 8.52,
            "gross_margin_4q_avg": 8.05,
            "net_income": -257414,
            "net_income_4q": null,
            "revenue": 3836232,
            "revenue_4q": null,
            "common_shares": 7980000,
            "book_valuer_per_share": 18.12,
            "book_valuer_per_share_4q_avg": 17.55,
            "equity": 13841864,
            "current_ratio": 287.61,
            "debt_ratio": 30.15,
            "inventory_turnover_ratio": 1.35,
            "account_receivable_turnover_ratio": 1.31,
            "reinvestment_rate": -11.16,
            "research_to_sale_ratio": 3.18,
            "price_fair": 220.36,
            "eps_avg_yearly": 6.3,
            "eps_latest_yearly": 4,
            "eps_growth_yearly": 729.16
        },
        "20233": {
            "year_quarter": 20233,
            "year": 2023,
            "quarter": 3,
            "eps": 0.06,
            "eps_growth_year": -95.35,
            "eps_4q": -0.09,
            "eps_4q_growth_year": null,
            "roe": 0.36,
            "roe_4q": -0.6600000000000006,
            "gross_profit": 501229,
            "gross_margin": 10.12,
            "gross_margin_4q_avg": 8.69,
            "net_income": 49294,
            "net_income_4q": null,
            "revenue": 4953528,
            "revenue_4q": null,
            "common_shares": 7401000,
            "book_valuer_per_share": 18.15,
            "book_valuer_per_share_4q_avg": 17.72,
            "equity": 13595788,
            "current_ratio": 237.84,
            "debt_ratio": 35.71,
            "inventory_turnover_ratio": 1.62,
            "account_receivable_turnover_ratio": 1.34,
            "reinvestment_rate": -12.58,
            "research_to_sale_ratio": 3.53,
            "price_fair": 275.1,
            "eps_avg_yearly": 7.86,
            "eps_latest_yearly": 4,
            "eps_growth_yearly": 1005.2
        }
    },
    "months": {
        "2001-09": {
            "month": "2001-09",
            "price": "25.71",
            "revenue": 831247
        },
        "2001-10": {
            "month": "2001-10",
            "price": "27.94",
            "revenue": 1166254
        },
        "2001-11": {
            "month": "2001-11",
            "price": "36.04",
            "revenue": 1416636
        },
        "2001-12": {
            "month": "2001-12",
            "price": "56.31",
            "revenue": 1388668
        },
        "2002-01": {
            "month": "2002-01",
            "price": "72.80",
            "revenue": 1288660
        },
        "2002-02": {
            "month": "2002-02",
            "price": "80.75",
            "revenue": 1086428
        },
        "2002-03": {
            "month": "2002-03",
            "price": "75.71",
            "revenue": 1002920
        },
        "2002-04": {
            "month": "2002-04",
            "price": "69.33",
            "revenue": 1104942
        },
        "2002-05": {
            "month": "2002-05",
            "price": "62.45",
            "revenue": 1031050
        },
        "2002-06": {
            "month": "2002-06",
            "price": "59.38",
            "revenue": 1139737
        },
        "2002-07": {
            "month": "2002-07",
            "price": "56.36",
            "revenue": 1331077
        },
        "2002-08": {
            "month": "2002-08",
            "price": "53.18",
            "revenue": 979742
        },
        "2002-09": {
            "month": "2002-09",
            "price": "40.67",
            "revenue": 863448
        },
        "2002-10": {
            "month": "2002-10",
            "price": "34.63",
            "revenue": 1173702
        },
        "2002-11": {
            "month": "2002-11",
            "price": "42.79",
            "revenue": 1201145
        },
        "2002-12": {
            "month": "2002-12",
            "price": "39.38",
            "revenue": 1222930
        },
        "2003-01": {
            "month": "2003-01",
            "price": "38.85",
            "revenue": 1231328
        },
        "2003-02": {
            "month": "2003-02",
            "price": "33.92",
            "revenue": 1129256
        },
        "2003-03": {
            "month": "2003-03",
            "price": "32.19",
            "revenue": 1175131
        },
        "2003-04": {
            "month": "2003-04",
            "price": "30.89",
            "revenue": 1266792
        },
        "2003-05": {
            "month": "2003-05",
            "price": "28.85",
            "revenue": 1273049
        },
        "2003-06": {
            "month": "2003-06",
            "price": "34.56",
            "revenue": 1132156
        },
        "2003-07": {
            "month": "2003-07",
            "price": "39.96",
            "revenue": 1140490
        },
        "2003-08": {
            "month": "2003-08",
            "price": "37.42",
            "revenue": 1114835
        },
        "2003-09": {
            "month": "2003-09",
            "price": "33.31",
            "revenue": 1533009
        },
        "2003-10": {
            "month": "2003-10",
            "price": "31.58",
            "revenue": 1318596
        },
        "2003-11": {
            "month": "2003-11",
            "price": "30.01",
            "revenue": 1118272
        },
        "2003-12": {
            "month": "2003-12",
            "price": "28.47",
            "revenue": 1103356
        },
        "2004-01": {
            "month": "2004-01",
            "price": "28.75",
            "revenue": 1267912
        },
        "2004-02": {
            "month": "2004-02",
            "price": "31.10",
            "revenue": 1449078
        },
        "2004-03": {
            "month": "2004-03",
            "price": "31.47",
            "revenue": 1506943
        },
        "2004-04": {
            "month": "2004-04",
            "price": "32.39",
            "revenue": 1301473
        },
        "2004-05": {
            "month": "2004-05",
            "price": "28.45",
            "revenue": 1268614
        },
        "2004-06": {
            "month": "2004-06",
            "price": "25.08",
            "revenue": 1019455
        },
        "2004-07": {
            "month": "2004-07",
            "price": "20.30",
            "revenue": 1008876
        },
        "2004-08": {
            "month": "2004-08",
            "price": "19.62",
            "revenue": 829627
        },
        "2004-09": {
            "month": "2004-09",
            "price": "18.51",
            "revenue": 971160
        },
        "2004-10": {
            "month": "2004-10",
            "price": "16.04",
            "revenue": 710208
        },
        "2004-11": {
            "month": "2004-11",
            "price": "13.45",
            "revenue": 859008
        },
        "2004-12": {
            "month": "2004-12",
            "price": "14.05",
            "revenue": 803296
        },
        "2005-01": {
            "month": "2005-01",
            "price": "14.27",
            "revenue": 826909
        },
        "2005-02": {
            "month": "2005-02",
            "price": "15.66",
            "revenue": 443657
        },
        "2005-03": {
            "month": "2005-03",
            "price": "17.55",
            "revenue": 684595
        },
        "2005-04": {
            "month": "2005-04",
            "price": "16.26",
            "revenue": 791268
        },
        "2005-05": {
            "month": "2005-05",
            "price": "14.86",
            "revenue": 632340
        },
        "2005-06": {
            "month": "2005-06",
            "price": "16.18",
            "revenue": 597521
        },
        "2005-07": {
            "month": "2005-07",
            "price": "16.22",
            "revenue": 1222632
        },
        "2005-08": {
            "month": "2005-08",
            "price": "14.09",
            "revenue": 1239609
        },
        "2005-09": {
            "month": "2005-09",
            "price": "11.78",
            "revenue": 1034222
        },
        "2005-10": {
            "month": "2005-10",
            "price": "10.09",
            "revenue": 1007427
        },
        "2005-11": {
            "month": "2005-11",
            "price": "10.03",
            "revenue": 1387925
        },
        "2005-12": {
            "month": "2005-12",
            "price": "12.31",
            "revenue": 1848005
        },
        "2006-01": {
            "month": "2006-01",
            "price": "14.67",
            "revenue": 1624939
        },
        "2006-02": {
            "month": "2006-02",
            "price": "18.02",
            "revenue": 1640970
        },
        "2006-03": {
            "month": "2006-03",
            "price": "20.66",
            "revenue": 2416740
        },
        "2006-04": {
            "month": "2006-04",
            "price": "26.61",
            "revenue": 2456825
        },
        "2006-05": {
            "month": "2006-05",
            "price": "28.10",
            "revenue": 2557614
        },
        "2006-06": {
            "month": "2006-06",
            "price": "24.00",
            "revenue": 2210443
        },
        "2006-07": {
            "month": "2006-07",
            "price": "22.14",
            "revenue": 2002148
        },
        "2006-08": {
            "month": "2006-08",
            "price": "22.06",
            "revenue": 2109143
        },
        "2006-09": {
            "month": "2006-09",
            "price": "20.78",
            "revenue": 2404426
        },
        "2006-10": {
            "month": "2006-10",
            "price": "21.21",
            "revenue": 2583573
        },
        "2006-11": {
            "month": "2006-11",
            "price": "22.99",
            "revenue": 2815765
        },
        "2006-12": {
            "month": "2006-12",
            "price": "25.22",
            "revenue": 4164924
        },
        "2007-01": {
            "month": "2007-01",
            "price": "27.85",
            "revenue": 3822081
        },
        "2007-02": {
            "month": "2007-02",
            "price": "27.11",
            "revenue": 3236121
        },
        "2007-03": {
            "month": "2007-03",
            "price": "28.09",
            "revenue": 3843723
        },
        "2007-04": {
            "month": "2007-04",
            "price": "30.64",
            "revenue": 4653641
        },
        "2007-05": {
            "month": "2007-05",
            "price": "31.87",
            "revenue": 5065818
        },
        "2007-06": {
            "month": "2007-06",
            "price": "39.02",
            "revenue": 5608524
        },
        "2007-07": {
            "month": "2007-07",
            "price": "48.84",
            "revenue": 5853622
        },
        "2007-08": {
            "month": "2007-08",
            "price": "51.62",
            "revenue": 6045645
        },
        "2007-09": {
            "month": "2007-09",
            "price": "50.23",
            "revenue": 6233021
        },
        "2007-10": {
            "month": "2007-10",
            "price": "48.21",
            "revenue": 6250169
        },
        "2007-11": {
            "month": "2007-11",
            "price": "40.18",
            "revenue": 6756954
        },
        "2007-12": {
            "month": "2007-12",
            "price": "36.63",
            "revenue": 7068246
        },
        "2008-01": {
            "month": "2008-01",
            "price": "29.95",
            "revenue": 6489252
        },
        "2008-02": {
            "month": "2008-02",
            "price": "25.52",
            "revenue": 6029532
        },
        "2008-03": {
            "month": "2008-03",
            "price": "27.59",
            "revenue": 6054859
        },
        "2008-04": {
            "month": "2008-04",
            "price": "30.01",
            "revenue": 5000620
        },
        "2008-05": {
            "month": "2008-05",
            "price": "28.95",
            "revenue": 5344239
        },
        "2008-06": {
            "month": "2008-06",
            "price": "24.44",
            "revenue": 5101202
        },
        "2008-07": {
            "month": "2008-07",
            "price": "20.56",
            "revenue": 4500686
        },
        "2008-08": {
            "month": "2008-08",
            "price": "20.57",
            "revenue": 4587072
        },
        "2008-09": {
            "month": "2008-09",
            "price": "15.07",
            "revenue": 3544505
        },
        "2008-10": {
            "month": "2008-10",
            "price": "10.71",
            "revenue": 3980429
        },
        "2008-11": {
            "month": "2008-11",
            "price": "8.34",
            "revenue": 5371392
        },
        "2008-12": {
            "month": "2008-12",
            "price": "10.01",
            "revenue": 5020759
        },
        "2009-01": {
            "month": "2009-01",
            "price": "10.30",
            "revenue": 4576983
        },
        "2009-02": {
            "month": "2009-02",
            "price": "11.04",
            "revenue": 5119401
        },
        "2009-03": {
            "month": "2009-03",
            "price": "12.90",
            "revenue": 5778661
        },
        "2009-04": {
            "month": "2009-04",
            "price": "14.51",
            "revenue": 5191135
        },
        "2009-05": {
            "month": "2009-05",
            "price": "18.83",
            "revenue": 5357606
        },
        "2009-06": {
            "month": "2009-06",
            "price": "19.18",
            "revenue": 5636838
        },
        "2009-07": {
            "month": "2009-07",
            "price": "21.33",
            "revenue": 4022781
        },
        "2009-08": {
            "month": "2009-08",
            "price": "21.72",
            "revenue": 5359048
        },
        "2009-09": {
            "month": "2009-09",
            "price": "27.58",
            "revenue": 5308912
        },
        "2009-10": {
            "month": "2009-10",
            "price": "31.50",
            "revenue": 5395048
        },
        "2009-11": {
            "month": "2009-11",
            "price": "32.90",
            "revenue": 6252041
        },
        "2009-12": {
            "month": "2009-12",
            "price": "35.85",
            "revenue": 6036620
        },
        "2010-01": {
            "month": "2010-01",
            "price": "35.90",
            "revenue": 4254684
        },
        "2010-02": {
            "month": "2010-02",
            "price": "30.31",
            "revenue": 4025754
        },
        "2010-03": {
            "month": "2010-03",
            "price": "34.65",
            "revenue": 5241931
        },
        "2010-04": {
            "month": "2010-04",
            "price": "35.79",
            "revenue": 3536327
        },
        "2010-05": {
            "month": "2010-05",
            "price": "30.72",
            "revenue": 5300401
        },
        "2010-06": {
            "month": "2010-06",
            "price": "30.97",
            "revenue": 5341496
        },
        "2010-07": {
            "month": "2010-07",
            "price": "30.00",
            "revenue": 5139487
        },
        "2010-08": {
            "month": "2010-08",
            "price": "28.38",
            "revenue": 4525568
        },
        "2010-09": {
            "month": "2010-09",
            "price": "26.53",
            "revenue": 5527756
        },
        "2010-10": {
            "month": "2010-10",
            "price": "26.01",
            "revenue": 7203876
        },
        "2010-11": {
            "month": "2010-11",
            "price": "25.74",
            "revenue": 8596926
        },
        "2010-12": {
            "month": "2010-12",
            "price": "27.77",
            "revenue": 9984325
        },
        "2011-01": {
            "month": "2011-01",
            "price": "27.46",
            "revenue": 4493465
        },
        "2011-02": {
            "month": "2011-02",
            "price": "25.89",
            "revenue": 5396518
        },
        "2011-03": {
            "month": "2011-03",
            "price": "25.15",
            "revenue": 5479751
        },
        "2011-04": {
            "month": "2011-04",
            "price": "24.97",
            "revenue": 3522648
        },
        "2011-05": {
            "month": "2011-05",
            "price": "24.83",
            "revenue": 3404892
        },
        "2011-06": {
            "month": "2011-06",
            "price": "24.77",
            "revenue": 3436936
        },
        "2011-07": {
            "month": "2011-07",
            "price": "23.58",
            "revenue": 3006346
        },
        "2011-08": {
            "month": "2011-08",
            "price": "19.02",
            "revenue": 3015373
        },
        "2011-09": {
            "month": "2011-09",
            "price": "16.35",
            "revenue": 5034238
        },
        "2011-10": {
            "month": "2011-10",
            "price": "17.53",
            "revenue": 6005630
        },
        "2011-11": {
            "month": "2011-11",
            "price": "17.40",
            "revenue": 7221230
        },
        "2011-12": {
            "month": "2011-12",
            "price": "16.15",
            "revenue": 6437147
        },
        "2012-01": {
            "month": "2012-01",
            "price": "16.53",
            "revenue": 4018239
        },
        "2012-02": {
            "month": "2012-02",
            "price": "21.27",
            "revenue": 4026492
        },
        "2012-03": {
            "month": "2012-03",
            "price": "23.88",
            "revenue": 6027446
        },
        "2012-04": {
            "month": "2012-04",
            "price": "22.28",
            "revenue": 4512343
        },
        "2012-05": {
            "month": "2012-05",
            "price": "23.19",
            "revenue": 5047984
        },
        "2012-06": {
            "month": "2012-06",
            "price": "23.42",
            "revenue": 5623779
        },
        "2012-07": {
            "month": "2012-07",
            "price": "23.56",
            "revenue": 4700067
        },
        "2012-08": {
            "month": "2012-08",
            "price": "22.54",
            "revenue": 5615464
        },
        "2012-09": {
            "month": "2012-09",
            "price": "23.54",
            "revenue": 5619889
        },
        "2012-10": {
            "month": "2012-10",
            "price": "24.01",
            "revenue": 4715464
        },
        "2012-11": {
            "month": "2012-11",
            "price": "23.99",
            "revenue": 4617770
        },
        "2012-12": {
            "month": "2012-12",
            "price": "23.24",
            "revenue": 4227309
        },
        "2013-01": {
            "month": "2013-01",
            "price": "21.62",
            "revenue": 2787051
        },
        "2013-02": {
            "month": "2013-02",
            "price": "20.93",
            "revenue": 1508390
        },
        "2013-03": {
            "month": "2013-03",
            "price": "22.68",
            "revenue": 2134204
        },
        "2013-04": {
            "month": "2013-04",
            "price": "24.14",
            "revenue": 1953489
        },
        "2013-05": {
            "month": "2013-05",
            "price": "24.42",
            "revenue": 2635342
        },
        "2013-06": {
            "month": "2013-06",
            "price": "24.24",
            "revenue": 2162714
        },
        "2013-07": {
            "month": "2013-07",
            "price": "24.08",
            "revenue": 2444817
        },
        "2013-08": {
            "month": "2013-08",
            "price": "19.69",
            "revenue": 2589820
        },
        "2013-09": {
            "month": "2013-09",
            "price": "19.72",
            "revenue": 2667454
        },
        "2013-10": {
            "month": "2013-10",
            "price": "19.50",
            "revenue": 3343498
        },
        "2013-11": {
            "month": "2013-11",
            "price": "18.30",
            "revenue": 2975717
        },
        "2013-12": {
            "month": "2013-12",
            "price": "19.53",
            "revenue": 2291006
        },
        "2014-01": {
            "month": "2014-01",
            "price": "20.03",
            "revenue": 2004948
        },
        "2014-02": {
            "month": "2014-02",
            "price": "19.08",
            "revenue": 1678056
        },
        "2014-03": {
            "month": "2014-03",
            "price": "18.95",
            "revenue": 2052823
        },
        "2014-04": {
            "month": "2014-04",
            "price": "20.91",
            "revenue": 1456080
        },
        "2014-05": {
            "month": "2014-05",
            "price": "21.40",
            "revenue": 1525791
        },
        "2014-06": {
            "month": "2014-06",
            "price": "22.36",
            "revenue": 1293818
        },
        "2014-07": {
            "month": "2014-07",
            "price": "22.23",
            "revenue": 927178
        },
        "2014-08": {
            "month": "2014-08",
            "price": "20.05",
            "revenue": 912706
        },
        "2014-09": {
            "month": "2014-09",
            "price": "18.89",
            "revenue": 1085483
        },
        "2014-10": {
            "month": "2014-10",
            "price": "17.62",
            "revenue": 1547322
        },
        "2014-11": {
            "month": "2014-11",
            "price": "17.06",
            "revenue": 1527512
        },
        "2014-12": {
            "month": "2014-12",
            "price": "16.66",
            "revenue": 1827391
        },
        "2015-01": {
            "month": "2015-01",
            "price": "17.60",
            "revenue": 903013
        },
        "2015-02": {
            "month": "2015-02",
            "price": "17.60",
            "revenue": 825662
        },
        "2015-03": {
            "month": "2015-03",
            "price": "17.58",
            "revenue": 1018466
        },
        "2015-04": {
            "month": "2015-04",
            "price": "17.34",
            "revenue": 1020220
        },
        "2015-05": {
            "month": "2015-05",
            "price": "17.31",
            "revenue": 1691479
        },
        "2015-06": {
            "month": "2015-06",
            "price": "17.19",
            "revenue": 1939273
        },
        "2015-07": {
            "month": "2015-07",
            "price": "17.40",
            "revenue": 1868401
        },
        "2015-08": {
            "month": "2015-08",
            "price": "14.61",
            "revenue": 1920101
        },
        "2015-09": {
            "month": "2015-09",
            "price": "15.48",
            "revenue": 2313324
        },
        "2015-10": {
            "month": "2015-10",
            "price": "16.19",
            "revenue": 2315706
        },
        "2015-11": {
            "month": "2015-11",
            "price": "16.07",
            "revenue": 2389755
        },
        "2015-12": {
            "month": "2015-12",
            "price": "15.60",
            "revenue": 2496334
        },
        "2016-01": {
            "month": "2016-01",
            "price": "15.48",
            "revenue": 1079950
        },
        "2016-02": {
            "month": "2016-02",
            "price": "15.61",
            "revenue": 1382128
        },
        "2016-03": {
            "month": "2016-03",
            "price": "17.55",
            "revenue": 1429970
        },
        "2016-04": {
            "month": "2016-04",
            "price": "19.70",
            "revenue": 1690235
        },
        "2016-05": {
            "month": "2016-05",
            "price": "19.76",
            "revenue": 2108336
        },
        "2016-06": {
            "month": "2016-06",
            "price": "20.00",
            "revenue": 2875675
        },
        "2016-07": {
            "month": "2016-07",
            "price": "21.65",
            "revenue": 2488427
        },
        "2016-08": {
            "month": "2016-08",
            "price": "22.97",
            "revenue": 1780429
        },
        "2016-09": {
            "month": "2016-09",
            "price": "23.80",
            "revenue": 2437821
        },
        "2016-10": {
            "month": "2016-10",
            "price": "24.55",
            "revenue": 2676133
        },
        "2016-11": {
            "month": "2016-11",
            "price": "22.70",
            "revenue": 3491550
        },
        "2016-12": {
            "month": "2016-12",
            "price": "22.00",
            "revenue": 2555034
        },
        "2017-01": {
            "month": "2017-01",
            "price": "22.42",
            "revenue": 1214010
        },
        "2017-02": {
            "month": "2017-02",
            "price": "22.79",
            "revenue": 778500
        },
        "2017-03": {
            "month": "2017-03",
            "price": "22.83",
            "revenue": 1651284
        },
        "2017-04": {
            "month": "2017-04",
            "price": "21.76",
            "revenue": 1565801
        },
        "2017-05": {
            "month": "2017-05",
            "price": "20.92",
            "revenue": 1477424
        },
        "2017-06": {
            "month": "2017-06",
            "price": "20.72",
            "revenue": 1171073
        },
        "2017-07": {
            "month": "2017-07",
            "price": "20.32",
            "revenue": 1456332
        },
        "2017-08": {
            "month": "2017-08",
            "price": "18.58",
            "revenue": 1496286
        },
        "2017-09": {
            "month": "2017-09",
            "price": "16.43",
            "revenue": 1210893
        },
        "2017-10": {
            "month": "2017-10",
            "price": "15.79",
            "revenue": 1530427
        },
        "2017-11": {
            "month": "2017-11",
            "price": "15.88",
            "revenue": 1817827
        },
        "2017-12": {
            "month": "2017-12",
            "price": "16.39",
            "revenue": 1429632
        },
        "2018-01": {
            "month": "2018-01",
            "price": "16.77",
            "revenue": 775063
        },
        "2018-02": {
            "month": "2018-02",
            "price": "16.91",
            "revenue": 750325
        },
        "2018-03": {
            "month": "2018-03",
            "price": "16.02",
            "revenue": 1030960
        },
        "2018-04": {
            "month": "2018-04",
            "price": "13.24",
            "revenue": 1115719
        },
        "2018-05": {
            "month": "2018-05",
            "price": "12.88",
            "revenue": 1314256
        },
        "2018-06": {
            "month": "2018-06",
            "price": "13.94",
            "revenue": 957190
        },
        "2018-07": {
            "month": "2018-07",
            "price": "13.12",
            "revenue": 751083
        },
        "2018-08": {
            "month": "2018-08",
            "price": "12.80",
            "revenue": 1172821
        },
        "2018-09": {
            "month": "2018-09",
            "price": "12.94",
            "revenue": 1804596
        },
        "2018-10": {
            "month": "2018-10",
            "price": "12.14",
            "revenue": 1900151
        },
        "2018-11": {
            "month": "2018-11",
            "price": "11.97",
            "revenue": 1732250
        },
        "2018-12": {
            "month": "2018-12",
            "price": "11.71",
            "revenue": 1714838
        },
        "2019-01": {
            "month": "2019-01",
            "price": "11.57",
            "revenue": 1130543
        },
        "2019-02": {
            "month": "2019-02",
            "price": "12.13",
            "revenue": 578418
        },
        "2019-03": {
            "month": "2019-03",
            "price": "12.22",
            "revenue": 1178780
        },
        "2019-04": {
            "month": "2019-04",
            "price": "12.02",
            "revenue": 1224854
        },
        "2019-05": {
            "month": "2019-05",
            "price": "11.22",
            "revenue": 1724762
        },
        "2019-06": {
            "month": "2019-06",
            "price": "10.73",
            "revenue": 1423969
        },
        "2019-07": {
            "month": "2019-07",
            "price": "11.29",
            "revenue": 931998
        },
        "2019-08": {
            "month": "2019-08",
            "price": "10.85",
            "revenue": 1250149
        },
        "2019-09": {
            "month": "2019-09",
            "price": "11.23",
            "revenue": 1581248
        },
        "2019-10": {
            "month": "2019-10",
            "price": "11.35",
            "revenue": 1420116
        },
        "2019-11": {
            "month": "2019-11",
            "price": "10.80",
            "revenue": 1402777
        },
        "2019-12": {
            "month": "2019-12",
            "price": "10.70",
            "revenue": 1365066
        },
        "2020-01": {
            "month": "2020-01",
            "price": "10.69",
            "revenue": 1176427
        },
        "2020-02": {
            "month": "2020-02",
            "price": "9.72",
            "revenue": 752527
        },
        "2020-03": {
            "month": "2020-03",
            "price": "7.49",
            "revenue": 1045297
        },
        "2020-04": {
            "month": "2020-04",
            "price": "7.13",
            "revenue": 1045391
        },
        "2020-05": {
            "month": "2020-05",
            "price": "7.30",
            "revenue": 1465982
        },
        "2020-06": {
            "month": "2020-06",
            "price": "7.76",
            "revenue": 1504500
        },
        "2020-07": {
            "month": "2020-07",
            "price": "9.03",
            "revenue": 1310197
        },
        "2020-08": {
            "month": "2020-08",
            "price": "10.25",
            "revenue": 1394468
        },
        "2020-09": {
            "month": "2020-09",
            "price": "10.38",
            "revenue": 1874502
        },
        "2020-10": {
            "month": "2020-10",
            "price": "10.51",
            "revenue": 1794638
        },
        "2020-11": {
            "month": "2020-11",
            "price": "10.94",
            "revenue": 1733454
        },
        "2020-12": {
            "month": "2020-12",
            "price": "12.22",
            "revenue": 1700090
        },
        "2021-01": {
            "month": "2021-01",
            "price": "11.62",
            "revenue": 1511763
        },
        "2021-02": {
            "month": "2021-02",
            "price": "11.36",
            "revenue": 1125846
        },
        "2021-03": {
            "month": "2021-03",
            "price": "15.05",
            "revenue": 1869872
        },
        "2021-04": {
            "month": "2021-04",
            "price": "18.94",
            "revenue": 1462046
        },
        "2021-05": {
            "month": "2021-05",
            "price": "17.24",
            "revenue": 1349662
        },
        "2021-06": {
            "month": "2021-06",
            "price": "17.35",
            "revenue": 2037489
        },
        "2021-07": {
            "month": "2021-07",
            "price": "17.85",
            "revenue": 1928229
        },
        "2021-08": {
            "month": "2021-08",
            "price": "17.31",
            "revenue": 2193464
        },
        "2021-09": {
            "month": "2021-09",
            "price": "17.24",
            "revenue": 2463533
        },
        "2021-10": {
            "month": "2021-10",
            "price": "17.46",
            "revenue": 2292209
        },
        "2021-11": {
            "month": "2021-11",
            "price": "18.53",
            "revenue": 1797055
        },
        "2021-12": {
            "month": "2021-12",
            "price": "17.60",
            "revenue": 2174131
        },
        "2022-01": {
            "month": "2022-01",
            "price": "17.00",
            "revenue": 1624977
        },
        "2022-02": {
            "month": "2022-02",
            "price": "16.61",
            "revenue": 1120389
        },
        "2022-03": {
            "month": "2022-03",
            "price": "15.97",
            "revenue": 1662106
        },
        "2022-04": {
            "month": "2022-04",
            "price": "15.85",
            "revenue": 1033923
        },
        "2022-05": {
            "month": "2022-05",
            "price": "12.87",
            "revenue": 1563592
        },
        "2022-06": {
            "month": "2022-06",
            "price": "13.18",
            "revenue": 1884794
        },
        "2022-07": {
            "month": "2022-07",
            "price": "12.04",
            "revenue": 1025750
        },
        "2022-08": {
            "month": "2022-08",
            "price": "12.53",
            "revenue": 1318705
        },
        "2022-09": {
            "month": "2022-09",
            "price": "10.39",
            "revenue": 1535977
        },
        "2022-10": {
            "month": "2022-10",
            "price": "9.38",
            "revenue": 1236839
        },
        "2022-11": {
            "month": "2022-11",
            "price": "9.89",
            "revenue": 1207362
        },
        "2022-12": {
            "month": "2022-12",
            "price": "9.92",
            "revenue": 1162468
        },
        "2023-01": {
            "month": "2023-01",
            "price": "9.93",
            "revenue": 1058578
        },
        "2023-02": {
            "month": "2023-02",
            "price": "10.30",
            "revenue": 1113172
        },
        "2023-03": {
            "month": "2023-03",
            "price": "10.39",
            "revenue": 1152317
        },
        "2023-04": {
            "month": "2023-04",
            "price": "10.46",
            "revenue": 1109219
        },
        "2023-05": {
            "month": "2023-05",
            "price": "12.54",
            "revenue": 1420220
        },
        "2023-06": {
            "month": "2023-06",
            "price": "14.49",
            "revenue": 1292428
        },
        "2023-07": {
            "month": "2023-07",
            "price": "14.21",
            "revenue": 1373153
        },
        "2023-08": {
            "month": "2023-08",
            "price": "12.53",
            "revenue": 1764908
        },
        "2023-09": {
            "month": "2023-09",
            "price": "12.45",
            "revenue": 1820844
        },
        "2023-10": {
            "month": "2023-10",
            "price": "11.79",
            "revenue": 1648132
        },
        "2023-11": {
            "month": "2023-11",
            "price": "11.76",
            "revenue": 1345562
        },
        "2023-12": {
            "month": "2023-12",
            "price": "12.85",
            "revenue": 1473792
        }
    }
}
