{
    "summary": {
        "stock_name": "吉祥全",
        "stock_id": "2491",
        "category": "光電",
        "main_business": "光學資訊相關產品",
        "website_url": "http://www.focl.com.tw",
        "ceo": "羅光偉",
        "pe_ratio": 32,
        "report_year_from": 2001,
        "report_year_to": 2023,
        "age": 23,
        "eps_negative_percentage": 57,
        "eps_growth_avg": {
            "last_all": -68.8,
            "last_2y": -78.67,
            "last_4y": -76.65,
            "last_8y": -86.53,
            "last_12y": -88.45,
            "last_16y": -88.45,
            "last_20y": -68.8,
            "at_2006_last_3y": 0,
            "at_2007_last_3y": -100,
            "at_2008_last_3y": null,
            "at_2009_last_3y": null,
            "at_2010_last_3y": null,
            "at_2011_last_3y": -100,
            "at_2012_last_3y": -100,
            "at_2013_last_3y": -100,
            "at_2014_last_3y": -100,
            "at_2015_last_3y": -89.2,
            "at_2016_last_3y": -94.6,
            "at_2017_last_3y": -94.6,
            "at_2018_last_3y": -96.4,
            "at_2019_last_3y": -100,
            "at_2020_last_3y": -86.31,
            "at_2021_last_3y": -76.65,
            "at_2022_last_3y": -76.65,
            "at_2023_last_3y": -76.65,
            "at_2024_last_3y": -76.65,
            "at_2006_last_all": 0,
            "at_2007_last_all": 0,
            "at_2008_last_all": 0,
            "at_2009_last_all": 0,
            "at_2010_last_all": 0,
            "at_2011_last_all": -33.33,
            "at_2012_last_all": -33.33,
            "at_2013_last_all": -33.33,
            "at_2014_last_all": -33.33,
            "at_2015_last_all": -47.3,
            "at_2016_last_all": -57.84,
            "at_2017_last_all": -57.84,
            "at_2018_last_all": -64.87,
            "at_2019_last_all": -64.87,
            "at_2020_last_all": -65.98,
            "at_2021_last_all": -64.9,
            "at_2022_last_all": -68.8,
            "at_2023_last_all": -68.8,
            "at_2024_last_all": -68.8
        },
        "latest_eps": 0.45,
        "latest_price": 14.6,
        "latest_roe": 4.83,
        "latest_gross_margin": 38.76,
        "latest_equity": 1263616,
        "latest_revenue": 54603,
        "latest_gross_profit": 21165,
        "latest_net_income": 44746,
        "latest_debt_ratio": 12.83,
        "latest_current_ratio": 856.95,
        "latest_account_receivable_turnover_ratio": 1.15,
        "latest_inventory_turnover_ratio": 0.09,
        "latest_reinvestment_rate": null,
        "latest_research_to_sale_ratio": 35.68
    },
    "eps_dividends": {
        "1998": {
            "cash": 0,
            "stock": 2.6,
            "eps": 0
        },
        "1999": {
            "cash": 0,
            "stock": 2.1,
            "eps": 0
        },
        "2000": {
            "cash": 0,
            "stock": 4.1,
            "eps": 0
        },
        "2001": {
            "cash": 0,
            "stock": 5,
            "eps": -4.8
        },
        "2002": {
            "cash": 0,
            "stock": 0,
            "eps": 0.06
        },
        "2003": {
            "cash": 0,
            "stock": 0,
            "eps": 0.24
        },
        "2004": {
            "cash": 0,
            "stock": 0,
            "eps": -18.24
        },
        "2005": {
            "cash": 0,
            "stock": 0,
            "eps": -0.39
        },
        "2006": {
            "cash": 0,
            "stock": 0,
            "eps": -0.08
        },
        "2007": {
            "cash": 0,
            "stock": 0,
            "eps": -0.88
        },
        "2008": {
            "cash": 0,
            "stock": 0,
            "eps": -2.26
        },
        "2009": {
            "cash": 0,
            "stock": 0,
            "eps": -4.79
        },
        "2010": {
            "cash": 0,
            "stock": 0,
            "eps": 4.3
        },
        "2011": {
            "cash": 0,
            "stock": 0,
            "eps": -3.54
        },
        "2012": {
            "cash": 0,
            "stock": 0,
            "eps": -5.06
        },
        "2013": {
            "cash": 0,
            "stock": 0,
            "eps": -2.1
        },
        "2014": {
            "cash": 0,
            "stock": 0,
            "eps": 3.52
        },
        "2015": {
            "cash": 0,
            "stock": 0,
            "eps": 0.38
        },
        "2016": {
            "cash": 0,
            "stock": 0,
            "eps": -0.37
        },
        "2017": {
            "cash": 0,
            "stock": 0,
            "eps": 0.52
        },
        "2018": {
            "cash": 0,
            "stock": 0,
            "eps": -0.41
        },
        "2019": {
            "cash": 0,
            "stock": 0,
            "eps": 5.48
        },
        "2020": {
            "cash": 0,
            "stock": 0,
            "eps": 1.5
        },
        "2021": {
            "cash": 0.4,
            "stock": 0,
            "eps": 0.64
        },
        "2022": {
            "cash": 0.1,
            "stock": 0,
            "eps": -4.71
        },
        "2023": {
            "cash": 0,
            "stock": 0,
            "eps": 0.46
        }
    },
    "dividends": {
        "1998-03-16": {
            "cash": 0,
            "stock": 2.6
        },
        "1999-05-25": {
            "cash": 0,
            "stock": 2.1
        },
        "2000-04-19": {
            "cash": 0,
            "stock": 4.1
        },
        "2001-05-30": {
            "cash": 0,
            "stock": 5
        },
        "2021-10-08": {
            "cash": 0.4,
            "stock": 0
        },
        "2022-08-12": {
            "cash": 0.1,
            "stock": 0
        }
    },
    "prices": {
        "200101": "無",
        "200102": "無",
        "200103": "無",
        "200104": "無",
        "200105": "無",
        "200106": "無",
        "200107": "無",
        "200108": "無",
        "200109": "16.45",
        "200110": "19.75",
        "200111": "20.48",
        "200112": "23.62",
        "200201": "25.90",
        "200202": "24.21",
        "200203": "28.82",
        "200204": "29.32",
        "200205": "21.75",
        "200206": "19.58",
        "200207": "16.52",
        "200208": "15.88",
        "200209": "16.70",
        "200210": "20.37",
        "200211": "25.13",
        "200212": "21.05",
        "200301": "17.22",
        "200302": "18.15",
        "200303": "16.75",
        "200304": "12.70",
        "200305": "10.57",
        "200306": "14.18",
        "200307": "15.39",
        "200308": "14.21",
        "200309": "13.19",
        "200310": "12.88",
        "200311": "12.73",
        "200312": "11.77",
        "200401": "12.30",
        "200402": "13.46",
        "200403": "12.96",
        "200404": "12.41",
        "200405": "9.46",
        "200406": "7.70",
        "200407": "6.20",
        "200408": "5.53",
        "200409": "2.47",
        "200410": "1.31",
        "200411": "1.04",
        "200412": "1.29",
        "200501": "1.55",
        "200502": "無",
        "200503": "無",
        "200504": "無",
        "200505": "無",
        "200506": "1.76",
        "200507": "2.22",
        "200508": "1.60",
        "200509": "1.18",
        "200510": "1.01",
        "200511": "0.97",
        "200512": "1.46",
        "200601": "1.18",
        "200602": "1.06",
        "200603": "0.95",
        "200604": "0.95",
        "200605": "0.96",
        "200606": "1.11",
        "200607": "1.17",
        "200608": "1.19",
        "200609": "3.84",
        "200610": "3.97",
        "200611": "4.09",
        "200612": "5.34",
        "200701": "5.52",
        "200702": "4.91",
        "200703": "4.95",
        "200704": "6.19",
        "200705": "7.47",
        "200706": "12.16",
        "200707": "17.18",
        "200708": "17.93",
        "200709": "27.93",
        "200710": "21.03",
        "200711": "15.31",
        "200712": "13.49",
        "200801": "12.26",
        "200802": "11.96",
        "200803": "13.19",
        "200804": "12.53",
        "200805": "12.95",
        "200806": "12.01",
        "200807": "15.68",
        "200808": "15.86",
        "200809": "8.79",
        "200810": "無",
        "200811": "無",
        "200812": "無",
        "200901": "無",
        "200902": "無",
        "200903": "5.69",
        "200904": "4.00",
        "200905": "2.82",
        "200906": "2.78",
        "200907": "2.67",
        "200908": "2.69",
        "200909": "2.79",
        "200910": "3.56",
        "200911": "5.86",
        "200912": "5.14",
        "201001": "4.64",
        "201002": "3.73",
        "201003": "3.80",
        "201004": "3.80",
        "201005": "2.97",
        "201006": "2.98",
        "201007": "3.04",
        "201008": "3.20",
        "201009": "2.96",
        "201010": "2.63",
        "201011": "6.66",
        "201012": "6.39",
        "201101": "6.95",
        "201102": "8.29",
        "201103": "8.40",
        "201104": "9.13",
        "201105": "7.51",
        "201106": "7.01",
        "201107": "6.60",
        "201108": "5.03",
        "201109": "4.79",
        "201110": "4.50",
        "201111": "4.16",
        "201112": "3.27",
        "201201": "3.90",
        "201202": "5.02",
        "201203": "4.71",
        "201204": "3.81",
        "201205": "3.23",
        "201206": "2.80",
        "201207": "3.16",
        "201208": "2.90",
        "201209": "1.89",
        "201210": "2.25",
        "201211": "1.97",
        "201212": "1.91",
        "201301": "2.14",
        "201302": "2.05",
        "201303": "2.15",
        "201304": "2.09",
        "201305": "2.89",
        "201306": "3.14",
        "201307": "2.22",
        "201308": "2.20",
        "201309": "2.08",
        "201310": "2.01",
        "201311": "1.93",
        "201312": "2.06",
        "201401": "2.58",
        "201402": "2.71",
        "201403": "4.75",
        "201404": "4.53",
        "201405": "4.97",
        "201406": "7.82",
        "201407": "7.30",
        "201408": "8.80",
        "201409": "9.18",
        "201410": "9.18",
        "201411": "10.29",
        "201412": "12.35",
        "201501": "13.54",
        "201502": "14.73",
        "201503": "15.06",
        "201504": "11.06",
        "201505": "9.79",
        "201506": "9.03",
        "201507": "10.28",
        "201508": "9.60",
        "201509": "9.03",
        "201510": "8.48",
        "201511": "7.33",
        "201512": "7.16",
        "201601": "6.77",
        "201602": "6.95",
        "201603": "6.95",
        "201604": "7.18",
        "201605": "7.19",
        "201606": "7.57",
        "201607": "8.34",
        "201608": "7.73",
        "201609": "7.99",
        "201610": "7.65",
        "201611": "6.56",
        "201612": "7.43",
        "201701": "7.70",
        "201702": "7.25",
        "201703": "7.22",
        "201704": "6.99",
        "201705": "6.84",
        "201706": "6.78",
        "201707": "6.68",
        "201708": "6.82",
        "201709": "7.34",
        "201710": "7.29",
        "201711": "6.84",
        "201712": "6.90",
        "201801": "6.79",
        "201802": "6.44",
        "201803": "7.04",
        "201804": "7.24",
        "201805": "6.53",
        "201806": "8.09",
        "201807": "7.46",
        "201808": "6.92",
        "201809": "6.79",
        "201810": "5.59",
        "201811": "4.94",
        "201812": "5.85",
        "201901": "5.69",
        "201902": "6.19",
        "201903": "6.50",
        "201904": "5.77",
        "201905": "5.70",
        "201906": "5.72",
        "201907": "7.73",
        "201908": "7.83",
        "201909": "9.27",
        "201910": "10.57",
        "201911": "10.49",
        "201912": "9.48",
        "202001": "9.29",
        "202002": "10.11",
        "202003": "8.36",
        "202004": "7.35",
        "202005": "7.71",
        "202006": "7.89",
        "202007": "8.26",
        "202008": "8.00",
        "202009": "8.55",
        "202010": "8.59",
        "202011": "9.07",
        "202012": "9.84",
        "202101": "11.61",
        "202102": "11.85",
        "202103": "17.32",
        "202104": "25.14",
        "202105": "24.06",
        "202106": "26.88",
        "202107": "30.45",
        "202108": "27.50",
        "202109": "23.62",
        "202110": "20.76",
        "202111": "22.68",
        "202112": "21.15",
        "202201": "19.84",
        "202202": "18.30",
        "202203": "18.83",
        "202204": "17.97",
        "202205": "15.90",
        "202206": "15.98",
        "202207": "12.89",
        "202208": "15.03",
        "202209": "13.43",
        "202210": "11.85",
        "202211": "12.50",
        "202212": "12.14",
        "202301": "11.45",
        "202302": "12.08",
        "202303": "11.98",
        "202304": "11.96",
        "202305": "14.16",
        "202306": "15.91",
        "202307": "15.23",
        "202308": "14.22",
        "202309": "14.17",
        "202310": "14.19",
        "202311": "13.66",
        "202312": "13.96",
        "202401": "13.68",
        "202402": "14.50",
        "202403": "15.17",
        "202404": "無"
    },
    "quarters": {
        "20011": {
            "year_quarter": 20011,
            "year": 2001,
            "quarter": 1,
            "eps": -0.48,
            "eps_growth_year": -121.05,
            "eps_4q": 4.65,
            "eps_4q_growth_year": -5.6,
            "roe": -0.8,
            "roe_4q": -0.8,
            "gross_profit": 59871,
            "gross_margin": 13.27,
            "gross_margin_4q_avg": 13.27,
            "net_income": -78340,
            "net_income_4q": null,
            "revenue": 451176,
            "revenue_4q": null,
            "common_shares": 1627846,
            "book_valuer_per_share": 59.91,
            "book_valuer_per_share_4q_avg": 59.91,
            "equity": 9752024,
            "current_ratio": 98.86,
            "debt_ratio": 29.26,
            "inventory_turnover_ratio": 1.21,
            "account_receivable_turnover_ratio": null,
            "reinvestment_rate": null,
            "research_to_sale_ratio": null,
            "price_fair": 0,
            "eps_avg_yearly": 0,
            "eps_latest_yearly": 0,
            "eps_growth_yearly": 0
        },
        "20012": {
            "year_quarter": 20012,
            "year": 2001,
            "quarter": 2,
            "eps": -1.12,
            "eps_growth_year": -139.44,
            "eps_4q": 2.1,
            "eps_4q_growth_year": -68.26,
            "roe": -1.9,
            "roe_4q": -2.7,
            "gross_profit": 117789,
            "gross_margin": 20.92,
            "gross_margin_4q_avg": 17.1,
            "net_income": -182116,
            "net_income_4q": null,
            "revenue": 562958,
            "revenue_4q": null,
            "common_shares": 1627846,
            "book_valuer_per_share": 57.64,
            "book_valuer_per_share_4q_avg": 58.78,
            "equity": 9382123,
            "current_ratio": 59.47,
            "debt_ratio": 33.74,
            "inventory_turnover_ratio": 2.22,
            "account_receivable_turnover_ratio": null,
            "reinvestment_rate": null,
            "research_to_sale_ratio": null,
            "price_fair": 0,
            "eps_avg_yearly": 0,
            "eps_latest_yearly": 0,
            "eps_growth_yearly": 0
        },
        "20013": {
            "year_quarter": 20013,
            "year": 2001,
            "quarter": 3,
            "eps": -1.85,
            "eps_growth_year": -171.71,
            "eps_4q": -1.84,
            "eps_4q_growth_year": -127.74,
            "roe": -5.1,
            "roe_4q": -7.8,
            "gross_profit": 7109,
            "gross_margin": 1.47,
            "gross_margin_4q_avg": 11.89,
            "net_income": -469286,
            "net_income_4q": null,
            "revenue": 484018,
            "revenue_4q": null,
            "common_shares": 2533452,
            "book_valuer_per_share": 35.55,
            "book_valuer_per_share_4q_avg": 51.03,
            "equity": 9007612,
            "current_ratio": 56.23,
            "debt_ratio": 35.94,
            "inventory_turnover_ratio": 3.48,
            "account_receivable_turnover_ratio": null,
            "reinvestment_rate": null,
            "research_to_sale_ratio": null,
            "price_fair": 0,
            "eps_avg_yearly": 0,
            "eps_latest_yearly": 0,
            "eps_growth_yearly": 0
        },
        "20014": {
            "year_quarter": 20014,
            "year": 2001,
            "quarter": 4,
            "eps": -1.35,
            "eps_growth_year": -171.05,
            "eps_4q": -3.97,
            "eps_4q_growth_year": -153.71,
            "roe": -3.86,
            "roe_4q": -11.66,
            "gross_profit": 4902,
            "gross_margin": 1.52,
            "gross_margin_4q_avg": 9.3,
            "net_income": -342117,
            "net_income_4q": null,
            "revenue": 321997,
            "revenue_4q": null,
            "common_shares": 2533452,
            "book_valuer_per_share": 33.84,
            "book_valuer_per_share_4q_avg": 46.74,
            "equity": 8709430,
            "current_ratio": 46.63,
            "debt_ratio": 51.53,
            "inventory_turnover_ratio": 1.11,
            "account_receivable_turnover_ratio": null,
            "reinvestment_rate": null,
            "research_to_sale_ratio": null,
            "price_fair": 0,
            "eps_avg_yearly": 0,
            "eps_latest_yearly": 0,
            "eps_growth_yearly": 0
        },
        "20021": {
            "year_quarter": 20021,
            "year": 2002,
            "quarter": 1,
            "eps": -1.06,
            "eps_growth_year": null,
            "eps_4q": -4.98,
            "eps_4q_growth_year": -207.04,
            "roe": -3.15,
            "roe_4q": -14.01,
            "gross_profit": 36440,
            "gross_margin": 7.76,
            "gross_margin_4q_avg": 7.92,
            "net_income": -268483,
            "net_income_4q": null,
            "revenue": 469329,
            "revenue_4q": null,
            "common_shares": 2533452,
            "book_valuer_per_share": 32.81,
            "book_valuer_per_share_4q_avg": 39.96,
            "equity": 8311915,
            "current_ratio": 40.68,
            "debt_ratio": 37.08,
            "inventory_turnover_ratio": 1.45,
            "account_receivable_turnover_ratio": null,
            "reinvestment_rate": null,
            "research_to_sale_ratio": null,
            "price_fair": 0,
            "eps_avg_yearly": 0,
            "eps_latest_yearly": 0,
            "eps_growth_yearly": 0
        },
        "20022": {
            "year_quarter": 20022,
            "year": 2002,
            "quarter": 2,
            "eps": -0.2,
            "eps_growth_year": null,
            "eps_4q": -4.46,
            "eps_4q_growth_year": -312.14,
            "roe": -0.62,
            "roe_4q": -12.73,
            "gross_profit": 176636,
            "gross_margin": 24.88,
            "gross_margin_4q_avg": 8.91,
            "net_income": -50619,
            "net_income_4q": null,
            "revenue": 709836,
            "revenue_4q": null,
            "common_shares": 2533452,
            "book_valuer_per_share": 31.88,
            "book_valuer_per_share_4q_avg": 33.52,
            "equity": 8076811,
            "current_ratio": 127.37,
            "debt_ratio": 48.29,
            "inventory_turnover_ratio": 3.51,
            "account_receivable_turnover_ratio": null,
            "reinvestment_rate": null,
            "research_to_sale_ratio": null,
            "price_fair": 0,
            "eps_avg_yearly": 0,
            "eps_latest_yearly": 0,
            "eps_growth_yearly": 0
        },
        "20023": {
            "year_quarter": 20023,
            "year": 2002,
            "quarter": 3,
            "eps": 0.52,
            "eps_growth_year": null,
            "eps_4q": -1.95,
            "eps_4q_growth_year": null,
            "roe": 1.51,
            "roe_4q": -6.119999999999999,
            "gross_profit": 256245,
            "gross_margin": 38,
            "gross_margin_4q_avg": 18.04,
            "net_income": 139280,
            "net_income_4q": null,
            "revenue": 674253,
            "revenue_4q": null,
            "common_shares": 3641394,
            "book_valuer_per_share": 28.45,
            "book_valuer_per_share_4q_avg": 31.75,
            "equity": 10359865,
            "current_ratio": 156.26,
            "debt_ratio": 37.17,
            "inventory_turnover_ratio": 2.79,
            "account_receivable_turnover_ratio": null,
            "reinvestment_rate": null,
            "research_to_sale_ratio": null,
            "price_fair": 0,
            "eps_avg_yearly": 0,
            "eps_latest_yearly": 0,
            "eps_growth_yearly": 0
        },
        "20024": {
            "year_quarter": 20024,
            "year": 2002,
            "quarter": 4,
            "eps": 0.8,
            "eps_growth_year": null,
            "eps_4q": 0.21,
            "eps_4q_growth_year": null,
            "roe": 2.13,
            "roe_4q": -0.13000000000000034,
            "gross_profit": 290791,
            "gross_margin": 34.41,
            "gross_margin_4q_avg": 26.26,
            "net_income": 243881,
            "net_income_4q": null,
            "revenue": 845181,
            "revenue_4q": null,
            "common_shares": 4684614,
            "book_valuer_per_share": 26.37,
            "book_valuer_per_share_4q_avg": 29.88,
            "equity": 12515198,
            "current_ratio": 106.44,
            "debt_ratio": 38.78,
            "inventory_turnover_ratio": 2.19,
            "account_receivable_turnover_ratio": null,
            "reinvestment_rate": 2286.85,
            "research_to_sale_ratio": null,
            "price_fair": 112,
            "eps_avg_yearly": 3.2,
            "eps_latest_yearly": 3.2,
            "eps_growth_yearly": 215.38
        },
        "20031": {
            "year_quarter": 20031,
            "year": 2003,
            "quarter": 1,
            "eps": 0.06,
            "eps_growth_year": null,
            "eps_4q": 0.78,
            "eps_4q_growth_year": null,
            "roe": 0.22,
            "roe_4q": 3.24,
            "gross_profit": 154103,
            "gross_margin": 27.96,
            "gross_margin_4q_avg": 31.31,
            "net_income": 27656,
            "net_income_4q": null,
            "revenue": 551176,
            "revenue_4q": null,
            "common_shares": 4686668,
            "book_valuer_per_share": 26.43,
            "book_valuer_per_share_4q_avg": 28.28,
            "equity": 12385720,
            "current_ratio": 133.52,
            "debt_ratio": 25.53,
            "inventory_turnover_ratio": 1.49,
            "account_receivable_turnover_ratio": null,
            "reinvestment_rate": 484.43,
            "research_to_sale_ratio": null,
            "price_fair": 5.16,
            "eps_avg_yearly": 1.72,
            "eps_latest_yearly": 0.24,
            "eps_growth_yearly": -77.31
        },
        "20032": {
            "year_quarter": 20032,
            "year": 2003,
            "quarter": 2,
            "eps": 0,
            "eps_growth_year": null,
            "eps_4q": 0.88,
            "eps_4q_growth_year": null,
            "roe": -0.01,
            "roe_4q": 3.8499999999999996,
            "gross_profit": 178894,
            "gross_margin": 25.7,
            "gross_margin_4q_avg": 31.52,
            "net_income": -658,
            "net_income_4q": null,
            "revenue": 695989,
            "revenue_4q": null,
            "common_shares": 4686668,
            "book_valuer_per_share": 26.37,
            "book_valuer_per_share_4q_avg": 26.91,
            "equity": 12360080,
            "current_ratio": 181.24,
            "debt_ratio": 31.93,
            "inventory_turnover_ratio": 4.17,
            "account_receivable_turnover_ratio": null,
            "reinvestment_rate": 1265.62,
            "research_to_sale_ratio": null,
            "price_fair": 5.16,
            "eps_avg_yearly": 1.72,
            "eps_latest_yearly": 0.24,
            "eps_growth_yearly": -77.31
        },
        "20033": {
            "year_quarter": 20033,
            "year": 2003,
            "quarter": 3,
            "eps": 0.24,
            "eps_growth_year": -53.85,
            "eps_4q": 0.78,
            "eps_4q_growth_year": null,
            "roe": 0.92,
            "roe_4q": 3.26,
            "gross_profit": 322634,
            "gross_margin": 39.93,
            "gross_margin_4q_avg": 32,
            "net_income": 119924,
            "net_income_4q": null,
            "revenue": 807988,
            "revenue_4q": null,
            "common_shares": 5991308,
            "book_valuer_per_share": 22.98,
            "book_valuer_per_share_4q_avg": 25.54,
            "equity": 13768611,
            "current_ratio": 145.24,
            "debt_ratio": 24.84,
            "inventory_turnover_ratio": 4.21,
            "account_receivable_turnover_ratio": null,
            "reinvestment_rate": 598.12,
            "research_to_sale_ratio": null,
            "price_fair": 5.16,
            "eps_avg_yearly": 1.72,
            "eps_latest_yearly": 0.24,
            "eps_growth_yearly": -77.31
        },
        "20034": {
            "year_quarter": 20034,
            "year": 2003,
            "quarter": 4,
            "eps": -0.06,
            "eps_growth_year": -107.5,
            "eps_4q": 0.21,
            "eps_4q_growth_year": -2.3,
            "roe": -0.22,
            "roe_4q": 0.91,
            "gross_profit": 258473,
            "gross_margin": 36.74,
            "gross_margin_4q_avg": 32.58,
            "net_income": -31223,
            "net_income_4q": null,
            "revenue": 703494,
            "revenue_4q": null,
            "common_shares": 6456877,
            "book_valuer_per_share": 22.15,
            "book_valuer_per_share_4q_avg": 24.48,
            "equity": 14470514,
            "current_ratio": 130.54,
            "debt_ratio": 35.17,
            "inventory_turnover_ratio": 1.6,
            "account_receivable_turnover_ratio": null,
            "reinvestment_rate": 4619.4,
            "research_to_sale_ratio": null,
            "price_fair": 5.16,
            "eps_avg_yearly": 1.72,
            "eps_latest_yearly": 0.24,
            "eps_growth_yearly": -77.31
        },
        "20041": {
            "year_quarter": 20041,
            "year": 2004,
            "quarter": 1,
            "eps": -0.23,
            "eps_growth_year": -483.33,
            "eps_4q": -0.1,
            "eps_4q_growth_year": -112.39,
            "roe": -1.07,
            "roe_4q": -0.38,
            "gross_profit": 116918,
            "gross_margin": 27.46,
            "gross_margin_4q_avg": 32.46,
            "net_income": -152043,
            "net_income_4q": null,
            "revenue": 425767,
            "revenue_4q": null,
            "common_shares": 6507303,
            "book_valuer_per_share": 21.57,
            "book_valuer_per_share_4q_avg": 23.27,
            "equity": 14035182,
            "current_ratio": 144.74,
            "debt_ratio": 20.86,
            "inventory_turnover_ratio": 1.06,
            "account_receivable_turnover_ratio": null,
            "reinvestment_rate": null,
            "research_to_sale_ratio": null,
            "price_fair": 5.16,
            "eps_avg_yearly": 1.72,
            "eps_latest_yearly": 0.24,
            "eps_growth_yearly": -77.31
        },
        "20042": {
            "year_quarter": 20042,
            "year": 2004,
            "quarter": 2,
            "eps": -10.54,
            "eps_growth_year": null,
            "eps_4q": -10.61,
            "eps_4q_growth_year": -1312.82,
            "roe": -64.06,
            "roe_4q": -64.42999999999999,
            "gross_profit": 83156,
            "gross_margin": 18.93,
            "gross_margin_4q_avg": 30.77,
            "net_income": -6843594,
            "net_income_4q": null,
            "revenue": 439237,
            "revenue_4q": null,
            "common_shares": 6507303,
            "book_valuer_per_share": 11.27,
            "book_valuer_per_share_4q_avg": 19.49,
            "equity": 7330587,
            "current_ratio": 68.58,
            "debt_ratio": 28.14,
            "inventory_turnover_ratio": 2.37,
            "account_receivable_turnover_ratio": null,
            "reinvestment_rate": null,
            "research_to_sale_ratio": null,
            "price_fair": 5.16,
            "eps_avg_yearly": 1.72,
            "eps_latest_yearly": 0.24,
            "eps_growth_yearly": -77.31
        },
        "20043": {
            "year_quarter": 20043,
            "year": 2004,
            "quarter": 3,
            "eps": -0.42,
            "eps_growth_year": -275,
            "eps_4q": -11.22,
            "eps_4q_growth_year": -1534.78,
            "roe": -3.83,
            "roe_4q": -69.17999999999999,
            "gross_profit": 64536,
            "gross_margin": 17.22,
            "gross_margin_4q_avg": 25.09,
            "net_income": -275268,
            "net_income_4q": null,
            "revenue": 374743,
            "revenue_4q": null,
            "common_shares": 6507303,
            "book_valuer_per_share": 10.84,
            "book_valuer_per_share_4q_avg": 16.46,
            "equity": 7053485,
            "current_ratio": 52.09,
            "debt_ratio": 24.95,
            "inventory_turnover_ratio": 3.15,
            "account_receivable_turnover_ratio": null,
            "reinvestment_rate": null,
            "research_to_sale_ratio": null,
            "price_fair": 5.16,
            "eps_avg_yearly": 1.72,
            "eps_latest_yearly": 0.24,
            "eps_growth_yearly": -77.31
        },
        "20044": {
            "year_quarter": 20044,
            "year": 2004,
            "quarter": 4,
            "eps": -7.05,
            "eps_growth_year": null,
            "eps_4q": -18.24,
            "eps_4q_growth_year": -8984.82,
            "roe": -95.8,
            "roe_4q": -164.76,
            "gross_profit": 78163,
            "gross_margin": 23.11,
            "gross_margin_4q_avg": 21.68,
            "net_income": -4585483,
            "net_income_4q": null,
            "revenue": 338190,
            "revenue_4q": null,
            "common_shares": 6507303,
            "book_valuer_per_share": 3.87,
            "book_valuer_per_share_4q_avg": 11.89,
            "equity": 2519154,
            "current_ratio": 114.07,
            "debt_ratio": 46.89,
            "inventory_turnover_ratio": 4.01,
            "account_receivable_turnover_ratio": null,
            "reinvestment_rate": null,
            "research_to_sale_ratio": null,
            "price_fair": 5.16,
            "eps_avg_yearly": 1.72,
            "eps_latest_yearly": 0.24,
            "eps_growth_yearly": -77.31
        },
        "20051": {
            "year_quarter": 20051,
            "year": 2005,
            "quarter": 1,
            "eps": -0.06,
            "eps_growth_year": null,
            "eps_4q": -17.37,
            "eps_4q_growth_year": null,
            "roe": -1.62,
            "roe_4q": -165.31,
            "gross_profit": 18785,
            "gross_margin": 10.33,
            "gross_margin_4q_avg": 17.4,
            "net_income": -40580,
            "net_income_4q": null,
            "revenue": 181906,
            "revenue_4q": null,
            "common_shares": 6507303,
            "book_valuer_per_share": 3.81,
            "book_valuer_per_share_4q_avg": 7.45,
            "equity": 2478574,
            "current_ratio": 107.26,
            "debt_ratio": 46.02,
            "inventory_turnover_ratio": 2.64,
            "account_receivable_turnover_ratio": null,
            "reinvestment_rate": null,
            "research_to_sale_ratio": null,
            "price_fair": 5.16,
            "eps_avg_yearly": 1.72,
            "eps_latest_yearly": 0.24,
            "eps_growth_yearly": -77.31
        },
        "20052": {
            "year_quarter": 20052,
            "year": 2005,
            "quarter": 2,
            "eps": -0.1,
            "eps_growth_year": null,
            "eps_4q": -7.63,
            "eps_4q_growth_year": null,
            "roe": -2.54,
            "roe_4q": -103.78999999999999,
            "gross_profit": -18840,
            "gross_margin": -11.61,
            "gross_margin_4q_avg": 9.76,
            "net_income": -62280,
            "net_income_4q": null,
            "revenue": 162227,
            "revenue_4q": null,
            "common_shares": 6507303,
            "book_valuer_per_share": 3.71,
            "book_valuer_per_share_4q_avg": 5.56,
            "equity": 2416294,
            "current_ratio": 84.54,
            "debt_ratio": 42.98,
            "inventory_turnover_ratio": 2.68,
            "account_receivable_turnover_ratio": null,
            "reinvestment_rate": null,
            "research_to_sale_ratio": null,
            "price_fair": 5.16,
            "eps_avg_yearly": 1.72,
            "eps_latest_yearly": 0.24,
            "eps_growth_yearly": -77.31
        },
        "20053": {
            "year_quarter": 20053,
            "year": 2005,
            "quarter": 3,
            "eps": -0.09,
            "eps_growth_year": null,
            "eps_4q": -7.29,
            "eps_4q_growth_year": null,
            "roe": -2.4,
            "roe_4q": -102.36,
            "gross_profit": 19550,
            "gross_margin": 7.86,
            "gross_margin_4q_avg": 7.42,
            "net_income": -57319,
            "net_income_4q": null,
            "revenue": 248734,
            "revenue_4q": null,
            "common_shares": 6507303,
            "book_valuer_per_share": 3.63,
            "book_valuer_per_share_4q_avg": 3.76,
            "equity": 2358975,
            "current_ratio": 78.03,
            "debt_ratio": 43.42,
            "inventory_turnover_ratio": 4.19,
            "account_receivable_turnover_ratio": null,
            "reinvestment_rate": null,
            "research_to_sale_ratio": null,
            "price_fair": 5.16,
            "eps_avg_yearly": 1.72,
            "eps_latest_yearly": 0.24,
            "eps_growth_yearly": -77.31
        },
        "20054": {
            "year_quarter": 20054,
            "year": 2005,
            "quarter": 4,
            "eps": -0.14,
            "eps_growth_year": null,
            "eps_4q": -0.29,
            "eps_4q_growth_year": null,
            "roe": -2.99,
            "roe_4q": -9.55,
            "gross_profit": 46927,
            "gross_margin": 17.88,
            "gross_margin_4q_avg": 6.12,
            "net_income": -87993,
            "net_income_4q": null,
            "revenue": 262395,
            "revenue_4q": null,
            "common_shares": 6507303,
            "book_valuer_per_share": 3.49,
            "book_valuer_per_share_4q_avg": 3.66,
            "equity": 3535780,
            "current_ratio": 106,
            "debt_ratio": 55.9,
            "inventory_turnover_ratio": 1.33,
            "account_receivable_turnover_ratio": null,
            "reinvestment_rate": null,
            "research_to_sale_ratio": null,
            "price_fair": 5.16,
            "eps_avg_yearly": 1.72,
            "eps_latest_yearly": 0.24,
            "eps_growth_yearly": -77.31
        },
        "20061": {
            "year_quarter": 20061,
            "year": 2006,
            "quarter": 1,
            "eps": -0.1,
            "eps_growth_year": null,
            "eps_4q": -0.41,
            "eps_4q_growth_year": null,
            "roe": -2.35,
            "roe_4q": -10.280000000000001,
            "gross_profit": 9722,
            "gross_margin": 5.4,
            "gross_margin_4q_avg": 4.88,
            "net_income": -67425,
            "net_income_4q": null,
            "revenue": 180151,
            "revenue_4q": null,
            "common_shares": 6507303,
            "book_valuer_per_share": 3.39,
            "book_valuer_per_share_4q_avg": 3.56,
            "equity": 2203556,
            "current_ratio": 68.16,
            "debt_ratio": 45.68,
            "inventory_turnover_ratio": 1.08,
            "account_receivable_turnover_ratio": null,
            "reinvestment_rate": null,
            "research_to_sale_ratio": null,
            "price_fair": 5.16,
            "eps_avg_yearly": 1.72,
            "eps_latest_yearly": 0.24,
            "eps_growth_yearly": -77.31
        },
        "20062": {
            "year_quarter": 20062,
            "year": 2006,
            "quarter": 2,
            "eps": -0.1,
            "eps_growth_year": null,
            "eps_4q": -0.89,
            "eps_4q_growth_year": null,
            "roe": -1.29,
            "roe_4q": -9.030000000000001,
            "gross_profit": 17453,
            "gross_margin": 10.17,
            "gross_margin_4q_avg": 10.33,
            "net_income": -28216,
            "net_income_4q": null,
            "revenue": 171572,
            "revenue_4q": null,
            "common_shares": 2707303,
            "book_valuer_per_share": 8.04,
            "book_valuer_per_share_4q_avg": 4.64,
            "equity": 2175429,
            "current_ratio": 64.77,
            "debt_ratio": 45.46,
            "inventory_turnover_ratio": 3.41,
            "account_receivable_turnover_ratio": null,
            "reinvestment_rate": null,
            "research_to_sale_ratio": null,
            "price_fair": 5.16,
            "eps_avg_yearly": 1.72,
            "eps_latest_yearly": 0.24,
            "eps_growth_yearly": -77.31
        },
        "20063": {
            "year_quarter": 20063,
            "year": 2006,
            "quarter": 3,
            "eps": 0.11,
            "eps_growth_year": null,
            "eps_4q": -0.54,
            "eps_4q_growth_year": null,
            "roe": 1.42,
            "roe_4q": -5.210000000000001,
            "gross_profit": 67338,
            "gross_margin": 21.79,
            "gross_margin_4q_avg": 13.81,
            "net_income": 31042,
            "net_income_4q": null,
            "revenue": 309057,
            "revenue_4q": null,
            "common_shares": 2707303,
            "book_valuer_per_share": 8.15,
            "book_valuer_per_share_4q_avg": 5.77,
            "equity": 2206383,
            "current_ratio": 67.54,
            "debt_ratio": 45.83,
            "inventory_turnover_ratio": 5.23,
            "account_receivable_turnover_ratio": null,
            "reinvestment_rate": null,
            "research_to_sale_ratio": null,
            "price_fair": 5.16,
            "eps_avg_yearly": 1.72,
            "eps_latest_yearly": 0.24,
            "eps_growth_yearly": -77.31
        },
        "20064": {
            "year_quarter": 20064,
            "year": 2006,
            "quarter": 4,
            "eps": 0.01,
            "eps_growth_year": null,
            "eps_4q": -0.36,
            "eps_4q_growth_year": null,
            "roe": 0.11,
            "roe_4q": -2.1100000000000003,
            "gross_profit": 78305,
            "gross_margin": 28.25,
            "gross_margin_4q_avg": 16.4,
            "net_income": 3249,
            "net_income_4q": null,
            "revenue": 277218,
            "revenue_4q": null,
            "common_shares": 2707303,
            "book_valuer_per_share": 8.17,
            "book_valuer_per_share_4q_avg": 6.94,
            "equity": 3576425,
            "current_ratio": 97.96,
            "debt_ratio": 54.74,
            "inventory_turnover_ratio": 1.13,
            "account_receivable_turnover_ratio": null,
            "reinvestment_rate": null,
            "research_to_sale_ratio": null,
            "price_fair": 0.42,
            "eps_avg_yearly": 0.14,
            "eps_latest_yearly": 0.04,
            "eps_growth_yearly": -366.82
        },
        "20071": {
            "year_quarter": 20071,
            "year": 2007,
            "quarter": 1,
            "eps": 0.02,
            "eps_growth_year": null,
            "eps_4q": 0.04,
            "eps_4q_growth_year": null,
            "roe": 0.17,
            "roe_4q": 0.4099999999999999,
            "gross_profit": 27943,
            "gross_margin": 14.09,
            "gross_margin_4q_avg": 18.58,
            "net_income": 5059,
            "net_income_4q": null,
            "revenue": 198351,
            "revenue_4q": null,
            "common_shares": 2707303,
            "book_valuer_per_share": 8.19,
            "book_valuer_per_share_4q_avg": 8.14,
            "equity": 2216520,
            "current_ratio": 61.25,
            "debt_ratio": 44.37,
            "inventory_turnover_ratio": 0.98,
            "account_receivable_turnover_ratio": null,
            "reinvestment_rate": null,
            "research_to_sale_ratio": null,
            "price_fair": 1.69,
            "eps_avg_yearly": 0.06,
            "eps_latest_yearly": 0.08,
            "eps_growth_yearly": 18.18
        },
        "20072": {
            "year_quarter": 20072,
            "year": 2007,
            "quarter": 2,
            "eps": -0.14,
            "eps_growth_year": null,
            "eps_4q": 0.01,
            "eps_4q_growth_year": null,
            "roe": -1.67,
            "roe_4q": 0.030000000000000027,
            "gross_profit": -5362,
            "gross_margin": -3.94,
            "gross_margin_4q_avg": 15.05,
            "net_income": -36713,
            "net_income_4q": null,
            "revenue": 136096,
            "revenue_4q": null,
            "common_shares": 2707303,
            "book_valuer_per_share": 8.05,
            "book_valuer_per_share_4q_avg": 8.14,
            "equity": 2178326,
            "current_ratio": 60.25,
            "debt_ratio": 43.84,
            "inventory_turnover_ratio": 4.18,
            "account_receivable_turnover_ratio": null,
            "reinvestment_rate": null,
            "research_to_sale_ratio": null,
            "price_fair": 1.69,
            "eps_avg_yearly": 0.06,
            "eps_latest_yearly": 0.08,
            "eps_growth_yearly": 18.18
        },
        "20073": {
            "year_quarter": 20073,
            "year": 2007,
            "quarter": 3,
            "eps": -0.1,
            "eps_growth_year": -190.91,
            "eps_4q": -0.2,
            "eps_4q_growth_year": null,
            "roe": -1.23,
            "roe_4q": -2.62,
            "gross_profit": -14017,
            "gross_margin": -10.62,
            "gross_margin_4q_avg": 6.95,
            "net_income": -26727,
            "net_income_4q": null,
            "revenue": 131945,
            "revenue_4q": null,
            "common_shares": 2707303,
            "book_valuer_per_share": 7.95,
            "book_valuer_per_share_4q_avg": 8.09,
            "equity": 2151847,
            "current_ratio": 61.84,
            "debt_ratio": 43.35,
            "inventory_turnover_ratio": 3.57,
            "account_receivable_turnover_ratio": null,
            "reinvestment_rate": null,
            "research_to_sale_ratio": null,
            "price_fair": 1.69,
            "eps_avg_yearly": 0.06,
            "eps_latest_yearly": 0.08,
            "eps_growth_yearly": 18.18
        },
        "20074": {
            "year_quarter": 20074,
            "year": 2007,
            "quarter": 4,
            "eps": -0.66,
            "eps_growth_year": -6700,
            "eps_4q": -1.01,
            "eps_4q_growth_year": null,
            "roe": -4.54,
            "roe_4q": -7.27,
            "gross_profit": -8397,
            "gross_margin": -5.07,
            "gross_margin_4q_avg": -1.39,
            "net_income": -144860,
            "net_income_4q": null,
            "revenue": 165607,
            "revenue_4q": null,
            "common_shares": 2210303,
            "book_valuer_per_share": 9.08,
            "book_valuer_per_share_4q_avg": 8.32,
            "equity": 4234057,
            "current_ratio": 187.95,
            "debt_ratio": 48.62,
            "inventory_turnover_ratio": 1.06,
            "account_receivable_turnover_ratio": null,
            "reinvestment_rate": null,
            "research_to_sale_ratio": null,
            "price_fair": 1.69,
            "eps_avg_yearly": 0.06,
            "eps_latest_yearly": 0.08,
            "eps_growth_yearly": 18.18
        },
        "20081": {
            "year_quarter": 20081,
            "year": 2008,
            "quarter": 1,
            "eps": -0.35,
            "eps_growth_year": -1850,
            "eps_4q": -1.25,
            "eps_4q_growth_year": -2947.42,
            "roe": -1.91,
            "roe_4q": -9.35,
            "gross_profit": -8307,
            "gross_margin": -2.54,
            "gross_margin_4q_avg": -5.54,
            "net_income": -80035,
            "net_income_4q": null,
            "revenue": 326481,
            "revenue_4q": null,
            "common_shares": 2210303,
            "book_valuer_per_share": 8.73,
            "book_valuer_per_share_4q_avg": 8.45,
            "equity": 4156222,
            "current_ratio": 192.49,
            "debt_ratio": 48.36,
            "inventory_turnover_ratio": 1.21,
            "account_receivable_turnover_ratio": null,
            "reinvestment_rate": null,
            "research_to_sale_ratio": null,
            "price_fair": 1.69,
            "eps_avg_yearly": 0.06,
            "eps_latest_yearly": 0.08,
            "eps_growth_yearly": 18.18
        },
        "20082": {
            "year_quarter": 20082,
            "year": 2008,
            "quarter": 2,
            "eps": -1.07,
            "eps_growth_year": null,
            "eps_4q": -2.2,
            "eps_4q_growth_year": -22728.72,
            "roe": -6.59,
            "roe_4q": -14.27,
            "gross_profit": -39835,
            "gross_margin": -11.29,
            "gross_margin_4q_avg": -7.38,
            "net_income": -268826,
            "net_income_4q": null,
            "revenue": 352896,
            "revenue_4q": null,
            "common_shares": 2210303,
            "book_valuer_per_share": 7.65,
            "book_valuer_per_share_4q_avg": 8.35,
            "equity": 4003890,
            "current_ratio": 41.82,
            "debt_ratio": 50.16,
            "inventory_turnover_ratio": 1.77,
            "account_receivable_turnover_ratio": null,
            "reinvestment_rate": null,
            "research_to_sale_ratio": null,
            "price_fair": 1.69,
            "eps_avg_yearly": 0.06,
            "eps_latest_yearly": 0.08,
            "eps_growth_yearly": 18.18
        },
        "20083": {
            "year_quarter": 20083,
            "year": 2008,
            "quarter": 3,
            "eps": -0.21,
            "eps_growth_year": null,
            "eps_4q": -2.29,
            "eps_4q_growth_year": null,
            "roe": -2.53,
            "roe_4q": -15.57,
            "gross_profit": -53592,
            "gross_margin": -16.87,
            "gross_margin_4q_avg": -8.94,
            "net_income": -100425,
            "net_income_4q": null,
            "revenue": 317635,
            "revenue_4q": null,
            "common_shares": 2210303,
            "book_valuer_per_share": 7.45,
            "book_valuer_per_share_4q_avg": 8.23,
            "equity": 3920908,
            "current_ratio": 40.93,
            "debt_ratio": 50.96,
            "inventory_turnover_ratio": 2.46,
            "account_receivable_turnover_ratio": null,
            "reinvestment_rate": null,
            "research_to_sale_ratio": null,
            "price_fair": 1.69,
            "eps_avg_yearly": 0.06,
            "eps_latest_yearly": 0.08,
            "eps_growth_yearly": 18.18
        },
        "20084": {
            "year_quarter": 20084,
            "year": 2008,
            "quarter": 4,
            "eps": -0.63,
            "eps_growth_year": null,
            "eps_4q": -1.69,
            "eps_4q_growth_year": null,
            "roe": -5.73,
            "roe_4q": -16.759999999999998,
            "gross_profit": -11301,
            "gross_margin": -4.29,
            "gross_margin_4q_avg": -8.75,
            "net_income": -221324,
            "net_income_4q": null,
            "revenue": 263576,
            "revenue_4q": null,
            "common_shares": 2210303,
            "book_valuer_per_share": 6.82,
            "book_valuer_per_share_4q_avg": 7.66,
            "equity": 3800692,
            "current_ratio": 47.38,
            "debt_ratio": 50.14,
            "inventory_turnover_ratio": 1.92,
            "account_receivable_turnover_ratio": 1.61,
            "reinvestment_rate": null,
            "research_to_sale_ratio": null,
            "price_fair": 1.69,
            "eps_avg_yearly": 0.06,
            "eps_latest_yearly": 0.08,
            "eps_growth_yearly": 18.18
        },
        "20091": {
            "year_quarter": 20091,
            "year": 2009,
            "quarter": 1,
            "eps": -0.4,
            "eps_growth_year": null,
            "eps_4q": -2.31,
            "eps_4q_growth_year": null,
            "roe": -3.32,
            "roe_4q": -18.17,
            "gross_profit": -10301,
            "gross_margin": -4.66,
            "gross_margin_4q_avg": -9.28,
            "net_income": -124965,
            "net_income_4q": null,
            "revenue": 220968,
            "revenue_4q": null,
            "common_shares": 2210303,
            "book_valuer_per_share": 6.42,
            "book_valuer_per_share_4q_avg": 7.09,
            "equity": 3733027,
            "current_ratio": 47.06,
            "debt_ratio": 50.88,
            "inventory_turnover_ratio": 1.23,
            "account_receivable_turnover_ratio": 0.78,
            "reinvestment_rate": null,
            "research_to_sale_ratio": null,
            "price_fair": 1.69,
            "eps_avg_yearly": 0.06,
            "eps_latest_yearly": 0.08,
            "eps_growth_yearly": 18.18
        },
        "20092": {
            "year_quarter": 20092,
            "year": 2009,
            "quarter": 2,
            "eps": -0.26,
            "eps_growth_year": null,
            "eps_4q": -1.49,
            "eps_4q_growth_year": null,
            "roe": -0.53,
            "roe_4q": -12.11,
            "gross_profit": -2916,
            "gross_margin": -1,
            "gross_margin_4q_avg": -6.71,
            "net_income": -20190,
            "net_income_4q": null,
            "revenue": 291872,
            "revenue_4q": null,
            "common_shares": 2210303,
            "book_valuer_per_share": 6.16,
            "book_valuer_per_share_4q_avg": 6.71,
            "equity": 3938455,
            "current_ratio": 133.05,
            "debt_ratio": 50.15,
            "inventory_turnover_ratio": 1.29,
            "account_receivable_turnover_ratio": 1.07,
            "reinvestment_rate": null,
            "research_to_sale_ratio": null,
            "price_fair": 1.69,
            "eps_avg_yearly": 0.06,
            "eps_latest_yearly": 0.08,
            "eps_growth_yearly": 18.18
        },
        "20093": {
            "year_quarter": 20093,
            "year": 2009,
            "quarter": 3,
            "eps": -0.7,
            "eps_growth_year": null,
            "eps_4q": -2.58,
            "eps_4q_growth_year": null,
            "roe": -4.04,
            "roe_4q": -13.620000000000001,
            "gross_profit": 4228,
            "gross_margin": 1.66,
            "gross_margin_4q_avg": -2.07,
            "net_income": -159594,
            "net_income_4q": null,
            "revenue": 254282,
            "revenue_4q": null,
            "common_shares": 1506177,
            "book_valuer_per_share": 8.36,
            "book_valuer_per_share_4q_avg": 6.94,
            "equity": 3964860,
            "current_ratio": 142.62,
            "debt_ratio": 49.53,
            "inventory_turnover_ratio": 1.07,
            "account_receivable_turnover_ratio": 0.86,
            "reinvestment_rate": null,
            "research_to_sale_ratio": null,
            "price_fair": 1.69,
            "eps_avg_yearly": 0.06,
            "eps_latest_yearly": 0.08,
            "eps_growth_yearly": 18.18
        },
        "20094": {
            "year_quarter": 20094,
            "year": 2009,
            "quarter": 4,
            "eps": -3.43,
            "eps_growth_year": null,
            "eps_4q": -5.09,
            "eps_4q_growth_year": null,
            "roe": -17.01,
            "roe_4q": -24.900000000000002,
            "gross_profit": -20415,
            "gross_margin": -4.94,
            "gross_margin_4q_avg": -2.24,
            "net_income": -621587,
            "net_income_4q": null,
            "revenue": 413623,
            "revenue_4q": null,
            "common_shares": 1506177,
            "book_valuer_per_share": 4.93,
            "book_valuer_per_share_4q_avg": 6.47,
            "equity": 3343356,
            "current_ratio": 142.07,
            "debt_ratio": 53.41,
            "inventory_turnover_ratio": 2.44,
            "account_receivable_turnover_ratio": 2.19,
            "reinvestment_rate": null,
            "research_to_sale_ratio": null,
            "price_fair": 1.69,
            "eps_avg_yearly": 0.06,
            "eps_latest_yearly": 0.08,
            "eps_growth_yearly": 18.18
        },
        "20101": {
            "year_quarter": 20101,
            "year": 2010,
            "quarter": 1,
            "eps": -0.7,
            "eps_growth_year": null,
            "eps_4q": -5.2,
            "eps_4q_growth_year": null,
            "roe": -4.91,
            "roe_4q": -26.490000000000002,
            "gross_profit": -11831,
            "gross_margin": -5.3,
            "gross_margin_4q_avg": -2.4,
            "net_income": -160364,
            "net_income_4q": null,
            "revenue": 223350,
            "revenue_4q": null,
            "common_shares": 1506177,
            "book_valuer_per_share": 4.23,
            "book_valuer_per_share_4q_avg": 5.92,
            "equity": 3182992,
            "current_ratio": 126.84,
            "debt_ratio": 54.12,
            "inventory_turnover_ratio": 1.52,
            "account_receivable_turnover_ratio": 0.64,
            "reinvestment_rate": null,
            "research_to_sale_ratio": 12.93,
            "price_fair": 1.69,
            "eps_avg_yearly": 0.06,
            "eps_latest_yearly": 0.08,
            "eps_growth_yearly": 18.18
        },
        "20102": {
            "year_quarter": 20102,
            "year": 2010,
            "quarter": 2,
            "eps": -0.55,
            "eps_growth_year": null,
            "eps_4q": -5.38,
            "eps_4q_growth_year": null,
            "roe": -5.25,
            "roe_4q": -31.21,
            "gross_profit": -23815,
            "gross_margin": -8.57,
            "gross_margin_4q_avg": -4.29,
            "net_income": -165524,
            "net_income_4q": null,
            "revenue": 277961,
            "revenue_4q": null,
            "common_shares": 1506177,
            "book_valuer_per_share": 3.7,
            "book_valuer_per_share_4q_avg": 5.31,
            "equity": 3118315,
            "current_ratio": 116.39,
            "debt_ratio": 54.25,
            "inventory_turnover_ratio": 1.61,
            "account_receivable_turnover_ratio": 0.84,
            "reinvestment_rate": null,
            "research_to_sale_ratio": 15.77,
            "price_fair": 1.69,
            "eps_avg_yearly": 0.06,
            "eps_latest_yearly": 0.08,
            "eps_growth_yearly": 18.18
        },
        "20103": {
            "year_quarter": 20103,
            "year": 2010,
            "quarter": 3,
            "eps": 8.09,
            "eps_growth_year": null,
            "eps_4q": -2.91,
            "eps_4q_growth_year": null,
            "roe": 13.18,
            "roe_4q": -13.990000000000002,
            "gross_profit": -3609,
            "gross_margin": -1.97,
            "gross_margin_4q_avg": -5.2,
            "net_income": 443513,
            "net_income_4q": null,
            "revenue": 183323,
            "revenue_4q": null,
            "common_shares": 640000,
            "book_valuer_per_share": 16.84,
            "book_valuer_per_share_4q_avg": 7.43,
            "equity": 3612276,
            "current_ratio": 168.02,
            "debt_ratio": 46.78,
            "inventory_turnover_ratio": 0.82,
            "account_receivable_turnover_ratio": 0.57,
            "reinvestment_rate": null,
            "research_to_sale_ratio": 23.06,
            "price_fair": 1.69,
            "eps_avg_yearly": 0.06,
            "eps_latest_yearly": 0.08,
            "eps_growth_yearly": 18.18
        },
        "20104": {
            "year_quarter": 20104,
            "year": 2010,
            "quarter": 4,
            "eps": -2.54,
            "eps_growth_year": null,
            "eps_4q": 1.02,
            "eps_4q_growth_year": null,
            "roe": -14.12,
            "roe_4q": -11.1,
            "gross_profit": -120006,
            "gross_margin": -38.5,
            "gross_margin_4q_avg": -13.59,
            "net_income": -483882,
            "net_income_4q": null,
            "revenue": 311725,
            "revenue_4q": null,
            "common_shares": 930000,
            "book_valuer_per_share": 10.3,
            "book_valuer_per_share_4q_avg": 8.77,
            "equity": 3243608,
            "current_ratio": 156.34,
            "debt_ratio": 49.41,
            "inventory_turnover_ratio": 0.92,
            "account_receivable_turnover_ratio": 1.08,
            "reinvestment_rate": null,
            "research_to_sale_ratio": 8.11,
            "price_fair": 2.8,
            "eps_avg_yearly": 0.08,
            "eps_latest_yearly": 0.08,
            "eps_growth_yearly": 400
        },
        "20111": {
            "year_quarter": 20111,
            "year": 2011,
            "quarter": 1,
            "eps": -0.96,
            "eps_growth_year": null,
            "eps_4q": 1.18,
            "eps_4q_growth_year": null,
            "roe": -5.8,
            "roe_4q": -11.989999999999998,
            "gross_profit": -78511,
            "gross_margin": -27.39,
            "gross_margin_4q_avg": -19.11,
            "net_income": -188775,
            "net_income_4q": null,
            "revenue": 286596,
            "revenue_4q": null,
            "common_shares": 930000,
            "book_valuer_per_share": 9.48,
            "book_valuer_per_share_4q_avg": 10.08,
            "equity": 3264832,
            "current_ratio": 161.28,
            "debt_ratio": 48.92,
            "inventory_turnover_ratio": 0.55,
            "account_receivable_turnover_ratio": 1.08,
            "reinvestment_rate": null,
            "research_to_sale_ratio": 9.09,
            "price_fair": 0,
            "eps_avg_yearly": 0,
            "eps_latest_yearly": 0,
            "eps_growth_yearly": 0
        },
        "20112": {
            "year_quarter": 20112,
            "year": 2011,
            "quarter": 2,
            "eps": -0.65,
            "eps_growth_year": null,
            "eps_4q": 0.96,
            "eps_4q_growth_year": null,
            "roe": -6.33,
            "roe_4q": -13.07,
            "gross_profit": -86539,
            "gross_margin": -29.32,
            "gross_margin_4q_avg": -24.3,
            "net_income": -204507,
            "net_income_4q": null,
            "revenue": 295187,
            "revenue_4q": null,
            "common_shares": 1200000,
            "book_valuer_per_share": 7.83,
            "book_valuer_per_share_4q_avg": 11.11,
            "equity": 3195156,
            "current_ratio": 61.55,
            "debt_ratio": 49.43,
            "inventory_turnover_ratio": 0.61,
            "account_receivable_turnover_ratio": 1.18,
            "reinvestment_rate": null,
            "research_to_sale_ratio": 3.17,
            "price_fair": 0,
            "eps_avg_yearly": 0,
            "eps_latest_yearly": 0,
            "eps_growth_yearly": 0
        },
        "20113": {
            "year_quarter": 20113,
            "year": 2011,
            "quarter": 3,
            "eps": -0.74,
            "eps_growth_year": -109.09,
            "eps_4q": -4.09,
            "eps_4q_growth_year": null,
            "roe": -5.07,
            "roe_4q": -31.32,
            "gross_profit": -35455,
            "gross_margin": -10.21,
            "gross_margin_4q_avg": -26.36,
            "net_income": -157735,
            "net_income_4q": null,
            "revenue": 347112,
            "revenue_4q": null,
            "common_shares": 1200000,
            "book_valuer_per_share": 7.11,
            "book_valuer_per_share_4q_avg": 8.68,
            "equity": 3029421,
            "current_ratio": 59.84,
            "debt_ratio": 51.42,
            "inventory_turnover_ratio": 0.63,
            "account_receivable_turnover_ratio": 1.43,
            "reinvestment_rate": null,
            "research_to_sale_ratio": 4.62,
            "price_fair": 0,
            "eps_avg_yearly": 0,
            "eps_latest_yearly": 0,
            "eps_growth_yearly": 0
        },
        "20114": {
            "year_quarter": 20114,
            "year": 2011,
            "quarter": 4,
            "eps": -1.19,
            "eps_growth_year": null,
            "eps_4q": -3.32,
            "eps_4q_growth_year": -426.36,
            "roe": -13.81,
            "roe_4q": -31.01,
            "gross_profit": -17895,
            "gross_margin": -7.01,
            "gross_margin_4q_avg": -18.48,
            "net_income": -391257,
            "net_income_4q": null,
            "revenue": 255326,
            "revenue_4q": null,
            "common_shares": 1200000,
            "book_valuer_per_share": 5.92,
            "book_valuer_per_share_4q_avg": 7.59,
            "equity": 2637999,
            "current_ratio": 55.39,
            "debt_ratio": 54.9,
            "inventory_turnover_ratio": 0.41,
            "account_receivable_turnover_ratio": 0.96,
            "reinvestment_rate": null,
            "research_to_sale_ratio": 7.03,
            "price_fair": 0,
            "eps_avg_yearly": 0,
            "eps_latest_yearly": 0,
            "eps_growth_yearly": 0
        },
        "20121": {
            "year_quarter": 20121,
            "year": 2012,
            "quarter": 1,
            "eps": -0.52,
            "eps_growth_year": null,
            "eps_4q": -3.1,
            "eps_4q_growth_year": -361.57,
            "roe": -5.38,
            "roe_4q": -30.590000000000003,
            "gross_profit": -37036,
            "gross_margin": -17.94,
            "gross_margin_4q_avg": -16.12,
            "net_income": -138107,
            "net_income_4q": null,
            "revenue": 206442,
            "revenue_4q": null,
            "common_shares": 1200000,
            "book_valuer_per_share": 5.4,
            "book_valuer_per_share_4q_avg": 6.57,
            "equity": 2499890,
            "current_ratio": 56.51,
            "debt_ratio": 55.85,
            "inventory_turnover_ratio": 0.33,
            "account_receivable_turnover_ratio": 0.75,
            "reinvestment_rate": null,
            "research_to_sale_ratio": 8.08,
            "price_fair": 0,
            "eps_avg_yearly": 0,
            "eps_latest_yearly": 0,
            "eps_growth_yearly": 0
        },
        "20122": {
            "year_quarter": 20122,
            "year": 2012,
            "quarter": 2,
            "eps": -1.66,
            "eps_growth_year": null,
            "eps_4q": -4.11,
            "eps_4q_growth_year": -529.1,
            "roe": -38.01,
            "roe_4q": -62.27,
            "gross_profit": -55112,
            "gross_margin": -25.3,
            "gross_margin_4q_avg": -15.12,
            "net_income": -798385,
            "net_income_4q": null,
            "revenue": 217852,
            "revenue_4q": null,
            "common_shares": 1200000,
            "book_valuer_per_share": 3.74,
            "book_valuer_per_share_4q_avg": 5.54,
            "equity": 1701509,
            "current_ratio": 52,
            "debt_ratio": 64.74,
            "inventory_turnover_ratio": 0.39,
            "account_receivable_turnover_ratio": 0.86,
            "reinvestment_rate": null,
            "research_to_sale_ratio": 8.53,
            "price_fair": 0,
            "eps_avg_yearly": 0,
            "eps_latest_yearly": 0,
            "eps_growth_yearly": 0
        },
        "20123": {
            "year_quarter": 20123,
            "year": 2012,
            "quarter": 3,
            "eps": -0.86,
            "eps_growth_year": null,
            "eps_4q": -7.28,
            "eps_4q_growth_year": null,
            "roe": -8.15,
            "roe_4q": -65.35,
            "gross_profit": -33257,
            "gross_margin": -12.27,
            "gross_margin_4q_avg": -15.63,
            "net_income": -133384,
            "net_income_4q": null,
            "revenue": 271058,
            "revenue_4q": null,
            "common_shares": 630000,
            "book_valuer_per_share": 6.35,
            "book_valuer_per_share_4q_avg": 5.35,
            "equity": 1573465,
            "current_ratio": 49.63,
            "debt_ratio": 65.94,
            "inventory_turnover_ratio": 0.46,
            "account_receivable_turnover_ratio": 1.05,
            "reinvestment_rate": null,
            "research_to_sale_ratio": 4.32,
            "price_fair": 0,
            "eps_avg_yearly": 0,
            "eps_latest_yearly": 0,
            "eps_growth_yearly": 0
        },
        "20124": {
            "year_quarter": 20124,
            "year": 2012,
            "quarter": 4,
            "eps": -2.02,
            "eps_growth_year": null,
            "eps_4q": -7.04,
            "eps_4q_growth_year": null,
            "roe": -31.09,
            "roe_4q": -82.63,
            "gross_profit": -6426,
            "gross_margin": -2.73,
            "gross_margin_4q_avg": -14.56,
            "net_income": -426267,
            "net_income_4q": null,
            "revenue": 235314,
            "revenue_4q": null,
            "common_shares": 630000,
            "book_valuer_per_share": 4.33,
            "book_valuer_per_share_4q_avg": 4.96,
            "equity": 1168875,
            "current_ratio": 47.91,
            "debt_ratio": 72.39,
            "inventory_turnover_ratio": 0.39,
            "account_receivable_turnover_ratio": 0.91,
            "reinvestment_rate": null,
            "research_to_sale_ratio": 2.55,
            "price_fair": 0,
            "eps_avg_yearly": 0,
            "eps_latest_yearly": 0,
            "eps_growth_yearly": 0
        },
        "20131": {
            "year_quarter": 20131,
            "year": 2013,
            "quarter": 1,
            "eps": -0.88,
            "eps_growth_year": null,
            "eps_4q": -6.92,
            "eps_4q_growth_year": null,
            "roe": -11.28,
            "roe_4q": -88.53,
            "gross_profit": -1276,
            "gross_margin": -0.53,
            "gross_margin_4q_avg": -10.21,
            "net_income": -124608,
            "net_income_4q": null,
            "revenue": 241359,
            "revenue_4q": null,
            "common_shares": 630000,
            "book_valuer_per_share": 3.34,
            "book_valuer_per_share_4q_avg": 4.44,
            "equity": 1039579,
            "current_ratio": 42.64,
            "debt_ratio": 74.69,
            "inventory_turnover_ratio": 0.4,
            "account_receivable_turnover_ratio": 1.02,
            "reinvestment_rate": null,
            "research_to_sale_ratio": 1.15,
            "price_fair": 0,
            "eps_avg_yearly": 0,
            "eps_latest_yearly": 0,
            "eps_growth_yearly": 0
        },
        "20132": {
            "year_quarter": 20132,
            "year": 2013,
            "quarter": 2,
            "eps": -1.89,
            "eps_growth_year": null,
            "eps_4q": -5.66,
            "eps_4q_growth_year": null,
            "roe": -21.16,
            "roe_4q": -71.68,
            "gross_profit": 19417,
            "gross_margin": 7.25,
            "gross_margin_4q_avg": -2.07,
            "net_income": -207288,
            "net_income_4q": null,
            "revenue": 267909,
            "revenue_4q": null,
            "common_shares": 630000,
            "book_valuer_per_share": 1.79,
            "book_valuer_per_share_4q_avg": 3.95,
            "equity": 919241,
            "current_ratio": 43.13,
            "debt_ratio": 76.96,
            "inventory_turnover_ratio": 0.42,
            "account_receivable_turnover_ratio": 1.11,
            "reinvestment_rate": null,
            "research_to_sale_ratio": 1.1,
            "price_fair": 0,
            "eps_avg_yearly": 0,
            "eps_latest_yearly": 0,
            "eps_growth_yearly": 0
        },
        "20133": {
            "year_quarter": 20133,
            "year": 2013,
            "quarter": 3,
            "eps": -0.06,
            "eps_growth_year": null,
            "eps_4q": -4.86,
            "eps_4q_growth_year": null,
            "roe": -1.46,
            "roe_4q": -64.99,
            "gross_profit": 13146,
            "gross_margin": 5.91,
            "gross_margin_4q_avg": 2.48,
            "net_income": -9690,
            "net_income_4q": null,
            "revenue": 222453,
            "revenue_4q": null,
            "common_shares": 630000,
            "book_valuer_per_share": 1.84,
            "book_valuer_per_share_4q_avg": 2.83,
            "equity": 407769,
            "current_ratio": 47.73,
            "debt_ratio": 85.77,
            "inventory_turnover_ratio": 0.37,
            "account_receivable_turnover_ratio": 1.05,
            "reinvestment_rate": null,
            "research_to_sale_ratio": 0.62,
            "price_fair": 0,
            "eps_avg_yearly": 0,
            "eps_latest_yearly": 0,
            "eps_growth_yearly": 0
        },
        "20134": {
            "year_quarter": 20134,
            "year": 2013,
            "quarter": 4,
            "eps": 0.73,
            "eps_growth_year": null,
            "eps_4q": -2.11,
            "eps_4q_growth_year": null,
            "roe": 6.66,
            "roe_4q": -27.240000000000002,
            "gross_profit": 35807,
            "gross_margin": 16.72,
            "gross_margin_4q_avg": 7.34,
            "net_income": 28368,
            "net_income_4q": null,
            "revenue": 214105,
            "revenue_4q": null,
            "common_shares": 630000,
            "book_valuer_per_share": 2.7,
            "book_valuer_per_share_4q_avg": 2.42,
            "equity": 444646,
            "current_ratio": 46.56,
            "debt_ratio": 84.47,
            "inventory_turnover_ratio": 0.33,
            "account_receivable_turnover_ratio": 1.17,
            "reinvestment_rate": null,
            "research_to_sale_ratio": 0.01,
            "price_fair": 0,
            "eps_avg_yearly": 0,
            "eps_latest_yearly": 0,
            "eps_growth_yearly": 0
        },
        "20141": {
            "year_quarter": 20141,
            "year": 2014,
            "quarter": 1,
            "eps": 0.82,
            "eps_growth_year": null,
            "eps_4q": -0.41,
            "eps_4q_growth_year": null,
            "roe": 21.85,
            "roe_4q": 5.890000000000001,
            "gross_profit": 18811,
            "gross_margin": 10.26,
            "gross_margin_4q_avg": 10.04,
            "net_income": 109062,
            "net_income_4q": null,
            "revenue": 183394,
            "revenue_4q": null,
            "common_shares": 630000,
            "book_valuer_per_share": 3.52,
            "book_valuer_per_share_4q_avg": 2.46,
            "equity": 553696,
            "current_ratio": 45.69,
            "debt_ratio": 79.63,
            "inventory_turnover_ratio": 0.31,
            "account_receivable_turnover_ratio": 0.95,
            "reinvestment_rate": null,
            "research_to_sale_ratio": 0.01,
            "price_fair": 114.8,
            "eps_avg_yearly": 3.28,
            "eps_latest_yearly": 3.28,
            "eps_growth_yearly": 49.32
        },
        "20142": {
            "year_quarter": 20142,
            "year": 2014,
            "quarter": 2,
            "eps": 3.47,
            "eps_growth_year": null,
            "eps_4q": 4.95,
            "eps_4q_growth_year": null,
            "roe": 23.07,
            "roe_4q": 50.12,
            "gross_profit": 15763,
            "gross_margin": 9.57,
            "gross_margin_4q_avg": 10.62,
            "net_income": 144404,
            "net_income_4q": null,
            "revenue": 164718,
            "revenue_4q": null,
            "common_shares": 630000,
            "book_valuer_per_share": 6.98,
            "book_valuer_per_share_4q_avg": 3.76,
            "equity": 698099,
            "current_ratio": 50.12,
            "debt_ratio": 72.06,
            "inventory_turnover_ratio": 0.28,
            "account_receivable_turnover_ratio": 0.91,
            "reinvestment_rate": null,
            "research_to_sale_ratio": 0.01,
            "price_fair": 300.3,
            "eps_avg_yearly": 8.58,
            "eps_latest_yearly": 13.88,
            "eps_growth_yearly": 671
        },
        "20143": {
            "year_quarter": 20143,
            "year": 2014,
            "quarter": 3,
            "eps": -0.07,
            "eps_growth_year": null,
            "eps_4q": 4.94,
            "eps_4q_growth_year": null,
            "roe": -2.68,
            "roe_4q": 48.900000000000006,
            "gross_profit": 10559,
            "gross_margin": 7.35,
            "gross_margin_4q_avg": 10.98,
            "net_income": -18866,
            "net_income_4q": null,
            "revenue": 143592,
            "revenue_4q": null,
            "common_shares": 630000,
            "book_valuer_per_share": 7.11,
            "book_valuer_per_share_4q_avg": 5.08,
            "equity": 712233,
            "current_ratio": 49.64,
            "debt_ratio": 70.97,
            "inventory_turnover_ratio": 0.25,
            "account_receivable_turnover_ratio": 0.88,
            "reinvestment_rate": null,
            "research_to_sale_ratio": 0.01,
            "price_fair": 300.3,
            "eps_avg_yearly": 8.58,
            "eps_latest_yearly": 13.88,
            "eps_growth_yearly": 671
        },
        "20144": {
            "year_quarter": 20144,
            "year": 2014,
            "quarter": 4,
            "eps": -0.7,
            "eps_growth_year": -196.52,
            "eps_4q": 3.52,
            "eps_4q_growth_year": null,
            "roe": -12.55,
            "roe_4q": 29.69,
            "gross_profit": 6505,
            "gross_margin": 4.39,
            "gross_margin_4q_avg": 7.89,
            "net_income": -84301,
            "net_income_4q": null,
            "revenue": 148342,
            "revenue_4q": null,
            "common_shares": 630000,
            "book_valuer_per_share": 6.46,
            "book_valuer_per_share_4q_avg": 6.02,
            "equity": 631683,
            "current_ratio": 48.15,
            "debt_ratio": 73.29,
            "inventory_turnover_ratio": 0.28,
            "account_receivable_turnover_ratio": 0.94,
            "reinvestment_rate": null,
            "research_to_sale_ratio": 0.01,
            "price_fair": 300.3,
            "eps_avg_yearly": 8.58,
            "eps_latest_yearly": 13.88,
            "eps_growth_yearly": 671
        },
        "20151": {
            "year_quarter": 20151,
            "year": 2015,
            "quarter": 1,
            "eps": -0.19,
            "eps_growth_year": -123.17,
            "eps_4q": 2.44,
            "eps_4q_growth_year": null,
            "roe": -3.38,
            "roe_4q": 4.460000000000001,
            "gross_profit": 17762,
            "gross_margin": 18.88,
            "gross_margin_4q_avg": 10.05,
            "net_income": -21342,
            "net_income_4q": null,
            "revenue": 94071,
            "revenue_4q": null,
            "common_shares": 645500,
            "book_valuer_per_share": 6.43,
            "book_valuer_per_share_4q_avg": 6.75,
            "equity": 630491,
            "current_ratio": 46.24,
            "debt_ratio": 72.58,
            "inventory_turnover_ratio": 0.15,
            "account_receivable_turnover_ratio": 0.69,
            "reinvestment_rate": null,
            "research_to_sale_ratio": 0.01,
            "price_fair": 300.3,
            "eps_avg_yearly": 8.58,
            "eps_latest_yearly": 13.88,
            "eps_growth_yearly": 671
        },
        "20152": {
            "year_quarter": 20152,
            "year": 2015,
            "quarter": 2,
            "eps": -0.21,
            "eps_growth_year": -106.05,
            "eps_4q": -1.15,
            "eps_4q_growth_year": -123.26,
            "roe": -3.94,
            "roe_4q": -22.55,
            "gross_profit": 21781,
            "gross_margin": 19.83,
            "gross_margin_4q_avg": 12.61,
            "net_income": -24351,
            "net_income_4q": null,
            "revenue": 109836,
            "revenue_4q": null,
            "common_shares": 645500,
            "book_valuer_per_share": 6.22,
            "book_valuer_per_share_4q_avg": 6.56,
            "equity": 606140,
            "current_ratio": 45.21,
            "debt_ratio": 73.39,
            "inventory_turnover_ratio": 0.18,
            "account_receivable_turnover_ratio": 0.94,
            "reinvestment_rate": null,
            "research_to_sale_ratio": 0.01,
            "price_fair": 300.3,
            "eps_avg_yearly": 8.58,
            "eps_latest_yearly": 13.88,
            "eps_growth_yearly": 671
        },
        "20153": {
            "year_quarter": 20153,
            "year": 2015,
            "quarter": 3,
            "eps": -0.21,
            "eps_growth_year": null,
            "eps_4q": -1.29,
            "eps_4q_growth_year": -126.12,
            "roe": -3.6,
            "roe_4q": -23.47,
            "gross_profit": 19222,
            "gross_margin": 19.12,
            "gross_margin_4q_avg": 15.56,
            "net_income": -21440,
            "net_income_4q": null,
            "revenue": 100540,
            "revenue_4q": null,
            "common_shares": 645500,
            "book_valuer_per_share": 6.01,
            "book_valuer_per_share_4q_avg": 6.28,
            "equity": 584700,
            "current_ratio": 43.93,
            "debt_ratio": 74,
            "inventory_turnover_ratio": 0.16,
            "account_receivable_turnover_ratio": 0.86,
            "reinvestment_rate": null,
            "research_to_sale_ratio": 0.26,
            "price_fair": 300.3,
            "eps_avg_yearly": 8.58,
            "eps_latest_yearly": 13.88,
            "eps_growth_yearly": 671
        },
        "20154": {
            "year_quarter": 20154,
            "year": 2015,
            "quarter": 4,
            "eps": 0.99,
            "eps_growth_year": null,
            "eps_4q": 0.43,
            "eps_4q_growth_year": -87.8,
            "roe": 9.82,
            "roe_4q": -1.0999999999999992,
            "gross_profit": 16003,
            "gross_margin": 17.79,
            "gross_margin_4q_avg": 18.91,
            "net_income": 62496,
            "net_income_4q": null,
            "revenue": 89942,
            "revenue_4q": null,
            "common_shares": 704080,
            "book_valuer_per_share": 7.08,
            "book_valuer_per_share_4q_avg": 6.44,
            "equity": 687963,
            "current_ratio": 44.18,
            "debt_ratio": 69.11,
            "inventory_turnover_ratio": 0.15,
            "account_receivable_turnover_ratio": 0.86,
            "reinvestment_rate": null,
            "research_to_sale_ratio": 0.53,
            "price_fair": 300.3,
            "eps_avg_yearly": 8.58,
            "eps_latest_yearly": 13.88,
            "eps_growth_yearly": 671
        },
        "20161": {
            "year_quarter": 20161,
            "year": 2016,
            "quarter": 1,
            "eps": -0.15,
            "eps_growth_year": null,
            "eps_4q": 0.45,
            "eps_4q_growth_year": -81.47,
            "roe": -2.41,
            "roe_4q": -0.1299999999999999,
            "gross_profit": 14586,
            "gross_margin": 18.1,
            "gross_margin_4q_avg": 18.71,
            "net_income": -16324,
            "net_income_4q": null,
            "revenue": 80574,
            "revenue_4q": null,
            "common_shares": 704080,
            "book_valuer_per_share": 6.89,
            "book_valuer_per_share_4q_avg": 6.55,
            "equity": 669008,
            "current_ratio": 42.32,
            "debt_ratio": 69.33,
            "inventory_turnover_ratio": 0.13,
            "account_receivable_turnover_ratio": 0.94,
            "reinvestment_rate": null,
            "research_to_sale_ratio": 0.12,
            "price_fair": 300.3,
            "eps_avg_yearly": 8.58,
            "eps_latest_yearly": 13.88,
            "eps_growth_yearly": 671
        },
        "20162": {
            "year_quarter": 20162,
            "year": 2016,
            "quarter": 2,
            "eps": -0.16,
            "eps_growth_year": null,
            "eps_4q": 0.49,
            "eps_4q_growth_year": null,
            "roe": -2.78,
            "roe_4q": 1.0300000000000007,
            "gross_profit": 14603,
            "gross_margin": 16.91,
            "gross_margin_4q_avg": 17.98,
            "net_income": -18315,
            "net_income_4q": null,
            "revenue": 86344,
            "revenue_4q": null,
            "common_shares": 704080,
            "book_valuer_per_share": 6.73,
            "book_valuer_per_share_4q_avg": 6.68,
            "equity": 650693,
            "current_ratio": 242.64,
            "debt_ratio": 70.13,
            "inventory_turnover_ratio": 0.14,
            "account_receivable_turnover_ratio": 1.11,
            "reinvestment_rate": null,
            "research_to_sale_ratio": 0.04,
            "price_fair": 300.3,
            "eps_avg_yearly": 8.58,
            "eps_latest_yearly": 13.88,
            "eps_growth_yearly": 671
        },
        "20163": {
            "year_quarter": 20163,
            "year": 2016,
            "quarter": 3,
            "eps": -0.15,
            "eps_growth_year": null,
            "eps_4q": 0.49,
            "eps_4q_growth_year": null,
            "roe": -2.5,
            "roe_4q": 2.130000000000001,
            "gross_profit": 16788,
            "gross_margin": 20.95,
            "gross_margin_4q_avg": 18.44,
            "net_income": -16443,
            "net_income_4q": null,
            "revenue": 80149,
            "revenue_4q": null,
            "common_shares": 744080,
            "book_valuer_per_share": 6.62,
            "book_valuer_per_share_4q_avg": 6.83,
            "equity": 664250,
            "current_ratio": 271.64,
            "debt_ratio": 69.23,
            "inventory_turnover_ratio": 0.13,
            "account_receivable_turnover_ratio": 1.06,
            "reinvestment_rate": null,
            "research_to_sale_ratio": 0.02,
            "price_fair": 300.3,
            "eps_avg_yearly": 8.58,
            "eps_latest_yearly": 13.88,
            "eps_growth_yearly": 671
        },
        "20164": {
            "year_quarter": 20164,
            "year": 2016,
            "quarter": 4,
            "eps": 0.09,
            "eps_growth_year": -90.94,
            "eps_4q": -0.35,
            "eps_4q_growth_year": -181.55,
            "roe": 1.3,
            "roe_4q": -6.39,
            "gross_profit": 24975,
            "gross_margin": 25.9,
            "gross_margin_4q_avg": 20.47,
            "net_income": 8691,
            "net_income_4q": null,
            "revenue": 96429,
            "revenue_4q": null,
            "common_shares": 744080,
            "book_valuer_per_share": 6.71,
            "book_valuer_per_share_4q_avg": 6.74,
            "equity": 672941,
            "current_ratio": 277.98,
            "debt_ratio": 68.78,
            "inventory_turnover_ratio": 0.14,
            "account_receivable_turnover_ratio": 1.28,
            "reinvestment_rate": -3595.87,
            "research_to_sale_ratio": 0.11,
            "price_fair": 300.3,
            "eps_avg_yearly": 8.58,
            "eps_latest_yearly": 13.88,
            "eps_growth_yearly": 671
        },
        "20171": {
            "year_quarter": 20171,
            "year": 2017,
            "quarter": 1,
            "eps": -0.02,
            "eps_growth_year": null,
            "eps_4q": -0.22,
            "eps_4q_growth_year": -148.87,
            "roe": -0.3,
            "roe_4q": -4.279999999999999,
            "gross_profit": 21792,
            "gross_margin": 22.93,
            "gross_margin_4q_avg": 21.67,
            "net_income": -2054,
            "net_income_4q": null,
            "revenue": 95046,
            "revenue_4q": null,
            "common_shares": 760080,
            "book_valuer_per_share": 6.71,
            "book_valuer_per_share_4q_avg": 6.69,
            "equity": 682887,
            "current_ratio": 295.89,
            "debt_ratio": 68.23,
            "inventory_turnover_ratio": 0.15,
            "account_receivable_turnover_ratio": 1.21,
            "reinvestment_rate": -1766.44,
            "research_to_sale_ratio": 0.24,
            "price_fair": 300.3,
            "eps_avg_yearly": 8.58,
            "eps_latest_yearly": 13.88,
            "eps_growth_yearly": 671
        },
        "20172": {
            "year_quarter": 20172,
            "year": 2017,
            "quarter": 2,
            "eps": 0.57,
            "eps_growth_year": null,
            "eps_4q": 0.48,
            "eps_4q_growth_year": -0.8,
            "roe": 5.59,
            "roe_4q": 4.09,
            "gross_profit": 24416,
            "gross_margin": 23.94,
            "gross_margin_4q_avg": 23.43,
            "net_income": 39506,
            "net_income_4q": null,
            "revenue": 101997,
            "revenue_4q": null,
            "common_shares": 770080,
            "book_valuer_per_share": 7.27,
            "book_valuer_per_share_4q_avg": 6.83,
            "equity": 729393,
            "current_ratio": 268.08,
            "debt_ratio": 66.04,
            "inventory_turnover_ratio": 0.16,
            "account_receivable_turnover_ratio": 1.25,
            "reinvestment_rate": -794.3,
            "research_to_sale_ratio": 0.19,
            "price_fair": 300.3,
            "eps_avg_yearly": 8.58,
            "eps_latest_yearly": 13.88,
            "eps_growth_yearly": 671
        },
        "20173": {
            "year_quarter": 20173,
            "year": 2017,
            "quarter": 3,
            "eps": -0.04,
            "eps_growth_year": null,
            "eps_4q": 0.58,
            "eps_4q_growth_year": 17.61,
            "roe": -0.68,
            "roe_4q": 5.91,
            "gross_profit": 24130,
            "gross_margin": 25.41,
            "gross_margin_4q_avg": 24.55,
            "net_income": -4915,
            "net_income_4q": null,
            "revenue": 94958,
            "revenue_4q": null,
            "common_shares": 770080,
            "book_valuer_per_share": 7.23,
            "book_valuer_per_share_4q_avg": 6.98,
            "equity": 724478,
            "current_ratio": 275.82,
            "debt_ratio": 65.9,
            "inventory_turnover_ratio": 0.15,
            "account_receivable_turnover_ratio": 1.16,
            "reinvestment_rate": -451.76,
            "research_to_sale_ratio": 0.34,
            "price_fair": 300.3,
            "eps_avg_yearly": 8.58,
            "eps_latest_yearly": 13.88,
            "eps_growth_yearly": 671
        },
        "20174": {
            "year_quarter": 20174,
            "year": 2017,
            "quarter": 4,
            "eps": 0.01,
            "eps_growth_year": -83.79,
            "eps_4q": 0.51,
            "eps_4q_growth_year": null,
            "roe": -0.02,
            "roe_4q": 4.59,
            "gross_profit": 22985,
            "gross_margin": 23.53,
            "gross_margin_4q_avg": 23.95,
            "net_income": -127,
            "net_income_4q": null,
            "revenue": 97693,
            "revenue_4q": null,
            "common_shares": 770080,
            "book_valuer_per_share": 7.24,
            "book_valuer_per_share_4q_avg": 7.11,
            "equity": 724351,
            "current_ratio": 274.92,
            "debt_ratio": 65.77,
            "inventory_turnover_ratio": 0.16,
            "account_receivable_turnover_ratio": 1.23,
            "reinvestment_rate": -521.52,
            "research_to_sale_ratio": 0.24,
            "price_fair": 300.3,
            "eps_avg_yearly": 8.58,
            "eps_latest_yearly": 13.88,
            "eps_growth_yearly": 671
        },
        "20181": {
            "year_quarter": 20181,
            "year": 2018,
            "quarter": 1,
            "eps": -0.06,
            "eps_growth_year": null,
            "eps_4q": 0.46,
            "eps_4q_growth_year": null,
            "roe": -0.79,
            "roe_4q": 4.1,
            "gross_profit": 22199,
            "gross_margin": 24.82,
            "gross_margin_4q_avg": 24.43,
            "net_income": -5700,
            "net_income_4q": null,
            "revenue": 89448,
            "revenue_4q": null,
            "common_shares": 780080,
            "book_valuer_per_share": 7.17,
            "book_valuer_per_share_4q_avg": 7.23,
            "equity": 724590,
            "current_ratio": 289.18,
            "debt_ratio": 65.39,
            "inventory_turnover_ratio": 0.14,
            "account_receivable_turnover_ratio": 1.19,
            "reinvestment_rate": -653.84,
            "research_to_sale_ratio": 0.22,
            "price_fair": 485.8,
            "eps_avg_yearly": 13.88,
            "eps_latest_yearly": 13.88,
            "eps_growth_yearly": 1292.68
        },
        "20182": {
            "year_quarter": 20182,
            "year": 2018,
            "quarter": 2,
            "eps": -0.16,
            "eps_growth_year": -128.07,
            "eps_4q": -0.24,
            "eps_4q_growth_year": -150.39,
            "roe": -2.49,
            "roe_4q": -3.9800000000000004,
            "gross_profit": 14686,
            "gross_margin": 19.25,
            "gross_margin_4q_avg": 23.25,
            "net_income": -17898,
            "net_income_4q": null,
            "revenue": 76309,
            "revenue_4q": null,
            "common_shares": 790080,
            "book_valuer_per_share": 7.02,
            "book_valuer_per_share_4q_avg": 7.17,
            "equity": 714692,
            "current_ratio": 42.03,
            "debt_ratio": 65.64,
            "inventory_turnover_ratio": 0.13,
            "account_receivable_turnover_ratio": 1.14,
            "reinvestment_rate": null,
            "research_to_sale_ratio": 0.25,
            "price_fair": 0,
            "eps_avg_yearly": 0,
            "eps_latest_yearly": 0,
            "eps_growth_yearly": 0
        },
        "20183": {
            "year_quarter": 20183,
            "year": 2018,
            "quarter": 3,
            "eps": -0.06,
            "eps_growth_year": null,
            "eps_4q": -0.26,
            "eps_4q_growth_year": -144.67,
            "roe": -0.85,
            "roe_4q": -4.15,
            "gross_profit": 19816,
            "gross_margin": 25.34,
            "gross_margin_4q_avg": 23.24,
            "net_income": -6076,
            "net_income_4q": null,
            "revenue": 78185,
            "revenue_4q": null,
            "common_shares": 790080,
            "book_valuer_per_share": 6.97,
            "book_valuer_per_share_4q_avg": 7.1,
            "equity": 708616,
            "current_ratio": 41.32,
            "debt_ratio": 65.58,
            "inventory_turnover_ratio": 0.12,
            "account_receivable_turnover_ratio": 1.19,
            "reinvestment_rate": null,
            "research_to_sale_ratio": 0.29,
            "price_fair": 0,
            "eps_avg_yearly": 0,
            "eps_latest_yearly": 0,
            "eps_growth_yearly": 0
        },
        "20184": {
            "year_quarter": 20184,
            "year": 2018,
            "quarter": 4,
            "eps": -0.13,
            "eps_growth_year": -986.18,
            "eps_4q": -0.39,
            "eps_4q_growth_year": -177.01,
            "roe": -1.66,
            "roe_4q": -5.79,
            "gross_profit": 27320,
            "gross_margin": 24.56,
            "gross_margin_4q_avg": 23.49,
            "net_income": -11767,
            "net_income_4q": null,
            "revenue": 111252,
            "revenue_4q": null,
            "common_shares": 820080,
            "book_valuer_per_share": 6.77,
            "book_valuer_per_share_4q_avg": 6.98,
            "equity": 711849,
            "current_ratio": 43.22,
            "debt_ratio": 65.91,
            "inventory_turnover_ratio": 0.18,
            "account_receivable_turnover_ratio": 1.42,
            "reinvestment_rate": -10377.77,
            "research_to_sale_ratio": 0.19,
            "price_fair": 0,
            "eps_avg_yearly": 0,
            "eps_latest_yearly": 0,
            "eps_growth_yearly": 0
        },
        "20191": {
            "year_quarter": 20191,
            "year": 2019,
            "quarter": 1,
            "eps": 0.08,
            "eps_growth_year": null,
            "eps_4q": -0.26,
            "eps_4q_growth_year": -156.26,
            "roe": 1.57,
            "roe_4q": -3.43,
            "gross_profit": 22079,
            "gross_margin": 25.95,
            "gross_margin_4q_avg": 23.78,
            "net_income": 11287,
            "net_income_4q": null,
            "revenue": 85089,
            "revenue_4q": null,
            "common_shares": 820080,
            "book_valuer_per_share": 6.84,
            "book_valuer_per_share_4q_avg": 6.9,
            "equity": 722877,
            "current_ratio": 42.67,
            "debt_ratio": 64.96,
            "inventory_turnover_ratio": 0.14,
            "account_receivable_turnover_ratio": 1.14,
            "reinvestment_rate": -3896.67,
            "research_to_sale_ratio": 0.23,
            "price_fair": 0,
            "eps_avg_yearly": 0,
            "eps_latest_yearly": 0,
            "eps_growth_yearly": 0
        },
        "20192": {
            "year_quarter": 20192,
            "year": 2019,
            "quarter": 2,
            "eps": -0.14,
            "eps_growth_year": null,
            "eps_4q": -0.25,
            "eps_4q_growth_year": null,
            "roe": -2.49,
            "roe_4q": -3.43,
            "gross_profit": 13107,
            "gross_margin": 19.85,
            "gross_margin_4q_avg": 23.93,
            "net_income": -17770,
            "net_income_4q": null,
            "revenue": 66035,
            "revenue_4q": null,
            "common_shares": 820080,
            "book_valuer_per_share": 6.7,
            "book_valuer_per_share_4q_avg": 6.82,
            "equity": 705107,
            "current_ratio": 269.11,
            "debt_ratio": 65.49,
            "inventory_turnover_ratio": 0.12,
            "account_receivable_turnover_ratio": 1.12,
            "reinvestment_rate": -4821.45,
            "research_to_sale_ratio": 0.33,
            "price_fair": 0,
            "eps_avg_yearly": 0,
            "eps_latest_yearly": 0,
            "eps_growth_yearly": 0
        },
        "20193": {
            "year_quarter": 20193,
            "year": 2019,
            "quarter": 3,
            "eps": 0,
            "eps_growth_year": null,
            "eps_4q": -0.19,
            "eps_4q_growth_year": null,
            "roe": 0.29,
            "roe_4q": -2.29,
            "gross_profit": 29788,
            "gross_margin": 33.63,
            "gross_margin_4q_avg": 26,
            "net_income": 2065,
            "net_income_4q": null,
            "revenue": 88567,
            "revenue_4q": null,
            "common_shares": 820080,
            "book_valuer_per_share": 6.7,
            "book_valuer_per_share_4q_avg": 6.75,
            "equity": 707172,
            "current_ratio": 150.59,
            "debt_ratio": 65.55,
            "inventory_turnover_ratio": 0.13,
            "account_receivable_turnover_ratio": 1.41,
            "reinvestment_rate": -3394.24,
            "research_to_sale_ratio": 0.22,
            "price_fair": 0,
            "eps_avg_yearly": 0,
            "eps_latest_yearly": 0,
            "eps_growth_yearly": 0
        },
        "20194": {
            "year_quarter": 20194,
            "year": 2019,
            "quarter": 4,
            "eps": 5.54,
            "eps_growth_year": null,
            "eps_4q": 5.48,
            "eps_4q_growth_year": null,
            "roe": 86.61,
            "roe_4q": 85.98,
            "gross_profit": -109266,
            "gross_margin": -131.54,
            "gross_margin_4q_avg": -13.03,
            "net_income": 1080222,
            "net_income_4q": null,
            "revenue": 83069,
            "revenue_4q": null,
            "common_shares": 820080,
            "book_valuer_per_share": 12.49,
            "book_valuer_per_share_4q_avg": 8.18,
            "equity": 1787395,
            "current_ratio": 971.01,
            "debt_ratio": 11.12,
            "inventory_turnover_ratio": 0.49,
            "account_receivable_turnover_ratio": 1.31,
            "reinvestment_rate": -354.47,
            "research_to_sale_ratio": 0.25,
            "price_fair": 0,
            "eps_avg_yearly": 0,
            "eps_latest_yearly": 0,
            "eps_growth_yearly": 0
        },
        "20201": {
            "year_quarter": 20201,
            "year": 2020,
            "quarter": 1,
            "eps": 0.06,
            "eps_growth_year": -25,
            "eps_4q": 5.47,
            "eps_4q_growth_year": null,
            "roe": 0.27,
            "roe_4q": 84.68,
            "gross_profit": 9286,
            "gross_margin": 18.62,
            "gross_margin_4q_avg": -14.86,
            "net_income": 4842,
            "net_income_4q": null,
            "revenue": 49878,
            "revenue_4q": null,
            "common_shares": 820080,
            "book_valuer_per_share": 12.56,
            "book_valuer_per_share_4q_avg": 9.61,
            "equity": 1792237,
            "current_ratio": 1273.67,
            "debt_ratio": 8.29,
            "inventory_turnover_ratio": 0.13,
            "account_receivable_turnover_ratio": 0.94,
            "reinvestment_rate": -340.27,
            "research_to_sale_ratio": 0.86,
            "price_fair": 0.72,
            "eps_avg_yearly": 0.24,
            "eps_latest_yearly": 0.24,
            "eps_growth_yearly": -395.67
        },
        "20202": {
            "year_quarter": 20202,
            "year": 2020,
            "quarter": 2,
            "eps": -0.08,
            "eps_growth_year": null,
            "eps_4q": 5.53,
            "eps_4q_growth_year": null,
            "roe": -0.59,
            "roe_4q": 86.58000000000001,
            "gross_profit": 13732,
            "gross_margin": 23.15,
            "gross_margin_4q_avg": -14.04,
            "net_income": -10532,
            "net_income_4q": null,
            "revenue": 59308,
            "revenue_4q": null,
            "common_shares": 820080,
            "book_valuer_per_share": 12.48,
            "book_valuer_per_share_4q_avg": 11.06,
            "equity": 1781705,
            "current_ratio": 1251.89,
            "debt_ratio": 8.34,
            "inventory_turnover_ratio": 0.14,
            "account_receivable_turnover_ratio": 1.19,
            "reinvestment_rate": -335.27,
            "research_to_sale_ratio": 0.72,
            "price_fair": 0.72,
            "eps_avg_yearly": 0.24,
            "eps_latest_yearly": 0.24,
            "eps_growth_yearly": -395.67
        },
        "20203": {
            "year_quarter": 20203,
            "year": 2020,
            "quarter": 3,
            "eps": -0.31,
            "eps_growth_year": null,
            "eps_4q": 5.21,
            "eps_4q_growth_year": null,
            "roe": -2.13,
            "roe_4q": 84.16,
            "gross_profit": 3007,
            "gross_margin": 6.79,
            "gross_margin_4q_avg": -20.75,
            "net_income": -37588,
            "net_income_4q": null,
            "revenue": 44312,
            "revenue_4q": null,
            "common_shares": 820080,
            "book_valuer_per_share": 12.16,
            "book_valuer_per_share_4q_avg": 12.42,
            "equity": 1744117,
            "current_ratio": 969.09,
            "debt_ratio": 10.97,
            "inventory_turnover_ratio": 0.13,
            "account_receivable_turnover_ratio": 0.86,
            "reinvestment_rate": -95.19,
            "research_to_sale_ratio": 0.99,
            "price_fair": 0.72,
            "eps_avg_yearly": 0.24,
            "eps_latest_yearly": 0.24,
            "eps_growth_yearly": -395.67
        },
        "20204": {
            "year_quarter": 20204,
            "year": 2020,
            "quarter": 4,
            "eps": 1.83,
            "eps_growth_year": -67.01,
            "eps_4q": 1.5,
            "eps_4q_growth_year": -72.62,
            "roe": 13.79,
            "roe_4q": 11.34,
            "gross_profit": 213930,
            "gross_margin": 86.69,
            "gross_margin_4q_avg": 33.81,
            "net_income": 258039,
            "net_income_4q": null,
            "revenue": 246784,
            "revenue_4q": null,
            "common_shares": 820080,
            "book_valuer_per_share": 13.98,
            "book_valuer_per_share_4q_avg": 12.8,
            "equity": 1997140,
            "current_ratio": 1349.69,
            "debt_ratio": 8.06,
            "inventory_turnover_ratio": 0.1,
            "account_receivable_turnover_ratio": 5.02,
            "reinvestment_rate": -71.13,
            "research_to_sale_ratio": 0.18,
            "price_fair": 0.72,
            "eps_avg_yearly": 0.24,
            "eps_latest_yearly": 0.24,
            "eps_growth_yearly": -395.67
        },
        "20211": {
            "year_quarter": 20211,
            "year": 2021,
            "quarter": 1,
            "eps": 0.87,
            "eps_growth_year": 1350,
            "eps_4q": 2.3,
            "eps_4q_growth_year": -57.85,
            "roe": 5.2,
            "roe_4q": 16.27,
            "gross_profit": 95767,
            "gross_margin": 72,
            "gross_margin_4q_avg": 47.16,
            "net_income": 106472,
            "net_income_4q": null,
            "revenue": 133014,
            "revenue_4q": null,
            "common_shares": 820080,
            "book_valuer_per_share": 14.83,
            "book_valuer_per_share_4q_avg": 13.36,
            "equity": 2101419,
            "current_ratio": 1389.54,
            "debt_ratio": 7.84,
            "inventory_turnover_ratio": 0.12,
            "account_receivable_turnover_ratio": 2.83,
            "reinvestment_rate": -62.89,
            "research_to_sale_ratio": 0.32,
            "price_fair": 5.58,
            "eps_avg_yearly": 1.86,
            "eps_latest_yearly": 3.48,
            "eps_growth_yearly": -302.75
        },
        "20212": {
            "year_quarter": 20212,
            "year": 2021,
            "quarter": 2,
            "eps": 2.75,
            "eps_growth_year": null,
            "eps_4q": 5.14,
            "eps_4q_growth_year": -7.08,
            "roe": 19.14,
            "roe_4q": 35.99999999999999,
            "gross_profit": 468233,
            "gross_margin": 93.28,
            "gross_margin_4q_avg": 64.69,
            "net_income": 444768,
            "net_income_4q": null,
            "revenue": 501981,
            "revenue_4q": null,
            "common_shares": 820080,
            "book_valuer_per_share": 17.59,
            "book_valuer_per_share_4q_avg": 14.64,
            "equity": 2546705,
            "current_ratio": 1684.63,
            "debt_ratio": 6.46,
            "inventory_turnover_ratio": 0.1,
            "account_receivable_turnover_ratio": 12.72,
            "reinvestment_rate": -48.93,
            "research_to_sale_ratio": 0.08,
            "price_fair": 171.73,
            "eps_avg_yearly": 4.91,
            "eps_latest_yearly": 11,
            "eps_growth_yearly": 86.29
        },
        "20213": {
            "year_quarter": 20213,
            "year": 2021,
            "quarter": 3,
            "eps": -3.65,
            "eps_growth_year": null,
            "eps_4q": 1.79,
            "eps_4q_growth_year": -65.61,
            "roe": -23.45,
            "roe_4q": 14.68,
            "gross_profit": -425566,
            "gross_margin": 109.07,
            "gross_margin_4q_avg": 90.26,
            "net_income": -531036,
            "net_income_4q": null,
            "revenue": -390187,
            "revenue_4q": null,
            "common_shares": 820080,
            "book_valuer_per_share": 13.53,
            "book_valuer_per_share_4q_avg": 14.98,
            "equity": 1982685,
            "current_ratio": 1093.8,
            "debt_ratio": 9.76,
            "inventory_turnover_ratio": 0.11,
            "account_receivable_turnover_ratio": -11.66,
            "reinvestment_rate": -75.25,
            "research_to_sale_ratio": -0.64,
            "price_fair": 171.73,
            "eps_avg_yearly": 4.91,
            "eps_latest_yearly": 11,
            "eps_growth_yearly": 86.29
        },
        "20214": {
            "year_quarter": 20214,
            "year": 2021,
            "quarter": 4,
            "eps": 0.67,
            "eps_growth_year": -63.54,
            "eps_4q": 0.63,
            "eps_4q_growth_year": -57.92,
            "roe": 5.13,
            "roe_4q": 6.0200000000000005,
            "gross_profit": 104140,
            "gross_margin": 83.46,
            "gross_margin_4q_avg": 89.45,
            "net_income": 104440,
            "net_income_4q": null,
            "revenue": 124782,
            "revenue_4q": null,
            "common_shares": 820080,
            "book_valuer_per_share": 14.2,
            "book_valuer_per_share_4q_avg": 15.04,
            "equity": 2086870,
            "current_ratio": 750.81,
            "debt_ratio": 13.58,
            "inventory_turnover_ratio": 0.06,
            "account_receivable_turnover_ratio": 3.18,
            "reinvestment_rate": -65.37,
            "research_to_sale_ratio": 5.82,
            "price_fair": 171.73,
            "eps_avg_yearly": 4.91,
            "eps_latest_yearly": 11,
            "eps_growth_yearly": 86.29
        },
        "20221": {
            "year_quarter": 20221,
            "year": 2022,
            "quarter": 1,
            "eps": -1.23,
            "eps_growth_year": -241.38,
            "eps_4q": -1.46,
            "eps_4q_growth_year": -163.44,
            "roe": -9.24,
            "roe_4q": -8.419999999999998,
            "gross_profit": -112361,
            "gross_margin": 153.61,
            "gross_margin_4q_avg": 109.86,
            "net_income": -184230,
            "net_income_4q": null,
            "revenue": -73147,
            "revenue_4q": null,
            "common_shares": 820080,
            "book_valuer_per_share": 12.96,
            "book_valuer_per_share_4q_avg": 14.57,
            "equity": 1900931,
            "current_ratio": 1246.3,
            "debt_ratio": 8.53,
            "inventory_turnover_ratio": 0.11,
            "account_receivable_turnover_ratio": -1.57,
            "reinvestment_rate": -77.39,
            "research_to_sale_ratio": -12.17,
            "price_fair": 171.73,
            "eps_avg_yearly": 4.91,
            "eps_latest_yearly": 11,
            "eps_growth_yearly": 86.29
        },
        "20222": {
            "year_quarter": 20222,
            "year": 2022,
            "quarter": 2,
            "eps": -2.29,
            "eps_growth_year": -183.27,
            "eps_4q": -6.5,
            "eps_4q_growth_year": -226.64,
            "roe": -19.55,
            "roe_4q": -47.11,
            "gross_profit": -253119,
            "gross_margin": 116.77,
            "gross_margin_4q_avg": 115.73,
            "net_income": -331191,
            "net_income_4q": null,
            "revenue": -216770,
            "revenue_4q": null,
            "common_shares": 820080,
            "book_valuer_per_share": 10.76,
            "book_valuer_per_share_4q_avg": 12.86,
            "equity": 1487781,
            "current_ratio": 942.37,
            "debt_ratio": 11.04,
            "inventory_turnover_ratio": 0.1,
            "account_receivable_turnover_ratio": -4.57,
            "reinvestment_rate": -117.53,
            "research_to_sale_ratio": -4.29,
            "price_fair": 171.73,
            "eps_avg_yearly": 4.91,
            "eps_latest_yearly": 11,
            "eps_growth_yearly": 86.29
        },
        "20223": {
            "year_quarter": 20223,
            "year": 2022,
            "quarter": 3,
            "eps": -1.35,
            "eps_growth_year": null,
            "eps_4q": -4.2,
            "eps_4q_growth_year": -334.01,
            "roe": -13.86,
            "roe_4q": -37.519999999999996,
            "gross_profit": -112553,
            "gross_margin": 158.15,
            "gross_margin_4q_avg": 128,
            "net_income": -184604,
            "net_income_4q": null,
            "revenue": -71170,
            "revenue_4q": null,
            "common_shares": 820080,
            "book_valuer_per_share": 9.3,
            "book_valuer_per_share_4q_avg": 11.81,
            "equity": 1175774,
            "current_ratio": 885.66,
            "debt_ratio": 12.08,
            "inventory_turnover_ratio": 0.12,
            "account_receivable_turnover_ratio": -1.45,
            "reinvestment_rate": -173.54,
            "research_to_sale_ratio": -15.98,
            "price_fair": 171.73,
            "eps_avg_yearly": 4.91,
            "eps_latest_yearly": 11,
            "eps_growth_yearly": 86.29
        },
        "20224": {
            "year_quarter": 20224,
            "year": 2022,
            "quarter": 4,
            "eps": 0.16,
            "eps_growth_year": -75.33,
            "eps_4q": -4.7,
            "eps_4q_growth_year": -844.24,
            "roe": 4.6,
            "roe_4q": -38.050000000000004,
            "gross_profit": 94227,
            "gross_margin": 78.74,
            "gross_margin_4q_avg": 126.82,
            "net_income": 55182,
            "net_income_4q": null,
            "revenue": 119662,
            "revenue_4q": null,
            "common_shares": 820080,
            "book_valuer_per_share": 9.67,
            "book_valuer_per_share_4q_avg": 10.67,
            "equity": 1225026,
            "current_ratio": 958.61,
            "debt_ratio": 11.07,
            "inventory_turnover_ratio": 0.07,
            "account_receivable_turnover_ratio": 2.56,
            "reinvestment_rate": -155.01,
            "research_to_sale_ratio": 8.37,
            "price_fair": 171.73,
            "eps_avg_yearly": 4.91,
            "eps_latest_yearly": 11,
            "eps_growth_yearly": 86.29
        },
        "20231": {
            "year_quarter": 20231,
            "year": 2023,
            "quarter": 1,
            "eps": 0.43,
            "eps_growth_year": null,
            "eps_4q": -3.05,
            "eps_4q_growth_year": null,
            "roe": 4.77,
            "roe_4q": -24.04,
            "gross_profit": 3283,
            "gross_margin": 8.63,
            "gross_margin_4q_avg": 90.57,
            "net_income": 59444,
            "net_income_4q": null,
            "revenue": 38027,
            "revenue_4q": null,
            "common_shares": 820080,
            "book_valuer_per_share": 9.98,
            "book_valuer_per_share_4q_avg": 9.93,
            "equity": 1269923,
            "current_ratio": 1025.57,
            "debt_ratio": 10.3,
            "inventory_turnover_ratio": 0.09,
            "account_receivable_turnover_ratio": 1.02,
            "reinvestment_rate": -137.05,
            "research_to_sale_ratio": 36.72,
            "price_fair": 143.85,
            "eps_avg_yearly": 4.11,
            "eps_latest_yearly": 1.72,
            "eps_growth_yearly": 233.47
        },
        "20232": {
            "year_quarter": 20232,
            "year": 2023,
            "quarter": 2,
            "eps": -0.17,
            "eps_growth_year": null,
            "eps_4q": -0.93,
            "eps_4q_growth_year": null,
            "roe": -2.06,
            "roe_4q": -6.550000000000001,
            "gross_profit": 10695,
            "gross_margin": 22.84,
            "gross_margin_4q_avg": 67.09,
            "net_income": -25761,
            "net_income_4q": null,
            "revenue": 46829,
            "revenue_4q": null,
            "common_shares": 820080,
            "book_valuer_per_share": 9.89,
            "book_valuer_per_share_4q_avg": 9.71,
            "equity": 1237083,
            "current_ratio": 904.09,
            "debt_ratio": 11.16,
            "inventory_turnover_ratio": 0.1,
            "account_receivable_turnover_ratio": 1.41,
            "reinvestment_rate": 10.17,
            "research_to_sale_ratio": 34.8,
            "price_fair": 143.85,
            "eps_avg_yearly": 4.11,
            "eps_latest_yearly": 1.72,
            "eps_growth_yearly": 233.47
        },
        "20233": {
            "year_quarter": 20233,
            "year": 2023,
            "quarter": 3,
            "eps": -0.13,
            "eps_growth_year": null,
            "eps_4q": 0.29,
            "eps_4q_growth_year": null,
            "roe": -1.5,
            "roe_4q": 5.809999999999999,
            "gross_profit": 16167,
            "gross_margin": 30.45,
            "gross_margin_4q_avg": 35.17,
            "net_income": -18369,
            "net_income_4q": null,
            "revenue": 53086,
            "revenue_4q": null,
            "common_shares": 820080,
            "book_valuer_per_share": 9.75,
            "book_valuer_per_share_4q_avg": 9.82,
            "equity": 1218069,
            "current_ratio": 732.83,
            "debt_ratio": 14.34,
            "inventory_turnover_ratio": 0.1,
            "account_receivable_turnover_ratio": 1.28,
            "reinvestment_rate": 23.49,
            "research_to_sale_ratio": 33.3,
            "price_fair": 143.85,
            "eps_avg_yearly": 4.11,
            "eps_latest_yearly": 1.72,
            "eps_growth_yearly": 233.47
        },
        "20234": {
            "year_quarter": 20234,
            "year": 2023,
            "quarter": 4,
            "eps": 0.33,
            "eps_growth_year": 101.63,
            "eps_4q": 0.45,
            "eps_4q_growth_year": null,
            "roe": 3.61,
            "roe_4q": 4.819999999999999,
            "gross_profit": 21165,
            "gross_margin": 38.76,
            "gross_margin_4q_avg": 25.17,
            "net_income": 44746,
            "net_income_4q": null,
            "revenue": 54603,
            "revenue_4q": null,
            "common_shares": 820080,
            "book_valuer_per_share": 10.09,
            "book_valuer_per_share_4q_avg": 9.93,
            "equity": 1263616,
            "current_ratio": 856.95,
            "debt_ratio": 12.83,
            "inventory_turnover_ratio": 0.09,
            "account_receivable_turnover_ratio": 1.15,
            "reinvestment_rate": null,
            "research_to_sale_ratio": 35.68,
            "price_fair": 143.85,
            "eps_avg_yearly": 4.11,
            "eps_latest_yearly": 1.72,
            "eps_growth_yearly": 233.47
        }
    },
    "months": {
        "2001-09": {
            "month": "2001-09",
            "price": "16.45",
            "revenue": 138451
        },
        "2001-10": {
            "month": "2001-10",
            "price": "19.75",
            "revenue": 130828
        },
        "2001-11": {
            "month": "2001-11",
            "price": "20.48",
            "revenue": 116469
        },
        "2001-12": {
            "month": "2001-12",
            "price": "23.62",
            "revenue": 121754
        },
        "2002-01": {
            "month": "2002-01",
            "price": "25.90",
            "revenue": 150749
        },
        "2002-02": {
            "month": "2002-02",
            "price": "24.21",
            "revenue": 151739
        },
        "2002-03": {
            "month": "2002-03",
            "price": "28.82",
            "revenue": 166841
        },
        "2002-04": {
            "month": "2002-04",
            "price": "29.32",
            "revenue": 175320
        },
        "2002-05": {
            "month": "2002-05",
            "price": "21.75",
            "revenue": 177869
        },
        "2002-06": {
            "month": "2002-06",
            "price": "19.58",
            "revenue": 182319
        },
        "2002-07": {
            "month": "2002-07",
            "price": "16.52",
            "revenue": 190058
        },
        "2002-08": {
            "month": "2002-08",
            "price": "15.88",
            "revenue": 236318
        },
        "2002-09": {
            "month": "2002-09",
            "price": "16.70",
            "revenue": 269044
        },
        "2002-10": {
            "month": "2002-10",
            "price": "20.37",
            "revenue": 319832
        },
        "2002-11": {
            "month": "2002-11",
            "price": "25.13",
            "revenue": 322731
        },
        "2002-12": {
            "month": "2002-12",
            "price": "21.05",
            "revenue": 259760
        },
        "2003-01": {
            "month": "2003-01",
            "price": "17.22",
            "revenue": 209325
        },
        "2003-02": {
            "month": "2003-02",
            "price": "18.15",
            "revenue": 161251
        },
        "2003-03": {
            "month": "2003-03",
            "price": "16.75",
            "revenue": 196790
        },
        "2003-04": {
            "month": "2003-04",
            "price": "12.70",
            "revenue": 215143
        },
        "2003-05": {
            "month": "2003-05",
            "price": "10.57",
            "revenue": 220146
        },
        "2003-06": {
            "month": "2003-06",
            "price": "14.18",
            "revenue": 260701
        },
        "2003-07": {
            "month": "2003-07",
            "price": "15.39",
            "revenue": 259351
        },
        "2003-08": {
            "month": "2003-08",
            "price": "14.21",
            "revenue": 262261
        },
        "2003-09": {
            "month": "2003-09",
            "price": "13.19",
            "revenue": 286376
        },
        "2003-10": {
            "month": "2003-10",
            "price": "12.88",
            "revenue": 292406
        },
        "2003-11": {
            "month": "2003-11",
            "price": "12.73",
            "revenue": 237493
        },
        "2003-12": {
            "month": "2003-12",
            "price": "11.77",
            "revenue": 173594
        },
        "2004-01": {
            "month": "2004-01",
            "price": "12.30",
            "revenue": 94798
        },
        "2004-02": {
            "month": "2004-02",
            "price": "13.46",
            "revenue": 164150
        },
        "2004-03": {
            "month": "2004-03",
            "price": "12.96",
            "revenue": 166818
        },
        "2004-04": {
            "month": "2004-04",
            "price": "12.41",
            "revenue": 141793
        },
        "2004-05": {
            "month": "2004-05",
            "price": "9.46",
            "revenue": 155699
        },
        "2004-06": {
            "month": "2004-06",
            "price": "7.70",
            "revenue": 141745
        },
        "2004-07": {
            "month": "2004-07",
            "price": "6.20",
            "revenue": 159727
        },
        "2004-08": {
            "month": "2004-08",
            "price": "5.53",
            "revenue": 140709
        },
        "2004-09": {
            "month": "2004-09",
            "price": "2.47",
            "revenue": 74307
        },
        "2004-10": {
            "month": "2004-10",
            "price": "1.31",
            "revenue": 118421
        },
        "2004-11": {
            "month": "2004-11",
            "price": "1.04",
            "revenue": 106216
        },
        "2004-12": {
            "month": "2004-12",
            "price": "1.29",
            "revenue": 113555
        },
        "2005-01": {
            "month": "2005-01",
            "price": "1.55",
            "revenue": 81657
        },
        "2005-06": {
            "month": "2005-06",
            "price": "1.76",
            "revenue": 55425
        },
        "2005-07": {
            "month": "2005-07",
            "price": "2.22",
            "revenue": 56642
        },
        "2005-08": {
            "month": "2005-08",
            "price": "1.60",
            "revenue": 81614
        },
        "2005-09": {
            "month": "2005-09",
            "price": "1.18",
            "revenue": 110478
        },
        "2005-10": {
            "month": "2005-10",
            "price": "1.01",
            "revenue": 91316
        },
        "2005-11": {
            "month": "2005-11",
            "price": "0.97",
            "revenue": 106185
        },
        "2005-12": {
            "month": "2005-12",
            "price": "1.46",
            "revenue": 64894
        },
        "2006-01": {
            "month": "2006-01",
            "price": "1.18",
            "revenue": 55927
        },
        "2006-02": {
            "month": "2006-02",
            "price": "1.06",
            "revenue": 49169
        },
        "2006-03": {
            "month": "2006-03",
            "price": "0.95",
            "revenue": 75055
        },
        "2006-04": {
            "month": "2006-04",
            "price": "0.95",
            "revenue": 48438
        },
        "2006-05": {
            "month": "2006-05",
            "price": "0.96",
            "revenue": 57138
        },
        "2006-06": {
            "month": "2006-06",
            "price": "1.11",
            "revenue": 65996
        },
        "2006-07": {
            "month": "2006-07",
            "price": "1.17",
            "revenue": 74697
        },
        "2006-08": {
            "month": "2006-08",
            "price": "1.19",
            "revenue": 155618
        },
        "2006-09": {
            "month": "2006-09",
            "price": "3.84",
            "revenue": 78742
        },
        "2006-10": {
            "month": "2006-10",
            "price": "3.97",
            "revenue": 96227
        },
        "2006-11": {
            "month": "2006-11",
            "price": "4.09",
            "revenue": 92195
        },
        "2006-12": {
            "month": "2006-12",
            "price": "5.34",
            "revenue": 88795
        },
        "2007-01": {
            "month": "2007-01",
            "price": "5.52",
            "revenue": 75653
        },
        "2007-02": {
            "month": "2007-02",
            "price": "4.91",
            "revenue": 54549
        },
        "2007-03": {
            "month": "2007-03",
            "price": "4.95",
            "revenue": 68149
        },
        "2007-04": {
            "month": "2007-04",
            "price": "6.19",
            "revenue": 48948
        },
        "2007-05": {
            "month": "2007-05",
            "price": "7.47",
            "revenue": 45865
        },
        "2007-06": {
            "month": "2007-06",
            "price": "12.16",
            "revenue": 41283
        },
        "2007-07": {
            "month": "2007-07",
            "price": "17.18",
            "revenue": 42106
        },
        "2007-08": {
            "month": "2007-08",
            "price": "17.93",
            "revenue": 46784
        },
        "2007-09": {
            "month": "2007-09",
            "price": "27.93",
            "revenue": 43055
        },
        "2007-10": {
            "month": "2007-10",
            "price": "21.03",
            "revenue": 77313
        },
        "2007-11": {
            "month": "2007-11",
            "price": "15.31",
            "revenue": 44573
        },
        "2007-12": {
            "month": "2007-12",
            "price": "13.49",
            "revenue": 43723
        },
        "2008-01": {
            "month": "2008-01",
            "price": "12.26",
            "revenue": 40342
        },
        "2008-02": {
            "month": "2008-02",
            "price": "11.96",
            "revenue": 27396
        },
        "2008-03": {
            "month": "2008-03",
            "price": "13.19",
            "revenue": 34380
        },
        "2008-04": {
            "month": "2008-04",
            "price": "12.53",
            "revenue": 31673
        },
        "2008-05": {
            "month": "2008-05",
            "price": "12.95",
            "revenue": 30224
        },
        "2008-06": {
            "month": "2008-06",
            "price": "12.01",
            "revenue": 22876
        },
        "2008-07": {
            "month": "2008-07",
            "price": "15.68",
            "revenue": 29965
        },
        "2008-08": {
            "month": "2008-08",
            "price": "15.86",
            "revenue": 26982
        },
        "2008-09": {
            "month": "2008-09",
            "price": "8.79",
            "revenue": 28048
        },
        "2009-03": {
            "month": "2009-03",
            "price": "5.69",
            "revenue": 26521
        },
        "2009-04": {
            "month": "2009-04",
            "price": "4.00",
            "revenue": 23310
        },
        "2009-05": {
            "month": "2009-05",
            "price": "2.82",
            "revenue": 19593
        },
        "2009-06": {
            "month": "2009-06",
            "price": "2.78",
            "revenue": 22924
        },
        "2009-07": {
            "month": "2009-07",
            "price": "2.67",
            "revenue": 22627
        },
        "2009-08": {
            "month": "2009-08",
            "price": "2.69",
            "revenue": 23927
        },
        "2009-09": {
            "month": "2009-09",
            "price": "2.79",
            "revenue": 24798
        },
        "2009-10": {
            "month": "2009-10",
            "price": "3.56",
            "revenue": 31653
        },
        "2009-11": {
            "month": "2009-11",
            "price": "5.86",
            "revenue": 27384
        },
        "2009-12": {
            "month": "2009-12",
            "price": "5.14",
            "revenue": 25441
        },
        "2010-01": {
            "month": "2010-01",
            "price": "4.64",
            "revenue": 23268
        },
        "2010-02": {
            "month": "2010-02",
            "price": "3.73",
            "revenue": 20034
        },
        "2010-03": {
            "month": "2010-03",
            "price": "3.80",
            "revenue": 29296
        },
        "2010-04": {
            "month": "2010-04",
            "price": "3.80",
            "revenue": 23092
        },
        "2010-05": {
            "month": "2010-05",
            "price": "2.97",
            "revenue": 25687
        },
        "2010-06": {
            "month": "2010-06",
            "price": "2.98",
            "revenue": 22088
        },
        "2010-07": {
            "month": "2010-07",
            "price": "3.04",
            "revenue": 23598
        },
        "2010-08": {
            "month": "2010-08",
            "price": "3.20",
            "revenue": 26839
        },
        "2010-09": {
            "month": "2010-09",
            "price": "2.96",
            "revenue": 23656
        },
        "2010-10": {
            "month": "2010-10",
            "price": "2.63",
            "revenue": 23324
        },
        "2010-11": {
            "month": "2010-11",
            "price": "6.66",
            "revenue": 27137
        },
        "2010-12": {
            "month": "2010-12",
            "price": "6.39",
            "revenue": 26295
        },
        "2011-01": {
            "month": "2011-01",
            "price": "6.95",
            "revenue": 27841
        },
        "2011-02": {
            "month": "2011-02",
            "price": "8.29",
            "revenue": 18227
        },
        "2011-03": {
            "month": "2011-03",
            "price": "8.40",
            "revenue": 31058
        },
        "2011-04": {
            "month": "2011-04",
            "price": "9.13",
            "revenue": 25737
        },
        "2011-05": {
            "month": "2011-05",
            "price": "7.51",
            "revenue": 25706
        },
        "2011-06": {
            "month": "2011-06",
            "price": "7.01",
            "revenue": 26581
        },
        "2011-07": {
            "month": "2011-07",
            "price": "6.60",
            "revenue": 25717
        },
        "2011-08": {
            "month": "2011-08",
            "price": "5.03",
            "revenue": 25739
        },
        "2011-09": {
            "month": "2011-09",
            "price": "4.79",
            "revenue": 26331
        },
        "2011-10": {
            "month": "2011-10",
            "price": "4.50",
            "revenue": 27173
        },
        "2011-11": {
            "month": "2011-11",
            "price": "4.16",
            "revenue": 33081
        },
        "2011-12": {
            "month": "2011-12",
            "price": "3.27",
            "revenue": 30976
        },
        "2012-01": {
            "month": "2012-01",
            "price": "3.90",
            "revenue": 16900
        },
        "2012-02": {
            "month": "2012-02",
            "price": "5.02",
            "revenue": 24561
        },
        "2012-03": {
            "month": "2012-03",
            "price": "4.71",
            "revenue": 37268
        },
        "2012-04": {
            "month": "2012-04",
            "price": "3.81",
            "revenue": 32077
        },
        "2012-05": {
            "month": "2012-05",
            "price": "3.23",
            "revenue": 27934
        },
        "2012-06": {
            "month": "2012-06",
            "price": "2.80",
            "revenue": 31466
        },
        "2012-07": {
            "month": "2012-07",
            "price": "3.16",
            "revenue": 38486
        },
        "2012-08": {
            "month": "2012-08",
            "price": "2.90",
            "revenue": 36638
        },
        "2012-09": {
            "month": "2012-09",
            "price": "1.89",
            "revenue": 36941
        },
        "2012-10": {
            "month": "2012-10",
            "price": "2.25",
            "revenue": 18967
        },
        "2012-11": {
            "month": "2012-11",
            "price": "1.97",
            "revenue": 15008
        },
        "2012-12": {
            "month": "2012-12",
            "price": "1.91",
            "revenue": 17586
        },
        "2013-01": {
            "month": "2013-01",
            "price": "2.14",
            "revenue": 91292
        },
        "2013-02": {
            "month": "2013-02",
            "price": "2.05",
            "revenue": 65919
        },
        "2013-03": {
            "month": "2013-03",
            "price": "2.15",
            "revenue": 84488
        },
        "2013-04": {
            "month": "2013-04",
            "price": "2.09",
            "revenue": 90465
        },
        "2013-05": {
            "month": "2013-05",
            "price": "2.89",
            "revenue": 91225
        },
        "2013-06": {
            "month": "2013-06",
            "price": "3.14",
            "revenue": 85879
        },
        "2013-07": {
            "month": "2013-07",
            "price": "2.22",
            "revenue": 116934
        },
        "2013-08": {
            "month": "2013-08",
            "price": "2.20",
            "revenue": 54234
        },
        "2013-09": {
            "month": "2013-09",
            "price": "2.08",
            "revenue": 51285
        },
        "2013-10": {
            "month": "2013-10",
            "price": "2.01",
            "revenue": 61276
        },
        "2013-11": {
            "month": "2013-11",
            "price": "1.93",
            "revenue": 66439
        },
        "2013-12": {
            "month": "2013-12",
            "price": "2.06",
            "revenue": 76872
        },
        "2014-01": {
            "month": "2014-01",
            "price": "2.58",
            "revenue": 87473
        },
        "2014-02": {
            "month": "2014-02",
            "price": "2.71",
            "revenue": 61793
        },
        "2014-03": {
            "month": "2014-03",
            "price": "4.75",
            "revenue": 31841
        },
        "2014-04": {
            "month": "2014-04",
            "price": "4.53",
            "revenue": 68925
        },
        "2014-05": {
            "month": "2014-05",
            "price": "4.97",
            "revenue": 51157
        },
        "2014-06": {
            "month": "2014-06",
            "price": "7.82",
            "revenue": 40629
        },
        "2014-07": {
            "month": "2014-07",
            "price": "7.30",
            "revenue": 71178
        },
        "2014-08": {
            "month": "2014-08",
            "price": "8.80",
            "revenue": 47384
        },
        "2014-09": {
            "month": "2014-09",
            "price": "9.18",
            "revenue": 40198
        },
        "2014-10": {
            "month": "2014-10",
            "price": "9.18",
            "revenue": 47190
        },
        "2014-11": {
            "month": "2014-11",
            "price": "10.29",
            "revenue": 42530
        },
        "2014-12": {
            "month": "2014-12",
            "price": "12.35",
            "revenue": 41642
        },
        "2015-01": {
            "month": "2015-01",
            "price": "13.54",
            "revenue": 51245
        },
        "2015-02": {
            "month": "2015-02",
            "price": "14.73",
            "revenue": 21177
        },
        "2015-03": {
            "month": "2015-03",
            "price": "15.06",
            "revenue": 21649
        },
        "2015-04": {
            "month": "2015-04",
            "price": "11.06",
            "revenue": 49530
        },
        "2015-05": {
            "month": "2015-05",
            "price": "9.79",
            "revenue": 37830
        },
        "2015-06": {
            "month": "2015-06",
            "price": "9.03",
            "revenue": 22475
        },
        "2015-07": {
            "month": "2015-07",
            "price": "10.28",
            "revenue": 41956
        },
        "2015-08": {
            "month": "2015-08",
            "price": "9.60",
            "revenue": 37010
        },
        "2015-09": {
            "month": "2015-09",
            "price": "9.03",
            "revenue": 21575
        },
        "2015-10": {
            "month": "2015-10",
            "price": "8.48",
            "revenue": 42042
        },
        "2015-11": {
            "month": "2015-11",
            "price": "7.33",
            "revenue": 24797
        },
        "2015-12": {
            "month": "2015-12",
            "price": "7.16",
            "revenue": 18556
        },
        "2016-01": {
            "month": "2016-01",
            "price": "6.77",
            "revenue": 40407
        },
        "2016-02": {
            "month": "2016-02",
            "price": "6.95",
            "revenue": 14759
        },
        "2016-03": {
            "month": "2016-03",
            "price": "6.95",
            "revenue": 25408
        },
        "2016-04": {
            "month": "2016-04",
            "price": "7.18",
            "revenue": 39322
        },
        "2016-05": {
            "month": "2016-05",
            "price": "7.19",
            "revenue": 31615
        },
        "2016-06": {
            "month": "2016-06",
            "price": "7.57",
            "revenue": 15407
        },
        "2016-07": {
            "month": "2016-07",
            "price": "8.34",
            "revenue": 34162
        },
        "2016-08": {
            "month": "2016-08",
            "price": "7.73",
            "revenue": 26655
        },
        "2016-09": {
            "month": "2016-09",
            "price": "7.99",
            "revenue": 19332
        },
        "2016-10": {
            "month": "2016-10",
            "price": "7.65",
            "revenue": 36237
        },
        "2016-11": {
            "month": "2016-11",
            "price": "6.56",
            "revenue": 30763
        },
        "2016-12": {
            "month": "2016-12",
            "price": "7.43",
            "revenue": 29428
        },
        "2017-01": {
            "month": "2017-01",
            "price": "7.70",
            "revenue": 40573
        },
        "2017-02": {
            "month": "2017-02",
            "price": "7.25",
            "revenue": 26530
        },
        "2017-03": {
            "month": "2017-03",
            "price": "7.22",
            "revenue": 27943
        },
        "2017-04": {
            "month": "2017-04",
            "price": "6.99",
            "revenue": 39409
        },
        "2017-05": {
            "month": "2017-05",
            "price": "6.84",
            "revenue": 33034
        },
        "2017-06": {
            "month": "2017-06",
            "price": "6.78",
            "revenue": 29554
        },
        "2017-07": {
            "month": "2017-07",
            "price": "6.68",
            "revenue": 32087
        },
        "2017-08": {
            "month": "2017-08",
            "price": "6.82",
            "revenue": 39279
        },
        "2017-09": {
            "month": "2017-09",
            "price": "7.34",
            "revenue": 23592
        },
        "2017-10": {
            "month": "2017-10",
            "price": "7.29",
            "revenue": 37891
        },
        "2017-11": {
            "month": "2017-11",
            "price": "6.84",
            "revenue": 34340
        },
        "2017-12": {
            "month": "2017-12",
            "price": "6.90",
            "revenue": 25462
        },
        "2018-01": {
            "month": "2018-01",
            "price": "6.79",
            "revenue": 38458
        },
        "2018-02": {
            "month": "2018-02",
            "price": "6.44",
            "revenue": 23301
        },
        "2018-03": {
            "month": "2018-03",
            "price": "7.04",
            "revenue": 27689
        },
        "2018-04": {
            "month": "2018-04",
            "price": "7.24",
            "revenue": 30808
        },
        "2018-05": {
            "month": "2018-05",
            "price": "6.53",
            "revenue": 28357
        },
        "2018-06": {
            "month": "2018-06",
            "price": "8.09",
            "revenue": 22944
        },
        "2018-07": {
            "month": "2018-07",
            "price": "7.46",
            "revenue": 31848
        },
        "2018-08": {
            "month": "2018-08",
            "price": "6.92",
            "revenue": 28768
        },
        "2018-09": {
            "month": "2018-09",
            "price": "6.79",
            "revenue": 18148
        },
        "2018-10": {
            "month": "2018-10",
            "price": "5.59",
            "revenue": 48031
        },
        "2018-11": {
            "month": "2018-11",
            "price": "4.94",
            "revenue": 36927
        },
        "2018-12": {
            "month": "2018-12",
            "price": "5.85",
            "revenue": 25715
        },
        "2019-01": {
            "month": "2019-01",
            "price": "5.69",
            "revenue": 39562
        },
        "2019-02": {
            "month": "2019-02",
            "price": "6.19",
            "revenue": 20817
        },
        "2019-03": {
            "month": "2019-03",
            "price": "6.50",
            "revenue": 24710
        },
        "2019-04": {
            "month": "2019-04",
            "price": "5.77",
            "revenue": 24044
        },
        "2019-05": {
            "month": "2019-05",
            "price": "5.70",
            "revenue": 25020
        },
        "2019-06": {
            "month": "2019-06",
            "price": "5.72",
            "revenue": 16980
        },
        "2019-07": {
            "month": "2019-07",
            "price": "7.73",
            "revenue": 39594
        },
        "2019-08": {
            "month": "2019-08",
            "price": "7.83",
            "revenue": 33413
        },
        "2019-09": {
            "month": "2019-09",
            "price": "9.27",
            "revenue": 15550
        },
        "2019-10": {
            "month": "2019-10",
            "price": "10.57",
            "revenue": 44829
        },
        "2019-11": {
            "month": "2019-11",
            "price": "10.49",
            "revenue": 26583
        },
        "2019-12": {
            "month": "2019-12",
            "price": "9.48",
            "revenue": 11658
        },
        "2020-01": {
            "month": "2020-01",
            "price": "9.29",
            "revenue": 27795
        },
        "2020-02": {
            "month": "2020-02",
            "price": "10.11",
            "revenue": 18003
        },
        "2020-03": {
            "month": "2020-03",
            "price": "8.36",
            "revenue": 4080
        },
        "2020-04": {
            "month": "2020-04",
            "price": "7.35",
            "revenue": 20970
        },
        "2020-05": {
            "month": "2020-05",
            "price": "7.71",
            "revenue": 19653
        },
        "2020-06": {
            "month": "2020-06",
            "price": "7.89",
            "revenue": 17411
        },
        "2020-07": {
            "month": "2020-07",
            "price": "8.26",
            "revenue": 21600
        },
        "2020-08": {
            "month": "2020-08",
            "price": "8.00",
            "revenue": 6338
        },
        "2020-09": {
            "month": "2020-09",
            "price": "8.55",
            "revenue": 18185
        },
        "2020-10": {
            "month": "2020-10",
            "price": "8.59",
            "revenue": 20892
        },
        "2020-11": {
            "month": "2020-11",
            "price": "9.07",
            "revenue": 96187
        },
        "2020-12": {
            "month": "2020-12",
            "price": "9.84",
            "revenue": 127379
        },
        "2021-01": {
            "month": "2021-01",
            "price": "11.61",
            "revenue": 43921
        },
        "2021-02": {
            "month": "2021-02",
            "price": "11.85",
            "revenue": 78792
        },
        "2021-03": {
            "month": "2021-03",
            "price": "17.32",
            "revenue": 10301
        },
        "2021-04": {
            "month": "2021-04",
            "price": "25.14",
            "revenue": 218921
        },
        "2021-05": {
            "month": "2021-05",
            "price": "24.06",
            "revenue": 38699
        },
        "2021-06": {
            "month": "2021-06",
            "price": "26.88",
            "revenue": 244569
        },
        "2021-07": {
            "month": "2021-07",
            "price": "30.45",
            "revenue": -398742
        },
        "2021-08": {
            "month": "2021-08",
            "price": "27.50",
            "revenue": 121694
        },
        "2021-09": {
            "month": "2021-09",
            "price": "23.62",
            "revenue": -113347
        },
        "2021-10": {
            "month": "2021-10",
            "price": "20.76",
            "revenue": -222091
        },
        "2021-11": {
            "month": "2021-11",
            "price": "22.68",
            "revenue": 182900
        },
        "2021-12": {
            "month": "2021-12",
            "price": "21.15",
            "revenue": 163994
        },
        "2022-01": {
            "month": "2022-01",
            "price": "19.84",
            "revenue": -251964
        },
        "2022-02": {
            "month": "2022-02",
            "price": "18.30",
            "revenue": 228890
        },
        "2022-03": {
            "month": "2022-03",
            "price": "18.83",
            "revenue": -50073
        },
        "2022-04": {
            "month": "2022-04",
            "price": "17.97",
            "revenue": -19552
        },
        "2022-05": {
            "month": "2022-05",
            "price": "15.90",
            "revenue": 40592
        },
        "2022-06": {
            "month": "2022-06",
            "price": "15.98",
            "revenue": -237810
        },
        "2022-07": {
            "month": "2022-07",
            "price": "12.89",
            "revenue": 89876
        },
        "2022-08": {
            "month": "2022-08",
            "price": "15.03",
            "revenue": -26372
        },
        "2022-09": {
            "month": "2022-09",
            "price": "13.43",
            "revenue": -134644
        },
        "2022-10": {
            "month": "2022-10",
            "price": "11.85",
            "revenue": 37520
        },
        "2022-11": {
            "month": "2022-11",
            "price": "12.50",
            "revenue": 122147
        },
        "2022-12": {
            "month": "2022-12",
            "price": "12.14",
            "revenue": -40035
        },
        "2023-01": {
            "month": "2023-01",
            "price": "11.45",
            "revenue": 12125
        },
        "2023-02": {
            "month": "2023-02",
            "price": "12.08",
            "revenue": 12473
        },
        "2023-03": {
            "month": "2023-03",
            "price": "11.98",
            "revenue": 13429
        },
        "2023-04": {
            "month": "2023-04",
            "price": "11.96",
            "revenue": 13514
        },
        "2023-05": {
            "month": "2023-05",
            "price": "14.16",
            "revenue": 15755
        },
        "2023-06": {
            "month": "2023-06",
            "price": "15.91",
            "revenue": 17560
        },
        "2023-07": {
            "month": "2023-07",
            "price": "15.23",
            "revenue": 17116
        },
        "2023-08": {
            "month": "2023-08",
            "price": "14.22",
            "revenue": 18033
        },
        "2023-09": {
            "month": "2023-09",
            "price": "14.17",
            "revenue": 17937
        },
        "2023-10": {
            "month": "2023-10",
            "price": "14.19",
            "revenue": 18544
        },
        "2023-11": {
            "month": "2023-11",
            "price": "13.66",
            "revenue": 18392
        },
        "2023-12": {
            "month": "2023-12",
            "price": "13.96",
            "revenue": 17667
        },
        "2024-01": {
            "month": "2024-01",
            "price": "13.68",
            "revenue": 20561
        },
        "2024-02": {
            "month": "2024-02",
            "price": "14.50",
            "revenue": 10548
        }
    }
}
