{
    "summary": {
        "stock_name": "華新科",
        "stock_id": "2492",
        "category": "電子零組件",
        "main_business": "電子零組件製造業<br>積層陶瓷及圓板電容、晶片電阻及保險絲、電感、射頻元件製造銷售<br>高壓、高頻與精密電容，車用與工業用特殊電阻及陶瓷粉末製造加工",
        "website_url": "http://www.passivecomponent.com",
        "ceo": "曾明燦",
        "pe_ratio": 25,
        "report_year_from": 2001,
        "report_year_to": 2023,
        "age": 23,
        "eps_negative_percentage": 26,
        "eps_growth_avg": {
            "last_all": 11.59,
            "last_2y": -13.04,
            "last_4y": -21.21,
            "last_8y": 25,
            "last_12y": 12.5,
            "last_16y": -0.09,
            "last_20y": 11.59,
            "at_2006_last_3y": 46.62,
            "at_2007_last_3y": 47.78,
            "at_2008_last_3y": -2.22,
            "at_2009_last_3y": -19.63,
            "at_2010_last_3y": -63.06,
            "at_2011_last_3y": -100,
            "at_2012_last_3y": -100,
            "at_2013_last_3y": -100,
            "at_2014_last_3y": -100,
            "at_2015_last_3y": 100,
            "at_2016_last_3y": 100,
            "at_2017_last_3y": 77.02,
            "at_2018_last_3y": 82.77,
            "at_2019_last_3y": 41.19,
            "at_2020_last_3y": 16.04,
            "at_2021_last_3y": 13.22,
            "at_2022_last_3y": -31.57,
            "at_2023_last_3y": -9.93,
            "at_2024_last_3y": -9.93,
            "at_2006_last_all": 46.62,
            "at_2007_last_all": 32.07,
            "at_2008_last_all": 10.06,
            "at_2009_last_all": 10.06,
            "at_2010_last_all": 10.06,
            "at_2011_last_all": -5.66,
            "at_2012_last_all": -5.66,
            "at_2013_last_all": -5.66,
            "at_2014_last_all": -5.66,
            "at_2015_last_all": 7.54,
            "at_2016_last_all": 17.82,
            "at_2017_last_all": 19.14,
            "at_2018_last_all": 26.49,
            "at_2019_last_all": 18.76,
            "at_2020_last_all": 17.27,
            "at_2021_last_all": 17.45,
            "at_2022_last_all": 11.01,
            "at_2023_last_all": 11.59,
            "at_2024_last_all": 11.59
        },
        "latest_eps": 4.09,
        "latest_price": 102.5,
        "latest_roe": 4.82,
        "latest_gross_margin": 20.98,
        "latest_equity": 56615776,
        "latest_revenue": 8059337,
        "latest_gross_profit": 1691205,
        "latest_net_income": -117221,
        "latest_debt_ratio": 40.05,
        "latest_current_ratio": 149.23,
        "latest_account_receivable_turnover_ratio": 0.8,
        "latest_inventory_turnover_ratio": 0.92,
        "latest_reinvestment_rate": 43.25,
        "latest_research_to_sale_ratio": 3.2
    },
    "eps_dividends": {
        "1997": {
            "cash": 0,
            "stock": 1,
            "eps": 0
        },
        "1998": {
            "cash": 0,
            "stock": 1,
            "eps": 0
        },
        "2001": {
            "cash": 0,
            "stock": 4,
            "eps": -0.73
        },
        "2002": {
            "cash": 0,
            "stock": 0,
            "eps": 0.78
        },
        "2003": {
            "cash": 0.26,
            "stock": 0.26,
            "eps": 0.54
        },
        "2004": {
            "cash": 0.2,
            "stock": 0.2,
            "eps": 1.16
        },
        "2005": {
            "cash": 0.2,
            "stock": 0.2,
            "eps": 1.74
        },
        "2006": {
            "cash": 0.53,
            "stock": 0.53,
            "eps": 2.91
        },
        "2007": {
            "cash": 1.99,
            "stock": 0,
            "eps": 2.15
        },
        "2008": {
            "cash": 0.4,
            "stock": 1.2,
            "eps": -0.92
        },
        "2009": {
            "cash": 0,
            "stock": 0,
            "eps": -0.66
        },
        "2010": {
            "cash": 0,
            "stock": 0,
            "eps": 1.47
        },
        "2011": {
            "cash": 0.13,
            "stock": 0.39,
            "eps": -1.54
        },
        "2012": {
            "cash": 0,
            "stock": 0,
            "eps": -2.04
        },
        "2013": {
            "cash": 0,
            "stock": 0,
            "eps": -0.73
        },
        "2014": {
            "cash": 0,
            "stock": 0,
            "eps": 0.8
        },
        "2015": {
            "cash": 0.3,
            "stock": 0,
            "eps": 1.88
        },
        "2016": {
            "cash": 0.75,
            "stock": 0,
            "eps": 3.96
        },
        "2017": {
            "cash": 1.2,
            "stock": 0,
            "eps": 5.19
        },
        "2018": {
            "cash": 4,
            "stock": 0,
            "eps": 40.76
        },
        "2019": {
            "cash": 16.3,
            "stock": 0,
            "eps": 13.73
        },
        "2020": {
            "cash": 5.5,
            "stock": 0,
            "eps": 13.65
        },
        "2021": {
            "cash": 6,
            "stock": 0,
            "eps": 16.35
        },
        "2022": {
            "cash": 4.5,
            "stock": 0,
            "eps": 3.41
        },
        "2023": {
            "cash": 2.4,
            "stock": 0,
            "eps": 4.1
        }
    },
    "dividends": {
        "1997-05-02": {
            "cash": 0,
            "stock": 1
        },
        "1998-06-08": {
            "cash": 0,
            "stock": 1
        },
        "2001-05-29": {
            "cash": 0,
            "stock": 4
        },
        "2003-03-31": {
            "cash": 0.26,
            "stock": 0.26
        },
        "2004-02-11": {
            "cash": 0.2,
            "stock": 0.2
        },
        "2005-04-06": {
            "cash": 0.2,
            "stock": 0.2
        },
        "2006-03-31": {
            "cash": 0.53,
            "stock": 0.53
        },
        "2007-03-14": {
            "cash": 1.99,
            "stock": 0
        },
        "2008-03-31": {
            "cash": 0.4,
            "stock": 1.2
        },
        "2011-04-27": {
            "cash": 0.13,
            "stock": 0.39
        },
        "2015-07-31": {
            "cash": 0.3,
            "stock": 0
        },
        "2016-08-19": {
            "cash": 0.75,
            "stock": 0
        },
        "2017-08-08": {
            "cash": 1.2,
            "stock": 0
        },
        "2018-08-28": {
            "cash": 4,
            "stock": 0
        },
        "2019-08-30": {
            "cash": 16.3,
            "stock": 0
        },
        "2020-08-26": {
            "cash": 5.5,
            "stock": 0
        },
        "2021-09-15": {
            "cash": 6,
            "stock": 0
        },
        "2022-09-02": {
            "cash": 4.5,
            "stock": 0
        },
        "2023-08-16": {
            "cash": 2.4,
            "stock": 0
        }
    },
    "prices": {
        "200101": "無",
        "200102": "無",
        "200103": "無",
        "200104": "無",
        "200105": "無",
        "200106": "無",
        "200107": "無",
        "200108": "無",
        "200109": "22.54",
        "200110": "21.58",
        "200111": "30.34",
        "200112": "41.28",
        "200201": "41.45",
        "200202": "35.43",
        "200203": "36.75",
        "200204": "43.30",
        "200205": "37.14",
        "200206": "30.82",
        "200207": "24.15",
        "200208": "23.69",
        "200209": "20.05",
        "200210": "18.45",
        "200211": "20.44",
        "200212": "19.80",
        "200301": "20.08",
        "200302": "19.02",
        "200303": "20.19",
        "200304": "21.03",
        "200305": "19.62",
        "200306": "25.12",
        "200307": "27.13",
        "200308": "24.51",
        "200309": "26.91",
        "200310": "27.52",
        "200311": "27.68",
        "200312": "26.01",
        "200401": "26.85",
        "200402": "28.16",
        "200403": "27.81",
        "200404": "30.74",
        "200405": "28.86",
        "200406": "23.55",
        "200407": "21.14",
        "200408": "20.30",
        "200409": "21.60",
        "200410": "19.80",
        "200411": "18.18",
        "200412": "17.96",
        "200501": "16.61",
        "200502": "16.29",
        "200503": "17.06",
        "200504": "16.27",
        "200505": "15.97",
        "200506": "18.28",
        "200507": "18.36",
        "200508": "15.95",
        "200509": "15.66",
        "200510": "15.69",
        "200511": "17.27",
        "200512": "23.32",
        "200601": "33.95",
        "200602": "31.72",
        "200603": "31.79",
        "200604": "34.44",
        "200605": "31.41",
        "200606": "23.66",
        "200607": "23.77",
        "200608": "25.02",
        "200609": "24.76",
        "200610": "27.18",
        "200611": "29.35",
        "200612": "29.88",
        "200701": "29.48",
        "200702": "29.76",
        "200703": "31.50",
        "200704": "31.74",
        "200705": "29.66",
        "200706": "34.40",
        "200707": "36.46",
        "200708": "36.70",
        "200709": "34.28",
        "200710": "34.03",
        "200711": "28.05",
        "200712": "24.03",
        "200801": "21.22",
        "200802": "20.69",
        "200803": "22.14",
        "200804": "23.30",
        "200805": "20.54",
        "200806": "17.60",
        "200807": "15.69",
        "200808": "15.74",
        "200809": "11.80",
        "200810": "9.88",
        "200811": "7.24",
        "200812": "6.47",
        "200901": "6.42",
        "200902": "7.09",
        "200903": "9.00",
        "200904": "10.61",
        "200905": "11.88",
        "200906": "11.26",
        "200907": "11.86",
        "200908": "13.06",
        "200909": "13.71",
        "200910": "13.93",
        "200911": "13.30",
        "200912": "15.27",
        "201001": "17.89",
        "201002": "17.57",
        "201003": "18.78",
        "201004": "21.99",
        "201005": "19.59",
        "201006": "18.01",
        "201007": "18.07",
        "201008": "18.41",
        "201009": "17.48",
        "201010": "17.47",
        "201011": "17.86",
        "201012": "20.38",
        "201101": "19.97",
        "201102": "19.10",
        "201103": "18.39",
        "201104": "18.13",
        "201105": "16.70",
        "201106": "14.70",
        "201107": "13.56",
        "201108": "11.17",
        "201109": "10.01",
        "201110": "9.54",
        "201111": "8.95",
        "201112": "7.87",
        "201201": "7.99",
        "201202": "10.00",
        "201203": "10.00",
        "201204": "8.18",
        "201205": "7.68",
        "201206": "7.22",
        "201207": "7.01",
        "201208": "6.94",
        "201209": "7.49",
        "201210": "7.02",
        "201211": "6.40",
        "201212": "7.10",
        "201301": "7.12",
        "201302": "7.02",
        "201303": "7.05",
        "201304": "7.08",
        "201305": "7.90",
        "201306": "7.79",
        "201307": "7.61",
        "201308": "7.56",
        "201309": "7.79",
        "201310": "7.96",
        "201311": "7.48",
        "201312": "7.76",
        "201401": "8.40",
        "201402": "8.99",
        "201403": "8.91",
        "201404": "9.05",
        "201405": "9.42",
        "201406": "12.12",
        "201407": "11.66",
        "201408": "11.45",
        "201409": "11.59",
        "201410": "10.60",
        "201411": "10.93",
        "201412": "12.11",
        "201501": "12.09",
        "201502": "13.90",
        "201503": "14.54",
        "201504": "14.28",
        "201505": "13.74",
        "201506": "13.81",
        "201507": "11.00",
        "201508": "11.43",
        "201509": "12.42",
        "201510": "16.03",
        "201511": "17.90",
        "201512": "19.26",
        "201601": "17.87",
        "201602": "19.22",
        "201603": "25.41",
        "201604": "25.96",
        "201605": "28.29",
        "201606": "30.12",
        "201607": "29.42",
        "201608": "32.34",
        "201609": "36.33",
        "201610": "38.12",
        "201611": "35.66",
        "201612": "35.00",
        "201701": "35.66",
        "201702": "39.48",
        "201703": "47.08",
        "201704": "52.10",
        "201705": "52.90",
        "201706": "53.46",
        "201707": "53.36",
        "201708": "60.20",
        "201709": "73.64",
        "201710": "79.88",
        "201711": "85.92",
        "201712": "104.09",
        "201801": "102.59",
        "201802": "88.58",
        "201803": "105.13",
        "201804": "153.67",
        "201805": "295.45",
        "201806": "382.08",
        "201807": "407.02",
        "201808": "287.98",
        "201809": "242.18",
        "201810": "164.41",
        "201811": "162.98",
        "201812": "169.57",
        "201901": "160.19",
        "201902": "189.96",
        "201903": "187.32",
        "201904": "206.00",
        "201905": "167.59",
        "201906": "156.87",
        "201907": "172.57",
        "201908": "154.48",
        "201909": "161.29",
        "201910": "182.69",
        "201911": "170.71",
        "201912": "192.43",
        "202001": "233.00",
        "202002": "235.05",
        "202003": "175.41",
        "202004": "192.82",
        "202005": "194.62",
        "202006": "190.82",
        "202007": "179.20",
        "202008": "173.62",
        "202009": "158.41",
        "202010": "161.45",
        "202011": "185.45",
        "202012": "221.20",
        "202101": "232.28",
        "202102": "254.58",
        "202103": "250.93",
        "202104": "248.76",
        "202105": "204.69",
        "202106": "209.95",
        "202107": "210.41",
        "202108": "191.75",
        "202109": "170.45",
        "202110": "147.32",
        "202111": "165.09",
        "202112": "167.02",
        "202201": "160.72",
        "202202": "155.00",
        "202203": "143.20",
        "202204": "129.32",
        "202205": "112.00",
        "202206": "104.49",
        "202207": "95.43",
        "202208": "93.83",
        "202209": "85.07",
        "202210": "76.38",
        "202211": "84.56",
        "202212": "81.89",
        "202301": "84.36",
        "202302": "98.33",
        "202303": "96.24",
        "202304": "100.56",
        "202305": "98.75",
        "202306": "97.02",
        "202307": "96.40",
        "202308": "93.69",
        "202309": "105.36",
        "202310": "104.64",
        "202311": "121.89",
        "202312": "129.43"
    },
    "quarters": {
        "20011": {
            "year_quarter": 20011,
            "year": 2001,
            "quarter": 1,
            "eps": -0.37,
            "eps_growth_year": -115.04,
            "eps_4q": 3.89,
            "eps_4q_growth_year": -10.07,
            "roe": -0.95,
            "roe_4q": -0.95,
            "gross_profit": -26242,
            "gross_margin": -2.77,
            "gross_margin_4q_avg": -2.77,
            "net_income": -68549,
            "net_income_4q": null,
            "revenue": 948108,
            "revenue_4q": null,
            "common_shares": 1850000,
            "book_valuer_per_share": 38.69,
            "book_valuer_per_share_4q_avg": 38.69,
            "equity": 7157354,
            "current_ratio": 234.67,
            "debt_ratio": 24.93,
            "inventory_turnover_ratio": 0.7,
            "account_receivable_turnover_ratio": null,
            "reinvestment_rate": null,
            "research_to_sale_ratio": null,
            "price_fair": 0,
            "eps_avg_yearly": 0,
            "eps_latest_yearly": 0,
            "eps_growth_yearly": 0
        },
        "20012": {
            "year_quarter": 20012,
            "year": 2001,
            "quarter": 2,
            "eps": -0.46,
            "eps_growth_year": -115.28,
            "eps_4q": 1.11,
            "eps_4q_growth_year": -84.1,
            "roe": -1.72,
            "roe_4q": -2.67,
            "gross_profit": 36051,
            "gross_margin": 4.13,
            "gross_margin_4q_avg": 0.68,
            "net_income": -122097,
            "net_income_4q": null,
            "revenue": 873467,
            "revenue_4q": null,
            "common_shares": 1850000,
            "book_valuer_per_share": 37.99,
            "book_valuer_per_share_4q_avg": 38.34,
            "equity": 7028621,
            "current_ratio": 201.48,
            "debt_ratio": 27.85,
            "inventory_turnover_ratio": 0.62,
            "account_receivable_turnover_ratio": null,
            "reinvestment_rate": null,
            "research_to_sale_ratio": null,
            "price_fair": 0,
            "eps_avg_yearly": 0,
            "eps_latest_yearly": 0,
            "eps_growth_yearly": 0
        },
        "20013": {
            "year_quarter": 20013,
            "year": 2001,
            "quarter": 3,
            "eps": 0.08,
            "eps_growth_year": -96.89,
            "eps_4q": -0.49,
            "eps_4q_growth_year": -105.46,
            "roe": 0.28,
            "roe_4q": -2.3899999999999997,
            "gross_profit": 161440,
            "gross_margin": 14.81,
            "gross_margin_4q_avg": 5.39,
            "net_income": 19746,
            "net_income_4q": null,
            "revenue": 1090153,
            "revenue_4q": null,
            "common_shares": 2629785,
            "book_valuer_per_share": 26.84,
            "book_valuer_per_share_4q_avg": 34.51,
            "equity": 7058196,
            "current_ratio": 190.71,
            "debt_ratio": 28.93,
            "inventory_turnover_ratio": 0.67,
            "account_receivable_turnover_ratio": null,
            "reinvestment_rate": null,
            "research_to_sale_ratio": null,
            "price_fair": 0,
            "eps_avg_yearly": 0,
            "eps_latest_yearly": 0,
            "eps_growth_yearly": 0
        },
        "20014": {
            "year_quarter": 20014,
            "year": 2001,
            "quarter": 4,
            "eps": 0.02,
            "eps_growth_year": -94.29,
            "eps_4q": -0.63,
            "eps_4q_growth_year": -108.21,
            "roe": 0.07,
            "roe_4q": -2.32,
            "gross_profit": 161200,
            "gross_margin": 13.82,
            "gross_margin_4q_avg": 7.5,
            "net_income": 5230,
            "net_income_4q": null,
            "revenue": 1166472,
            "revenue_4q": null,
            "common_shares": 2629785,
            "book_valuer_per_share": 26.78,
            "book_valuer_per_share_4q_avg": 32.58,
            "equity": 7227367,
            "current_ratio": 161.44,
            "debt_ratio": 35.43,
            "inventory_turnover_ratio": 0.65,
            "account_receivable_turnover_ratio": null,
            "reinvestment_rate": null,
            "research_to_sale_ratio": null,
            "price_fair": 0,
            "eps_avg_yearly": 0,
            "eps_latest_yearly": 0,
            "eps_growth_yearly": 0
        },
        "20021": {
            "year_quarter": 20021,
            "year": 2002,
            "quarter": 1,
            "eps": 0.4,
            "eps_growth_year": null,
            "eps_4q": 0.03,
            "eps_4q_growth_year": -99.28,
            "roe": 1.45,
            "roe_4q": 0.08000000000000007,
            "gross_profit": 179459,
            "gross_margin": 17.06,
            "gross_margin_4q_avg": 12.46,
            "net_income": 104404,
            "net_income_4q": null,
            "revenue": 1051870,
            "revenue_4q": null,
            "common_shares": 2629785,
            "book_valuer_per_share": 27.16,
            "book_valuer_per_share_4q_avg": 29.69,
            "equity": 7141672,
            "current_ratio": 77.48,
            "debt_ratio": 39.22,
            "inventory_turnover_ratio": 0.58,
            "account_receivable_turnover_ratio": null,
            "reinvestment_rate": null,
            "research_to_sale_ratio": null,
            "price_fair": 56,
            "eps_avg_yearly": 1.6,
            "eps_latest_yearly": 1.6,
            "eps_growth_yearly": 7600
        },
        "20022": {
            "year_quarter": 20022,
            "year": 2002,
            "quarter": 2,
            "eps": 0.01,
            "eps_growth_year": null,
            "eps_4q": 0.5,
            "eps_4q_growth_year": -54.4,
            "roe": 0.05,
            "roe_4q": 1.85,
            "gross_profit": 219413,
            "gross_margin": 19.15,
            "gross_margin_4q_avg": 16.21,
            "net_income": 3296,
            "net_income_4q": null,
            "revenue": 1145912,
            "revenue_4q": null,
            "common_shares": 2629785,
            "book_valuer_per_share": 27.21,
            "book_valuer_per_share_4q_avg": 27,
            "equity": 7155146,
            "current_ratio": 77.37,
            "debt_ratio": 38.84,
            "inventory_turnover_ratio": 0.74,
            "account_receivable_turnover_ratio": null,
            "reinvestment_rate": null,
            "research_to_sale_ratio": null,
            "price_fair": 28.7,
            "eps_avg_yearly": 0.82,
            "eps_latest_yearly": 0.04,
            "eps_growth_yearly": 3605
        },
        "20023": {
            "year_quarter": 20023,
            "year": 2002,
            "quarter": 3,
            "eps": 0.19,
            "eps_growth_year": 137.5,
            "eps_4q": 0.61,
            "eps_4q_growth_year": null,
            "roe": 0.71,
            "roe_4q": 2.28,
            "gross_profit": 182004,
            "gross_margin": 14.3,
            "gross_margin_4q_avg": 16.08,
            "net_income": 50708,
            "net_income_4q": null,
            "revenue": 1272337,
            "revenue_4q": null,
            "common_shares": 2629785,
            "book_valuer_per_share": 27.47,
            "book_valuer_per_share_4q_avg": 27.16,
            "equity": 7224471,
            "current_ratio": 220.69,
            "debt_ratio": 40.15,
            "inventory_turnover_ratio": 0.84,
            "account_receivable_turnover_ratio": null,
            "reinvestment_rate": null,
            "research_to_sale_ratio": null,
            "price_fair": 28,
            "eps_avg_yearly": 0.8,
            "eps_latest_yearly": 0.76,
            "eps_growth_yearly": 4803.33
        },
        "20024": {
            "year_quarter": 20024,
            "year": 2002,
            "quarter": 4,
            "eps": 0.18,
            "eps_growth_year": 800,
            "eps_4q": 0.79,
            "eps_4q_growth_year": null,
            "roe": 0.62,
            "roe_4q": 2.83,
            "gross_profit": 292984,
            "gross_margin": 20.73,
            "gross_margin_4q_avg": 17.81,
            "net_income": 46893,
            "net_income_4q": null,
            "revenue": 1413603,
            "revenue_4q": null,
            "common_shares": 2818445,
            "book_valuer_per_share": 27.11,
            "book_valuer_per_share_4q_avg": 27.24,
            "equity": 7833466,
            "current_ratio": 260.5,
            "debt_ratio": 39.53,
            "inventory_turnover_ratio": 0.7,
            "account_receivable_turnover_ratio": null,
            "reinvestment_rate": 263.2,
            "research_to_sale_ratio": null,
            "price_fair": 27.3,
            "eps_avg_yearly": 0.78,
            "eps_latest_yearly": 0.72,
            "eps_growth_yearly": 3597.24
        },
        "20031": {
            "year_quarter": 20031,
            "year": 2003,
            "quarter": 1,
            "eps": 0.06,
            "eps_growth_year": -85,
            "eps_4q": 0.39,
            "eps_4q_growth_year": 1294.29,
            "roe": 0.24,
            "roe_4q": 1.6199999999999999,
            "gross_profit": 247742,
            "gross_margin": 17.43,
            "gross_margin_4q_avg": 17.9,
            "net_income": 18398,
            "net_income_4q": null,
            "revenue": 1421076,
            "revenue_4q": null,
            "common_shares": 2852576,
            "book_valuer_per_share": 27.07,
            "book_valuer_per_share_4q_avg": 27.22,
            "equity": 7721969,
            "current_ratio": 349.32,
            "debt_ratio": 31.89,
            "inventory_turnover_ratio": 0.79,
            "account_receivable_turnover_ratio": null,
            "reinvestment_rate": 167.32,
            "research_to_sale_ratio": null,
            "price_fair": 23.52,
            "eps_avg_yearly": 0.67,
            "eps_latest_yearly": 0.24,
            "eps_growth_yearly": 2824.46
        },
        "20032": {
            "year_quarter": 20032,
            "year": 2003,
            "quarter": 2,
            "eps": 0.07,
            "eps_growth_year": 600,
            "eps_4q": 0.44,
            "eps_4q_growth_year": -11.87,
            "roe": 0.28,
            "roe_4q": 1.85,
            "gross_profit": 211343,
            "gross_margin": 16.39,
            "gross_margin_4q_avg": 17.21,
            "net_income": 21674,
            "net_income_4q": null,
            "revenue": 1289797,
            "revenue_4q": null,
            "common_shares": 3059426,
            "book_valuer_per_share": 26.28,
            "book_valuer_per_share_4q_avg": 26.98,
            "equity": 8038795,
            "current_ratio": 212.74,
            "debt_ratio": 32.85,
            "inventory_turnover_ratio": 0.99,
            "account_receivable_turnover_ratio": null,
            "reinvestment_rate": 158.6,
            "research_to_sale_ratio": null,
            "price_fair": 21.23,
            "eps_avg_yearly": 0.61,
            "eps_latest_yearly": 0.28,
            "eps_growth_yearly": 2364.82
        },
        "20033": {
            "year_quarter": 20033,
            "year": 2003,
            "quarter": 3,
            "eps": 0.13,
            "eps_growth_year": -31.58,
            "eps_4q": 0.4,
            "eps_4q_growth_year": -34.16,
            "roe": 0.49,
            "roe_4q": 1.63,
            "gross_profit": 224191,
            "gross_margin": 16.05,
            "gross_margin_4q_avg": 17.65,
            "net_income": 41310,
            "net_income_4q": null,
            "revenue": 1396971,
            "revenue_4q": null,
            "common_shares": 3483902,
            "book_valuer_per_share": 24.87,
            "book_valuer_per_share_4q_avg": 26.33,
            "equity": 8665956,
            "current_ratio": 139.08,
            "debt_ratio": 30.9,
            "inventory_turnover_ratio": 1.11,
            "account_receivable_turnover_ratio": null,
            "reinvestment_rate": 155.04,
            "research_to_sale_ratio": null,
            "price_fair": 20.8,
            "eps_avg_yearly": 0.59,
            "eps_latest_yearly": 0.52,
            "eps_growth_yearly": 2075.97
        },
        "20034": {
            "year_quarter": 20034,
            "year": 2003,
            "quarter": 4,
            "eps": 0.28,
            "eps_growth_year": 55.56,
            "eps_4q": 0.53,
            "eps_4q_growth_year": -32.25,
            "roe": 1.01,
            "roe_4q": 2.02,
            "gross_profit": 245011,
            "gross_margin": 17.09,
            "gross_margin_4q_avg": 16.74,
            "net_income": 89736,
            "net_income_4q": null,
            "revenue": 1433775,
            "revenue_4q": null,
            "common_shares": 3535589,
            "book_valuer_per_share": 25.14,
            "book_valuer_per_share_4q_avg": 25.84,
            "equity": 9082715,
            "current_ratio": 167.56,
            "debt_ratio": 42.51,
            "inventory_turnover_ratio": 0.88,
            "account_receivable_turnover_ratio": null,
            "reinvestment_rate": 285.74,
            "research_to_sale_ratio": null,
            "price_fair": 23.1,
            "eps_avg_yearly": 0.66,
            "eps_latest_yearly": 1.12,
            "eps_growth_yearly": 1874.17
        },
        "20041": {
            "year_quarter": 20041,
            "year": 2004,
            "quarter": 1,
            "eps": 0.36,
            "eps_growth_year": 500,
            "eps_4q": 0.79,
            "eps_4q_growth_year": 103.72,
            "roe": 1.41,
            "roe_4q": 3.1900000000000004,
            "gross_profit": 271694,
            "gross_margin": 18.35,
            "gross_margin_4q_avg": 16.97,
            "net_income": 127095,
            "net_income_4q": null,
            "revenue": 1480937,
            "revenue_4q": null,
            "common_shares": 3535589,
            "book_valuer_per_share": 25.25,
            "book_valuer_per_share_4q_avg": 25.39,
            "equity": 8927926,
            "current_ratio": 144.39,
            "debt_ratio": 35.71,
            "inventory_turnover_ratio": 0.87,
            "account_receivable_turnover_ratio": null,
            "reinvestment_rate": 153.22,
            "research_to_sale_ratio": null,
            "price_fair": 26.13,
            "eps_avg_yearly": 0.75,
            "eps_latest_yearly": 1.44,
            "eps_growth_yearly": 1678.63
        },
        "20042": {
            "year_quarter": 20042,
            "year": 2004,
            "quarter": 2,
            "eps": 0.39,
            "eps_growth_year": 457.14,
            "eps_4q": 1.11,
            "eps_4q_growth_year": 149.35,
            "roe": 1.55,
            "roe_4q": 4.46,
            "gross_profit": 254612,
            "gross_margin": 16.22,
            "gross_margin_4q_avg": 16.93,
            "net_income": 140080,
            "net_income_4q": null,
            "revenue": 1569808,
            "revenue_4q": null,
            "common_shares": 3664820,
            "book_valuer_per_share": 24.95,
            "book_valuer_per_share_4q_avg": 25.05,
            "equity": 9144824,
            "current_ratio": 146.26,
            "debt_ratio": 33.59,
            "inventory_turnover_ratio": 1.17,
            "account_receivable_turnover_ratio": null,
            "reinvestment_rate": 158.7,
            "research_to_sale_ratio": null,
            "price_fair": 28.98,
            "eps_avg_yearly": 0.83,
            "eps_latest_yearly": 1.56,
            "eps_growth_yearly": 1514.1
        },
        "20043": {
            "year_quarter": 20043,
            "year": 2004,
            "quarter": 3,
            "eps": 0.43,
            "eps_growth_year": 230.77,
            "eps_4q": 1.41,
            "eps_4q_growth_year": 248.11,
            "roe": 1.66,
            "roe_4q": 5.63,
            "gross_profit": 264737,
            "gross_margin": 18.1,
            "gross_margin_4q_avg": 17.44,
            "net_income": 157372,
            "net_income_4q": null,
            "revenue": 1462717,
            "revenue_4q": null,
            "common_shares": 3907405,
            "book_valuer_per_share": 25.14,
            "book_valuer_per_share_4q_avg": 25.12,
            "equity": 9822418,
            "current_ratio": 156.18,
            "debt_ratio": 31.99,
            "inventory_turnover_ratio": 0.89,
            "account_receivable_turnover_ratio": null,
            "reinvestment_rate": 203.06,
            "research_to_sale_ratio": null,
            "price_fair": 31.82,
            "eps_avg_yearly": 0.91,
            "eps_latest_yearly": 1.72,
            "eps_growth_yearly": 1380.18
        },
        "20044": {
            "year_quarter": 20044,
            "year": 2004,
            "quarter": 4,
            "eps": -0.02,
            "eps_growth_year": -107.14,
            "eps_4q": 1.14,
            "eps_4q_growth_year": 112.69,
            "roe": -0.08,
            "roe_4q": 4.54,
            "gross_profit": 222997,
            "gross_margin": 14.69,
            "gross_margin_4q_avg": 16.84,
            "net_income": -7528,
            "net_income_4q": null,
            "revenue": 1518090,
            "revenue_4q": null,
            "common_shares": 3921034,
            "book_valuer_per_share": 24.62,
            "book_valuer_per_share_4q_avg": 24.99,
            "equity": 9837213,
            "current_ratio": 145.81,
            "debt_ratio": 44.44,
            "inventory_turnover_ratio": 0.63,
            "account_receivable_turnover_ratio": null,
            "reinvestment_rate": 601.11,
            "research_to_sale_ratio": null,
            "price_fair": 31.82,
            "eps_avg_yearly": 0.91,
            "eps_latest_yearly": 1.72,
            "eps_growth_yearly": 1380.18
        },
        "20051": {
            "year_quarter": 20051,
            "year": 2005,
            "quarter": 1,
            "eps": 0.08,
            "eps_growth_year": -77.78,
            "eps_4q": 0.85,
            "eps_4q_growth_year": 7.4,
            "roe": 0.31,
            "roe_4q": 3.44,
            "gross_profit": 181206,
            "gross_margin": 13.74,
            "gross_margin_4q_avg": 15.69,
            "net_income": 30075,
            "net_income_4q": null,
            "revenue": 1318427,
            "revenue_4q": null,
            "common_shares": 3948291,
            "book_valuer_per_share": 24.62,
            "book_valuer_per_share_4q_avg": 24.83,
            "equity": 9719578,
            "current_ratio": 142.24,
            "debt_ratio": 30.66,
            "inventory_turnover_ratio": 0.57,
            "account_receivable_turnover_ratio": null,
            "reinvestment_rate": 54.92,
            "research_to_sale_ratio": null,
            "price_fair": 31.82,
            "eps_avg_yearly": 0.91,
            "eps_latest_yearly": 1.72,
            "eps_growth_yearly": 1380.18
        },
        "20052": {
            "year_quarter": 20052,
            "year": 2005,
            "quarter": 2,
            "eps": 0.24,
            "eps_growth_year": -38.46,
            "eps_4q": 0.69,
            "eps_4q_growth_year": -37.34,
            "roe": 0.98,
            "roe_4q": 2.87,
            "gross_profit": 256314,
            "gross_margin": 16.69,
            "gross_margin_4q_avg": 15.81,
            "net_income": 94973,
            "net_income_4q": null,
            "revenue": 1535530,
            "revenue_4q": null,
            "common_shares": 3948291,
            "book_valuer_per_share": 24.6,
            "book_valuer_per_share_4q_avg": 24.75,
            "equity": 9713125,
            "current_ratio": 147.76,
            "debt_ratio": 30.94,
            "inventory_turnover_ratio": 0.92,
            "account_receivable_turnover_ratio": null,
            "reinvestment_rate": 11.85,
            "research_to_sale_ratio": null,
            "price_fair": 31.97,
            "eps_avg_yearly": 0.91,
            "eps_latest_yearly": 0.96,
            "eps_growth_yearly": 1331.83
        },
        "20053": {
            "year_quarter": 20053,
            "year": 2005,
            "quarter": 3,
            "eps": 0.57,
            "eps_growth_year": 32.56,
            "eps_4q": 0.86,
            "eps_4q_growth_year": -39.15,
            "roe": 2.12,
            "roe_4q": 3.33,
            "gross_profit": 321343,
            "gross_margin": 18.11,
            "gross_margin_4q_avg": 15.81,
            "net_income": 234961,
            "net_income_4q": null,
            "revenue": 1774479,
            "revenue_4q": null,
            "common_shares": 5071568,
            "book_valuer_per_share": 24.64,
            "book_valuer_per_share_4q_avg": 24.62,
            "equity": 12496616,
            "current_ratio": 214.47,
            "debt_ratio": 24.27,
            "inventory_turnover_ratio": 1.13,
            "account_receivable_turnover_ratio": null,
            "reinvestment_rate": 4.43,
            "research_to_sale_ratio": null,
            "price_fair": 35.65,
            "eps_avg_yearly": 1.02,
            "eps_latest_yearly": 2.28,
            "eps_growth_yearly": 1271.69
        },
        "20054": {
            "year_quarter": 20054,
            "year": 2005,
            "quarter": 4,
            "eps": 0.85,
            "eps_growth_year": null,
            "eps_4q": 1.67,
            "eps_4q_growth_year": 46.8,
            "roe": 2.86,
            "roe_4q": 6.2700000000000005,
            "gross_profit": 427897,
            "gross_margin": 21.11,
            "gross_margin_4q_avg": 17.41,
            "net_income": 374516,
            "net_income_4q": null,
            "revenue": 2026898,
            "revenue_4q": null,
            "common_shares": 5152988,
            "book_valuer_per_share": 25.04,
            "book_valuer_per_share_4q_avg": 24.73,
            "equity": 13666614,
            "current_ratio": 168.16,
            "debt_ratio": 34.36,
            "inventory_turnover_ratio": 0.76,
            "account_receivable_turnover_ratio": null,
            "reinvestment_rate": 253.32,
            "research_to_sale_ratio": null,
            "price_fair": 41.6,
            "eps_avg_yearly": 1.19,
            "eps_latest_yearly": 3.4,
            "eps_growth_yearly": 1194.89
        },
        "20061": {
            "year_quarter": 20061,
            "year": 2006,
            "quarter": 1,
            "eps": 0.56,
            "eps_growth_year": 600,
            "eps_4q": 1.84,
            "eps_4q_growth_year": 116.11,
            "roe": 2.2,
            "roe_4q": 8.16,
            "gross_profit": 316970,
            "gross_margin": 16.7,
            "gross_margin_4q_avg": 18.15,
            "net_income": 308306,
            "net_income_4q": null,
            "revenue": 1897675,
            "revenue_4q": null,
            "common_shares": 5579093,
            "book_valuer_per_share": 25.79,
            "book_valuer_per_share_4q_avg": 25.02,
            "equity": 14386857,
            "current_ratio": 222.27,
            "debt_ratio": 14.66,
            "inventory_turnover_ratio": 0.8,
            "account_receivable_turnover_ratio": null,
            "reinvestment_rate": -4.27,
            "research_to_sale_ratio": null,
            "price_fair": 43.2,
            "eps_avg_yearly": 1.23,
            "eps_latest_yearly": 2.24,
            "eps_growth_yearly": 642.29
        },
        "20062": {
            "year_quarter": 20062,
            "year": 2006,
            "quarter": 2,
            "eps": 0.62,
            "eps_growth_year": 158.33,
            "eps_4q": 2.27,
            "eps_4q_growth_year": 226.22,
            "roe": 2.41,
            "roe_4q": 9.59,
            "gross_profit": 341841,
            "gross_margin": 17.28,
            "gross_margin_4q_avg": 18.3,
            "net_income": 345670,
            "net_income_4q": null,
            "revenue": 1978303,
            "revenue_4q": null,
            "common_shares": 5582627,
            "book_valuer_per_share": 25.56,
            "book_valuer_per_share_4q_avg": 25.26,
            "equity": 14267981,
            "current_ratio": 183.51,
            "debt_ratio": 17.33,
            "inventory_turnover_ratio": 1.59,
            "account_receivable_turnover_ratio": null,
            "reinvestment_rate": 4.62,
            "research_to_sale_ratio": null,
            "price_fair": 49.3,
            "eps_avg_yearly": 1.41,
            "eps_latest_yearly": 2.48,
            "eps_growth_yearly": 673.2
        },
        "20063": {
            "year_quarter": 20063,
            "year": 2006,
            "quarter": 3,
            "eps": 0.95,
            "eps_growth_year": 66.67,
            "eps_4q": 2.71,
            "eps_4q_growth_year": 217.19,
            "roe": 3.81,
            "roe_4q": 11.280000000000001,
            "gross_profit": 340536,
            "gross_margin": 14.96,
            "gross_margin_4q_avg": 17.51,
            "net_income": 554427,
            "net_income_4q": null,
            "revenue": 2275781,
            "revenue_4q": null,
            "common_shares": 5887159,
            "book_valuer_per_share": 25.19,
            "book_valuer_per_share_4q_avg": 25.4,
            "equity": 14829274,
            "current_ratio": 142.94,
            "debt_ratio": 20.49,
            "inventory_turnover_ratio": 1.76,
            "account_receivable_turnover_ratio": null,
            "reinvestment_rate": 1.9,
            "research_to_sale_ratio": null,
            "price_fair": 56.9,
            "eps_avg_yearly": 1.63,
            "eps_latest_yearly": 3.8,
            "eps_growth_yearly": 174.13
        },
        "20064": {
            "year_quarter": 20064,
            "year": 2006,
            "quarter": 4,
            "eps": 0.78,
            "eps_growth_year": -8.24,
            "eps_4q": 2.85,
            "eps_4q_growth_year": 70.75,
            "roe": 2.91,
            "roe_4q": 11.330000000000002,
            "gross_profit": 344453,
            "gross_margin": 15.34,
            "gross_margin_4q_avg": 16.07,
            "net_income": 456120,
            "net_income_4q": null,
            "revenue": 2245183,
            "revenue_4q": null,
            "common_shares": 5921774,
            "book_valuer_per_share": 26.46,
            "book_valuer_per_share_4q_avg": 25.75,
            "equity": 16522872,
            "current_ratio": 149.39,
            "debt_ratio": 34.89,
            "inventory_turnover_ratio": 0.81,
            "account_receivable_turnover_ratio": null,
            "reinvestment_rate": 195.63,
            "research_to_sale_ratio": null,
            "price_fair": 62.9,
            "eps_avg_yearly": 1.8,
            "eps_latest_yearly": 3.12,
            "eps_growth_yearly": 170.52
        },
        "20071": {
            "year_quarter": 20071,
            "year": 2007,
            "quarter": 1,
            "eps": 0.54,
            "eps_growth_year": -3.57,
            "eps_4q": 2.87,
            "eps_4q_growth_year": 56.04,
            "roe": 1.92,
            "roe_4q": 11.05,
            "gross_profit": 365573,
            "gross_margin": 16.85,
            "gross_margin_4q_avg": 16.11,
            "net_income": 314251,
            "net_income_4q": null,
            "revenue": 2169615,
            "revenue_4q": null,
            "common_shares": 5933229,
            "book_valuer_per_share": 27.36,
            "book_valuer_per_share_4q_avg": 26.14,
            "equity": 16235617,
            "current_ratio": 114.97,
            "debt_ratio": 21.94,
            "inventory_turnover_ratio": 0.74,
            "account_receivable_turnover_ratio": null,
            "reinvestment_rate": 39.31,
            "research_to_sale_ratio": null,
            "price_fair": 67.7,
            "eps_avg_yearly": 1.93,
            "eps_latest_yearly": 2.16,
            "eps_growth_yearly": 180.77
        },
        "20072": {
            "year_quarter": 20072,
            "year": 2007,
            "quarter": 2,
            "eps": 0.79,
            "eps_growth_year": 27.42,
            "eps_4q": 3.04,
            "eps_4q_growth_year": 33.97,
            "roe": 2.94,
            "roe_4q": 11.58,
            "gross_profit": 483436,
            "gross_margin": 19.46,
            "gross_margin_4q_avg": 16.65,
            "net_income": 466005,
            "net_income_4q": null,
            "revenue": 2484809,
            "revenue_4q": null,
            "common_shares": 5948162,
            "book_valuer_per_share": 26.02,
            "book_valuer_per_share_4q_avg": 26.26,
            "equity": 15474692,
            "current_ratio": 74.81,
            "debt_ratio": 30.35,
            "inventory_turnover_ratio": 1.53,
            "account_receivable_turnover_ratio": null,
            "reinvestment_rate": 41.82,
            "research_to_sale_ratio": null,
            "price_fair": 74.9,
            "eps_avg_yearly": 2.14,
            "eps_latest_yearly": 3.16,
            "eps_growth_yearly": 189.24
        },
        "20073": {
            "year_quarter": 20073,
            "year": 2007,
            "quarter": 3,
            "eps": 0.77,
            "eps_growth_year": -18.95,
            "eps_4q": 2.86,
            "eps_4q_growth_year": 5.41,
            "roe": 2.87,
            "roe_4q": 10.64,
            "gross_profit": 584221,
            "gross_margin": 21.19,
            "gross_margin_4q_avg": 18.21,
            "net_income": 455689,
            "net_income_4q": null,
            "revenue": 2757690,
            "revenue_4q": null,
            "common_shares": 5954807,
            "book_valuer_per_share": 27.31,
            "book_valuer_per_share_4q_avg": 26.79,
            "equity": 16262296,
            "current_ratio": 109.88,
            "debt_ratio": 33.37,
            "inventory_turnover_ratio": 1.61,
            "account_receivable_turnover_ratio": null,
            "reinvestment_rate": 43.02,
            "research_to_sale_ratio": null,
            "price_fair": 81.3,
            "eps_avg_yearly": 2.32,
            "eps_latest_yearly": 3.08,
            "eps_growth_yearly": 164.03
        },
        "20074": {
            "year_quarter": 20074,
            "year": 2007,
            "quarter": 4,
            "eps": 0.05,
            "eps_growth_year": -93.59,
            "eps_4q": 2.09,
            "eps_4q_growth_year": -26.44,
            "roe": 0.18,
            "roe_4q": 7.91,
            "gross_profit": 365195,
            "gross_margin": 15.31,
            "gross_margin_4q_avg": 18.2,
            "net_income": 30234,
            "net_income_4q": null,
            "revenue": 2385940,
            "revenue_4q": null,
            "common_shares": 5956537,
            "book_valuer_per_share": 27.21,
            "book_valuer_per_share_4q_avg": 26.98,
            "equity": 17790994,
            "current_ratio": 140.86,
            "debt_ratio": 43.83,
            "inventory_turnover_ratio": 0.62,
            "account_receivable_turnover_ratio": null,
            "reinvestment_rate": 220.65,
            "research_to_sale_ratio": null,
            "price_fair": 79,
            "eps_avg_yearly": 2.26,
            "eps_latest_yearly": 0.2,
            "eps_growth_yearly": 104.34
        },
        "20081": {
            "year_quarter": 20081,
            "year": 2008,
            "quarter": 1,
            "eps": -0.36,
            "eps_growth_year": -166.67,
            "eps_4q": 1.04,
            "eps_4q_growth_year": -63.79,
            "roe": -1.47,
            "roe_4q": 4.52,
            "gross_profit": 496736,
            "gross_margin": 10.88,
            "gross_margin_4q_avg": 16.71,
            "net_income": -255968,
            "net_income_4q": null,
            "revenue": 4566871,
            "revenue_4q": null,
            "common_shares": 5957387,
            "book_valuer_per_share": 26.31,
            "book_valuer_per_share_4q_avg": 26.71,
            "equity": 17129747,
            "current_ratio": 144.88,
            "debt_ratio": 44.33,
            "inventory_turnover_ratio": 0.83,
            "account_receivable_turnover_ratio": null,
            "reinvestment_rate": 276.43,
            "research_to_sale_ratio": null,
            "price_fair": 81.2,
            "eps_avg_yearly": 2.32,
            "eps_latest_yearly": 0.2,
            "eps_growth_yearly": 103.58
        },
        "20082": {
            "year_quarter": 20082,
            "year": 2008,
            "quarter": 2,
            "eps": 0.4,
            "eps_growth_year": -49.37,
            "eps_4q": 0.68,
            "eps_4q_growth_year": -77.68,
            "roe": 1.42,
            "roe_4q": 3,
            "gross_profit": 971964,
            "gross_margin": 15.77,
            "gross_margin_4q_avg": 15.79,
            "net_income": 301534,
            "net_income_4q": null,
            "revenue": 6161653,
            "revenue_4q": null,
            "common_shares": 5960387,
            "book_valuer_per_share": 25.47,
            "book_valuer_per_share_4q_avg": 26.58,
            "equity": 25255247,
            "current_ratio": 113.13,
            "debt_ratio": 54.75,
            "inventory_turnover_ratio": 0.89,
            "account_receivable_turnover_ratio": null,
            "reinvestment_rate": 557.37,
            "research_to_sale_ratio": null,
            "price_fair": 83.42,
            "eps_avg_yearly": 2.38,
            "eps_latest_yearly": 0.2,
            "eps_growth_yearly": 109.43
        },
        "20083": {
            "year_quarter": 20083,
            "year": 2008,
            "quarter": 3,
            "eps": 0.27,
            "eps_growth_year": -64.94,
            "eps_4q": 0.12,
            "eps_4q_growth_year": -95.84,
            "roe": 2.06,
            "roe_4q": 2.19,
            "gross_profit": 1799120,
            "gross_margin": 16.2,
            "gross_margin_4q_avg": 14.54,
            "net_income": 535253,
            "net_income_4q": null,
            "revenue": 11107398,
            "revenue_4q": null,
            "common_shares": 6671283,
            "book_valuer_per_share": 23.86,
            "book_valuer_per_share_4q_avg": 25.71,
            "equity": 26676991,
            "current_ratio": 117.52,
            "debt_ratio": 54.59,
            "inventory_turnover_ratio": 1.36,
            "account_receivable_turnover_ratio": null,
            "reinvestment_rate": 525.73,
            "research_to_sale_ratio": null,
            "price_fair": 81.55,
            "eps_avg_yearly": 2.33,
            "eps_latest_yearly": 1.08,
            "eps_growth_yearly": 95.18
        },
        "20084": {
            "year_quarter": 20084,
            "year": 2008,
            "quarter": 4,
            "eps": -1.23,
            "eps_growth_year": -2560,
            "eps_4q": -2.79,
            "eps_4q_growth_year": -233.36,
            "roe": -2.96,
            "roe_4q": -0.95,
            "gross_profit": 325818,
            "gross_margin": 4.1,
            "gross_margin_4q_avg": 11.74,
            "net_income": -780153,
            "net_income_4q": null,
            "revenue": 7950620,
            "revenue_4q": null,
            "common_shares": 6671283,
            "book_valuer_per_share": 22.73,
            "book_valuer_per_share_4q_avg": 24.59,
            "equity": 26047508,
            "current_ratio": 157.37,
            "debt_ratio": 50.45,
            "inventory_turnover_ratio": 1.32,
            "account_receivable_turnover_ratio": 1.41,
            "reinvestment_rate": 534.13,
            "research_to_sale_ratio": null,
            "price_fair": 81.55,
            "eps_avg_yearly": 2.33,
            "eps_latest_yearly": 1.08,
            "eps_growth_yearly": 95.18
        },
        "20091": {
            "year_quarter": 20091,
            "year": 2009,
            "quarter": 1,
            "eps": -1,
            "eps_growth_year": null,
            "eps_4q": -1.57,
            "eps_4q_growth_year": -251.51,
            "roe": -2.41,
            "roe_4q": -1.8900000000000001,
            "gross_profit": 63105,
            "gross_margin": 0.96,
            "gross_margin_4q_avg": 9.26,
            "net_income": -628481,
            "net_income_4q": null,
            "revenue": 6584457,
            "revenue_4q": null,
            "common_shares": 6671283,
            "book_valuer_per_share": 22.31,
            "book_valuer_per_share_4q_avg": 23.59,
            "equity": 26063068,
            "current_ratio": 140.96,
            "debt_ratio": 46.4,
            "inventory_turnover_ratio": 1.47,
            "account_receivable_turnover_ratio": 0.67,
            "reinvestment_rate": 757.72,
            "research_to_sale_ratio": null,
            "price_fair": 81.55,
            "eps_avg_yearly": 2.33,
            "eps_latest_yearly": 1.08,
            "eps_growth_yearly": 95.18
        },
        "20092": {
            "year_quarter": 20092,
            "year": 2009,
            "quarter": 2,
            "eps": 0.01,
            "eps_growth_year": -97.5,
            "eps_4q": -1.92,
            "eps_4q_growth_year": -383.72,
            "roe": 1.89,
            "roe_4q": -1.4200000000000004,
            "gross_profit": 1408885,
            "gross_margin": 16.88,
            "gross_margin_4q_avg": 9.54,
            "net_income": 490011,
            "net_income_4q": null,
            "revenue": 8347189,
            "revenue_4q": null,
            "common_shares": 6671283,
            "book_valuer_per_share": 21.97,
            "book_valuer_per_share_4q_avg": 22.72,
            "equity": 25914432,
            "current_ratio": 156.17,
            "debt_ratio": 46.46,
            "inventory_turnover_ratio": 1.55,
            "account_receivable_turnover_ratio": 0.9,
            "reinvestment_rate": 630.08,
            "research_to_sale_ratio": null,
            "price_fair": 85.91,
            "eps_avg_yearly": 2.45,
            "eps_latest_yearly": 1.08,
            "eps_growth_yearly": 31.11
        },
        "20093": {
            "year_quarter": 20093,
            "year": 2009,
            "quarter": 3,
            "eps": 0.25,
            "eps_growth_year": -7.41,
            "eps_4q": -0.47,
            "eps_4q_growth_year": -497.9,
            "roe": 2.64,
            "roe_4q": -0.8399999999999999,
            "gross_profit": 1692144,
            "gross_margin": 17.09,
            "gross_margin_4q_avg": 9.76,
            "net_income": 686788,
            "net_income_4q": null,
            "revenue": 9903000,
            "revenue_4q": null,
            "common_shares": 6638023,
            "book_valuer_per_share": 22.23,
            "book_valuer_per_share_4q_avg": 22.31,
            "equity": 26152682,
            "current_ratio": 127.94,
            "debt_ratio": 46.52,
            "inventory_turnover_ratio": 1.63,
            "account_receivable_turnover_ratio": 0.91,
            "reinvestment_rate": 603.57,
            "research_to_sale_ratio": null,
            "price_fair": 81.84,
            "eps_avg_yearly": 2.34,
            "eps_latest_yearly": 1,
            "eps_growth_yearly": 853.83
        },
        "20094": {
            "year_quarter": 20094,
            "year": 2009,
            "quarter": 4,
            "eps": 0.08,
            "eps_growth_year": null,
            "eps_4q": -0.68,
            "eps_4q_growth_year": null,
            "roe": 2.18,
            "roe_4q": 4.3,
            "gross_profit": 1830012,
            "gross_margin": 19.18,
            "gross_margin_4q_avg": 13.53,
            "net_income": 580040,
            "net_income_4q": null,
            "revenue": 9540457,
            "revenue_4q": null,
            "common_shares": 6638023,
            "book_valuer_per_share": 23.55,
            "book_valuer_per_share_4q_avg": 22.52,
            "equity": 27086126,
            "current_ratio": 164.84,
            "debt_ratio": 45.8,
            "inventory_turnover_ratio": 1.49,
            "account_receivable_turnover_ratio": 1.64,
            "reinvestment_rate": 535.89,
            "research_to_sale_ratio": null,
            "price_fair": 72.04,
            "eps_avg_yearly": 2.06,
            "eps_latest_yearly": 0.32,
            "eps_growth_yearly": 811.24
        },
        "20101": {
            "year_quarter": 20101,
            "year": 2010,
            "quarter": 1,
            "eps": 0.21,
            "eps_growth_year": null,
            "eps_4q": 0.56,
            "eps_4q_growth_year": null,
            "roe": 1.35,
            "roe_4q": 8.06,
            "gross_profit": 1423796,
            "gross_margin": 15.07,
            "gross_margin_4q_avg": 17.06,
            "net_income": 368424,
            "net_income_4q": null,
            "revenue": 9448673,
            "revenue_4q": null,
            "common_shares": 6638293,
            "book_valuer_per_share": 23.73,
            "book_valuer_per_share_4q_avg": 22.87,
            "equity": 27386108,
            "current_ratio": 128.78,
            "debt_ratio": 48.57,
            "inventory_turnover_ratio": 1.52,
            "account_receivable_turnover_ratio": 0.81,
            "reinvestment_rate": 1133.67,
            "research_to_sale_ratio": 1.62,
            "price_fair": 67.58,
            "eps_avg_yearly": 1.93,
            "eps_latest_yearly": 0.84,
            "eps_growth_yearly": 882.74
        },
        "20102": {
            "year_quarter": 20102,
            "year": 2010,
            "quarter": 2,
            "eps": 0.58,
            "eps_growth_year": 5747.6,
            "eps_4q": 1.13,
            "eps_4q_growth_year": null,
            "roe": 2.5,
            "roe_4q": 8.67,
            "gross_profit": 1608762,
            "gross_margin": 15,
            "gross_margin_4q_avg": 16.59,
            "net_income": 696172,
            "net_income_4q": null,
            "revenue": 10728591,
            "revenue_4q": null,
            "common_shares": 6639638,
            "book_valuer_per_share": 24.43,
            "book_valuer_per_share_4q_avg": 23.49,
            "equity": 28341407,
            "current_ratio": 155.86,
            "debt_ratio": 49.61,
            "inventory_turnover_ratio": 1.62,
            "account_receivable_turnover_ratio": 0.86,
            "reinvestment_rate": 1145.43,
            "research_to_sale_ratio": 1.6,
            "price_fair": 67.07,
            "eps_avg_yearly": 1.92,
            "eps_latest_yearly": 2.32,
            "eps_growth_yearly": 942.91
        },
        "20103": {
            "year_quarter": 20103,
            "year": 2010,
            "quarter": 3,
            "eps": 0.62,
            "eps_growth_year": 147.15,
            "eps_4q": 1.5,
            "eps_4q_growth_year": null,
            "roe": 2.04,
            "roe_4q": 8.07,
            "gross_profit": 1637874,
            "gross_margin": 15.29,
            "gross_margin_4q_avg": 16.14,
            "net_income": 582278,
            "net_income_4q": null,
            "revenue": 10711479,
            "revenue_4q": null,
            "common_shares": 6639638,
            "book_valuer_per_share": 24.91,
            "book_valuer_per_share_4q_avg": 24.16,
            "equity": 28670533,
            "current_ratio": 164.63,
            "debt_ratio": 52.02,
            "inventory_turnover_ratio": 1.54,
            "account_receivable_turnover_ratio": 0.82,
            "reinvestment_rate": 1241.61,
            "research_to_sale_ratio": 1.64,
            "price_fair": 62.87,
            "eps_avg_yearly": 1.8,
            "eps_latest_yearly": 2.48,
            "eps_growth_yearly": 926.07
        },
        "20104": {
            "year_quarter": 20104,
            "year": 2010,
            "quarter": 4,
            "eps": 0.06,
            "eps_growth_year": -25.31,
            "eps_4q": 1.48,
            "eps_4q_growth_year": null,
            "roe": 0.31,
            "roe_4q": 6.199999999999999,
            "gross_profit": 1233258,
            "gross_margin": 13.23,
            "gross_margin_4q_avg": 14.65,
            "net_income": 87450,
            "net_income_4q": null,
            "revenue": 9318298,
            "revenue_4q": null,
            "common_shares": 6639888,
            "book_valuer_per_share": 23.8,
            "book_valuer_per_share_4q_avg": 24.22,
            "equity": 26882648,
            "current_ratio": 185.13,
            "debt_ratio": 53.4,
            "inventory_turnover_ratio": 1.39,
            "account_receivable_turnover_ratio": 0.76,
            "reinvestment_rate": 1113.7,
            "research_to_sale_ratio": 2.1,
            "price_fair": 53.71,
            "eps_avg_yearly": 1.53,
            "eps_latest_yearly": 0.24,
            "eps_growth_yearly": 899.73
        },
        "20111": {
            "year_quarter": 20111,
            "year": 2011,
            "quarter": 1,
            "eps": 0.01,
            "eps_growth_year": -95.24,
            "eps_4q": 1.27,
            "eps_4q_growth_year": 126.76,
            "roe": -0.4,
            "roe_4q": 4.45,
            "gross_profit": 679999,
            "gross_margin": 7.75,
            "gross_margin_4q_avg": 12.82,
            "net_income": -106398,
            "net_income_4q": null,
            "revenue": 8774322,
            "revenue_4q": null,
            "common_shares": 6643438,
            "book_valuer_per_share": 23.95,
            "book_valuer_per_share_4q_avg": 24.27,
            "equity": 26978146,
            "current_ratio": 182.2,
            "debt_ratio": 54.25,
            "inventory_turnover_ratio": 1.36,
            "account_receivable_turnover_ratio": 0.78,
            "reinvestment_rate": 1835.76,
            "research_to_sale_ratio": 1.85,
            "price_fair": 46.96,
            "eps_avg_yearly": 1.34,
            "eps_latest_yearly": 0.04,
            "eps_growth_yearly": 880.61
        },
        "20112": {
            "year_quarter": 20112,
            "year": 2011,
            "quarter": 2,
            "eps": 0.01,
            "eps_growth_year": -97.96,
            "eps_4q": 0.66,
            "eps_4q_growth_year": -42.05,
            "roe": 1.13,
            "roe_4q": 3.08,
            "gross_profit": 1085497,
            "gross_margin": 11.89,
            "gross_margin_4q_avg": 12.04,
            "net_income": 247091,
            "net_income_4q": null,
            "revenue": 9128640,
            "revenue_4q": null,
            "common_shares": 6643438,
            "book_valuer_per_share": 23,
            "book_valuer_per_share_4q_avg": 23.92,
            "equity": 16900567,
            "current_ratio": 201.23,
            "debt_ratio": 40.85,
            "inventory_turnover_ratio": 1.48,
            "account_receivable_turnover_ratio": 1.16,
            "reinvestment_rate": 1024.7,
            "research_to_sale_ratio": 1.21,
            "price_fair": 37.04,
            "eps_avg_yearly": 1.06,
            "eps_latest_yearly": 0.04,
            "eps_growth_yearly": 863.78
        },
        "20113": {
            "year_quarter": 20113,
            "year": 2011,
            "quarter": 3,
            "eps": -0.33,
            "eps_growth_year": -153.06,
            "eps_4q": -0.25,
            "eps_4q_growth_year": -116.64,
            "roe": -1.31,
            "roe_4q": -0.2700000000000002,
            "gross_profit": 128224,
            "gross_margin": 3.41,
            "gross_margin_4q_avg": 9.07,
            "net_income": -224860,
            "net_income_4q": null,
            "revenue": 3765027,
            "revenue_4q": null,
            "common_shares": 6900634,
            "book_valuer_per_share": 22.68,
            "book_valuer_per_share_4q_avg": 23.36,
            "equity": 17336223,
            "current_ratio": 203.86,
            "debt_ratio": 40.49,
            "inventory_turnover_ratio": 0.78,
            "account_receivable_turnover_ratio": 0.82,
            "reinvestment_rate": 6110.94,
            "research_to_sale_ratio": 3.34,
            "price_fair": 29.96,
            "eps_avg_yearly": 0.86,
            "eps_latest_yearly": 0.04,
            "eps_growth_yearly": 951.17
        },
        "20114": {
            "year_quarter": 20114,
            "year": 2011,
            "quarter": 4,
            "eps": -1.23,
            "eps_growth_year": -2153.37,
            "eps_4q": -1.53,
            "eps_4q_growth_year": -203.86,
            "roe": -5.14,
            "roe_4q": -5.72,
            "gross_profit": -200692,
            "gross_margin": -5.84,
            "gross_margin_4q_avg": 4.3,
            "net_income": -866611,
            "net_income_4q": null,
            "revenue": 3434380,
            "revenue_4q": null,
            "common_shares": 6900634,
            "book_valuer_per_share": 21.34,
            "book_valuer_per_share_4q_avg": 22.74,
            "equity": 16399240,
            "current_ratio": 245.65,
            "debt_ratio": 40.24,
            "inventory_turnover_ratio": 0.85,
            "account_receivable_turnover_ratio": 0.79,
            "reinvestment_rate": null,
            "research_to_sale_ratio": 3.26,
            "price_fair": 32.51,
            "eps_avg_yearly": 0.93,
            "eps_latest_yearly": 0.04,
            "eps_growth_yearly": 1098.41
        },
        "20121": {
            "year_quarter": 20121,
            "year": 2012,
            "quarter": 1,
            "eps": -0.93,
            "eps_growth_year": -9400,
            "eps_4q": -2.47,
            "eps_4q_growth_year": -294.08,
            "roe": -4.15,
            "roe_4q": -9.469999999999999,
            "gross_profit": -258652,
            "gross_margin": -8.42,
            "gross_margin_4q_avg": 0.26,
            "net_income": -662283,
            "net_income_4q": null,
            "revenue": 3073715,
            "revenue_4q": null,
            "common_shares": 6900634,
            "book_valuer_per_share": 20.17,
            "book_valuer_per_share_4q_avg": 21.8,
            "equity": 15525643,
            "current_ratio": 240.56,
            "debt_ratio": 42.07,
            "inventory_turnover_ratio": 0.95,
            "account_receivable_turnover_ratio": 0.81,
            "reinvestment_rate": null,
            "research_to_sale_ratio": 2.86,
            "price_fair": 32.51,
            "eps_avg_yearly": 0.93,
            "eps_latest_yearly": 0.04,
            "eps_growth_yearly": 1098.41
        },
        "20122": {
            "year_quarter": 20122,
            "year": 2012,
            "quarter": 2,
            "eps": -0.34,
            "eps_growth_year": -2914.79,
            "eps_4q": -2.82,
            "eps_4q_growth_year": -529.37,
            "roe": -1.53,
            "roe_4q": -12.13,
            "gross_profit": 207789,
            "gross_margin": 5.88,
            "gross_margin_4q_avg": -1.24,
            "net_income": -236150,
            "net_income_4q": null,
            "revenue": 3532505,
            "revenue_4q": null,
            "common_shares": 6900634,
            "book_valuer_per_share": 19.9,
            "book_valuer_per_share_4q_avg": 21.02,
            "equity": 15334119,
            "current_ratio": 183.78,
            "debt_ratio": 44.46,
            "inventory_turnover_ratio": 1.04,
            "account_receivable_turnover_ratio": 0.93,
            "reinvestment_rate": null,
            "research_to_sale_ratio": 2.4,
            "price_fair": 32.51,
            "eps_avg_yearly": 0.93,
            "eps_latest_yearly": 0.04,
            "eps_growth_yearly": 1098.41
        },
        "20123": {
            "year_quarter": 20123,
            "year": 2012,
            "quarter": 3,
            "eps": -0.14,
            "eps_growth_year": null,
            "eps_4q": -2.63,
            "eps_4q_growth_year": null,
            "roe": -0.63,
            "roe_4q": -11.45,
            "gross_profit": 306803,
            "gross_margin": 8.86,
            "gross_margin_4q_avg": 0.12,
            "net_income": -95728,
            "net_income_4q": null,
            "revenue": 3463582,
            "revenue_4q": null,
            "common_shares": 6900634,
            "book_valuer_per_share": 19.53,
            "book_valuer_per_share_4q_avg": 20.24,
            "equity": 15075955,
            "current_ratio": 227.38,
            "debt_ratio": 42.81,
            "inventory_turnover_ratio": 1,
            "account_receivable_turnover_ratio": 0.87,
            "reinvestment_rate": null,
            "research_to_sale_ratio": 2.68,
            "price_fair": 31.85,
            "eps_avg_yearly": 0.91,
            "eps_latest_yearly": 0.04,
            "eps_growth_yearly": 1251.97
        },
        "20124": {
            "year_quarter": 20124,
            "year": 2012,
            "quarter": 4,
            "eps": -0.63,
            "eps_growth_year": null,
            "eps_4q": -2.04,
            "eps_4q_growth_year": null,
            "roe": -2.95,
            "roe_4q": -9.260000000000002,
            "gross_profit": 161254,
            "gross_margin": 5.46,
            "gross_margin_4q_avg": 2.95,
            "net_income": -437938,
            "net_income_4q": null,
            "revenue": 2953534,
            "revenue_4q": null,
            "common_shares": 6900634,
            "book_valuer_per_share": 18.86,
            "book_valuer_per_share_4q_avg": 19.62,
            "equity": 14579841,
            "current_ratio": 200.96,
            "debt_ratio": 40.2,
            "inventory_turnover_ratio": 0.95,
            "account_receivable_turnover_ratio": 0.81,
            "reinvestment_rate": null,
            "research_to_sale_ratio": 3.27,
            "price_fair": 31.85,
            "eps_avg_yearly": 0.91,
            "eps_latest_yearly": 0.04,
            "eps_growth_yearly": 1251.97
        },
        "20131": {
            "year_quarter": 20131,
            "year": 2013,
            "quarter": 1,
            "eps": -0.46,
            "eps_growth_year": null,
            "eps_4q": -1.57,
            "eps_4q_growth_year": null,
            "roe": -2.3,
            "roe_4q": -7.41,
            "gross_profit": 106951,
            "gross_margin": 3.71,
            "gross_margin_4q_avg": 5.98,
            "net_income": -336252,
            "net_income_4q": null,
            "revenue": 2882055,
            "revenue_4q": null,
            "common_shares": 6900634,
            "book_valuer_per_share": 18.97,
            "book_valuer_per_share_4q_avg": 19.32,
            "equity": 14637435,
            "current_ratio": 165.18,
            "debt_ratio": 40.47,
            "inventory_turnover_ratio": 0.97,
            "account_receivable_turnover_ratio": 0.86,
            "reinvestment_rate": null,
            "research_to_sale_ratio": 3.21,
            "price_fair": 31.85,
            "eps_avg_yearly": 0.91,
            "eps_latest_yearly": 0.04,
            "eps_growth_yearly": 1251.97
        },
        "20132": {
            "year_quarter": 20132,
            "year": 2013,
            "quarter": 2,
            "eps": -0.06,
            "eps_growth_year": null,
            "eps_4q": -1.3,
            "eps_4q_growth_year": null,
            "roe": -0.12,
            "roe_4q": -6,
            "gross_profit": 408628,
            "gross_margin": 11.99,
            "gross_margin_4q_avg": 7.51,
            "net_income": -17405,
            "net_income_4q": null,
            "revenue": 3407026,
            "revenue_4q": null,
            "common_shares": 6900634,
            "book_valuer_per_share": 19.37,
            "book_valuer_per_share_4q_avg": 19.18,
            "equity": 14838047,
            "current_ratio": 150,
            "debt_ratio": 40.15,
            "inventory_turnover_ratio": 1,
            "account_receivable_turnover_ratio": 0.96,
            "reinvestment_rate": null,
            "research_to_sale_ratio": 2.92,
            "price_fair": 31.85,
            "eps_avg_yearly": 0.91,
            "eps_latest_yearly": 0.04,
            "eps_growth_yearly": 1251.97
        },
        "20133": {
            "year_quarter": 20133,
            "year": 2013,
            "quarter": 3,
            "eps": -0.07,
            "eps_growth_year": null,
            "eps_4q": -1.24,
            "eps_4q_growth_year": null,
            "roe": -0.29,
            "roe_4q": -5.66,
            "gross_profit": 382445,
            "gross_margin": 11.28,
            "gross_margin_4q_avg": 8.11,
            "net_income": -42770,
            "net_income_4q": null,
            "revenue": 3389697,
            "revenue_4q": null,
            "common_shares": 6900634,
            "book_valuer_per_share": 19.07,
            "book_valuer_per_share_4q_avg": 19.07,
            "equity": 14597179,
            "current_ratio": 143.89,
            "debt_ratio": 39.61,
            "inventory_turnover_ratio": 1,
            "account_receivable_turnover_ratio": 0.88,
            "reinvestment_rate": null,
            "research_to_sale_ratio": 2.43,
            "price_fair": 31.4,
            "eps_avg_yearly": 0.9,
            "eps_latest_yearly": 0.04,
            "eps_growth_yearly": 59.39
        },
        "20134": {
            "year_quarter": 20134,
            "year": 2013,
            "quarter": 4,
            "eps": -0.14,
            "eps_growth_year": null,
            "eps_4q": -0.74,
            "eps_4q_growth_year": null,
            "roe": -0.62,
            "roe_4q": -3.3299999999999996,
            "gross_profit": 393185,
            "gross_margin": 11.64,
            "gross_margin_4q_avg": 9.66,
            "net_income": -90679,
            "net_income_4q": null,
            "revenue": 3377705,
            "revenue_4q": null,
            "common_shares": 6900634,
            "book_valuer_per_share": 19.35,
            "book_valuer_per_share_4q_avg": 19.19,
            "equity": 14788276,
            "current_ratio": 160.6,
            "debt_ratio": 39.11,
            "inventory_turnover_ratio": 1.02,
            "account_receivable_turnover_ratio": 0.88,
            "reinvestment_rate": null,
            "research_to_sale_ratio": 2.52,
            "price_fair": 34.77,
            "eps_avg_yearly": 0.99,
            "eps_latest_yearly": 0.04,
            "eps_growth_yearly": 114.62
        },
        "20141": {
            "year_quarter": 20141,
            "year": 2014,
            "quarter": 1,
            "eps": -0.04,
            "eps_growth_year": null,
            "eps_4q": -0.32,
            "eps_4q_growth_year": null,
            "roe": -0.13,
            "roe_4q": -1.1600000000000001,
            "gross_profit": 366930,
            "gross_margin": 11.43,
            "gross_margin_4q_avg": 11.59,
            "net_income": -18546,
            "net_income_4q": null,
            "revenue": 3209267,
            "revenue_4q": null,
            "common_shares": 6900634,
            "book_valuer_per_share": 19.64,
            "book_valuer_per_share_4q_avg": 19.36,
            "equity": 14849027,
            "current_ratio": 173.57,
            "debt_ratio": 39.14,
            "inventory_turnover_ratio": 1,
            "account_receivable_turnover_ratio": 0.85,
            "reinvestment_rate": null,
            "research_to_sale_ratio": 2.54,
            "price_fair": 17.97,
            "eps_avg_yearly": 1.02,
            "eps_latest_yearly": 0.04,
            "eps_growth_yearly": 7.54
        },
        "20142": {
            "year_quarter": 20142,
            "year": 2014,
            "quarter": 2,
            "eps": 0.1,
            "eps_growth_year": null,
            "eps_4q": -0.15,
            "eps_4q_growth_year": null,
            "roe": 0.55,
            "roe_4q": -0.48999999999999994,
            "gross_profit": 509752,
            "gross_margin": 13.95,
            "gross_margin_4q_avg": 12.08,
            "net_income": 81697,
            "net_income_4q": null,
            "revenue": 3655429,
            "revenue_4q": null,
            "common_shares": 6900634,
            "book_valuer_per_share": 19.33,
            "book_valuer_per_share_4q_avg": 19.35,
            "equity": 14942458,
            "current_ratio": 194.82,
            "debt_ratio": 40.03,
            "inventory_turnover_ratio": 1.11,
            "account_receivable_turnover_ratio": 0.95,
            "reinvestment_rate": null,
            "research_to_sale_ratio": 2.68,
            "price_fair": 2.1,
            "eps_avg_yearly": 0.7,
            "eps_latest_yearly": 0.04,
            "eps_growth_yearly": -166.76
        },
        "20143": {
            "year_quarter": 20143,
            "year": 2014,
            "quarter": 3,
            "eps": 0.44,
            "eps_growth_year": null,
            "eps_4q": 0.36,
            "eps_4q_growth_year": null,
            "roe": 2.21,
            "roe_4q": 2.01,
            "gross_profit": 658047,
            "gross_margin": 16.74,
            "gross_margin_4q_avg": 13.44,
            "net_income": 335873,
            "net_income_4q": null,
            "revenue": 3931760,
            "revenue_4q": null,
            "common_shares": 6900634,
            "book_valuer_per_share": 20.29,
            "book_valuer_per_share_4q_avg": 19.65,
            "equity": 15454417,
            "current_ratio": 204.18,
            "debt_ratio": 39.79,
            "inventory_turnover_ratio": 1.11,
            "account_receivable_turnover_ratio": 0.92,
            "reinvestment_rate": null,
            "research_to_sale_ratio": 2.35,
            "price_fair": 18.2,
            "eps_avg_yearly": 0.52,
            "eps_latest_yearly": 1.76,
            "eps_growth_yearly": 166.34
        },
        "20144": {
            "year_quarter": 20144,
            "year": 2014,
            "quarter": 4,
            "eps": 0.3,
            "eps_growth_year": null,
            "eps_4q": 0.81,
            "eps_4q_growth_year": null,
            "roe": 1.52,
            "roe_4q": 4.15,
            "gross_profit": 628837,
            "gross_margin": 17.06,
            "gross_margin_4q_avg": 14.8,
            "net_income": 240733,
            "net_income_4q": null,
            "revenue": 3686878,
            "revenue_4q": null,
            "common_shares": 6830634,
            "book_valuer_per_share": 21.32,
            "book_valuer_per_share_4q_avg": 20.15,
            "equity": 16153454,
            "current_ratio": 204.37,
            "debt_ratio": 39.36,
            "inventory_turnover_ratio": 0.95,
            "account_receivable_turnover_ratio": 0.82,
            "reinvestment_rate": null,
            "research_to_sale_ratio": 3.03,
            "price_fair": 26.6,
            "eps_avg_yearly": 0.76,
            "eps_latest_yearly": 1.2,
            "eps_growth_yearly": 224.85
        },
        "20151": {
            "year_quarter": 20151,
            "year": 2015,
            "quarter": 1,
            "eps": 0.2,
            "eps_growth_year": null,
            "eps_4q": 1.05,
            "eps_4q_growth_year": null,
            "roe": 1.01,
            "roe_4q": 5.29,
            "gross_profit": 596277,
            "gross_margin": 16.06,
            "gross_margin_4q_avg": 15.95,
            "net_income": 162907,
            "net_income_4q": null,
            "revenue": 3712618,
            "revenue_4q": null,
            "common_shares": 6830634,
            "book_valuer_per_share": 21.18,
            "book_valuer_per_share_4q_avg": 20.53,
            "equity": 16123351,
            "current_ratio": 208.32,
            "debt_ratio": 37.02,
            "inventory_turnover_ratio": 0.92,
            "account_receivable_turnover_ratio": 0.84,
            "reinvestment_rate": null,
            "research_to_sale_ratio": 2.62,
            "price_fair": 33.25,
            "eps_avg_yearly": 0.95,
            "eps_latest_yearly": 0.8,
            "eps_growth_yearly": 274.85
        },
        "20152": {
            "year_quarter": 20152,
            "year": 2015,
            "quarter": 2,
            "eps": 0.46,
            "eps_growth_year": 360,
            "eps_4q": 1.41,
            "eps_4q_growth_year": null,
            "roe": 2.07,
            "roe_4q": 6.81,
            "gross_profit": 645139,
            "gross_margin": 16.65,
            "gross_margin_4q_avg": 16.63,
            "net_income": 329297,
            "net_income_4q": null,
            "revenue": 3874276,
            "revenue_4q": null,
            "common_shares": 6830634,
            "book_valuer_per_share": 20.58,
            "book_valuer_per_share_4q_avg": 20.84,
            "equity": 15658603,
            "current_ratio": 198.33,
            "debt_ratio": 37.85,
            "inventory_turnover_ratio": 0.97,
            "account_receivable_turnover_ratio": 0.89,
            "reinvestment_rate": null,
            "research_to_sale_ratio": 2.66,
            "price_fair": 49,
            "eps_avg_yearly": 1.4,
            "eps_latest_yearly": 1.84,
            "eps_growth_yearly": 404.85
        },
        "20153": {
            "year_quarter": 20153,
            "year": 2015,
            "quarter": 3,
            "eps": 0.62,
            "eps_growth_year": 40.91,
            "eps_4q": 1.94,
            "eps_4q_growth_year": 432.57,
            "roe": 2.89,
            "roe_4q": 7.49,
            "gross_profit": 849199,
            "gross_margin": 19.78,
            "gross_margin_4q_avg": 17.39,
            "net_income": 447370,
            "net_income_4q": null,
            "revenue": 4294123,
            "revenue_4q": null,
            "common_shares": 5600000,
            "book_valuer_per_share": 24.56,
            "book_valuer_per_share_4q_avg": 21.91,
            "equity": 15343671,
            "current_ratio": 183.05,
            "debt_ratio": 40.82,
            "inventory_turnover_ratio": 1.08,
            "account_receivable_turnover_ratio": 0.89,
            "reinvestment_rate": null,
            "research_to_sale_ratio": 2.55,
            "price_fair": 56.56,
            "eps_avg_yearly": 1.62,
            "eps_latest_yearly": 2.48,
            "eps_growth_yearly": 351.7
        },
        "20154": {
            "year_quarter": 20154,
            "year": 2015,
            "quarter": 4,
            "eps": 0.6,
            "eps_growth_year": 99.49,
            "eps_4q": 2.17,
            "eps_4q_growth_year": 166.82,
            "roe": 2.1,
            "roe_4q": 8.07,
            "gross_profit": 804658,
            "gross_margin": 19.4,
            "gross_margin_4q_avg": 17.97,
            "net_income": 323413,
            "net_income_4q": null,
            "revenue": 4148391,
            "revenue_4q": null,
            "common_shares": 5600000,
            "book_valuer_per_share": 24.77,
            "book_valuer_per_share_4q_avg": 22.77,
            "equity": 15464287,
            "current_ratio": 209.15,
            "debt_ratio": 41.03,
            "inventory_turnover_ratio": 1.06,
            "account_receivable_turnover_ratio": 0.8,
            "reinvestment_rate": null,
            "research_to_sale_ratio": 2.74,
            "price_fair": 61.13,
            "eps_avg_yearly": 1.75,
            "eps_latest_yearly": 2.4,
            "eps_growth_yearly": 290.94
        },
        "20161": {
            "year_quarter": 20161,
            "year": 2016,
            "quarter": 1,
            "eps": 0.71,
            "eps_growth_year": 255,
            "eps_4q": 2.62,
            "eps_4q_growth_year": 149.71,
            "roe": 2.76,
            "roe_4q": 9.82,
            "gross_profit": 957898,
            "gross_margin": 22.66,
            "gross_margin_4q_avg": 19.62,
            "net_income": 432011,
            "net_income_4q": null,
            "revenue": 4226440,
            "revenue_4q": null,
            "common_shares": 5600000,
            "book_valuer_per_share": 25.28,
            "book_valuer_per_share_4q_avg": 23.8,
            "equity": 15814516,
            "current_ratio": 183.02,
            "debt_ratio": 41.69,
            "inventory_turnover_ratio": 1.02,
            "account_receivable_turnover_ratio": 0.86,
            "reinvestment_rate": -202.93,
            "research_to_sale_ratio": 2.73,
            "price_fair": 66.6,
            "eps_avg_yearly": 1.9,
            "eps_latest_yearly": 2.84,
            "eps_growth_yearly": 259.85
        },
        "20162": {
            "year_quarter": 20162,
            "year": 2016,
            "quarter": 2,
            "eps": 0.91,
            "eps_growth_year": 97.83,
            "eps_4q": 2.97,
            "eps_4q_growth_year": 110.42,
            "roe": 3.46,
            "roe_4q": 11.21,
            "gross_profit": 1128914,
            "gross_margin": 24.41,
            "gross_margin_4q_avg": 21.56,
            "net_income": 544866,
            "net_income_4q": null,
            "revenue": 4624389,
            "revenue_4q": null,
            "common_shares": 5600000,
            "book_valuer_per_share": 24.85,
            "book_valuer_per_share_4q_avg": 24.87,
            "equity": 15655986,
            "current_ratio": 166.66,
            "debt_ratio": 43.8,
            "inventory_turnover_ratio": 1.06,
            "account_receivable_turnover_ratio": 0.93,
            "reinvestment_rate": -71.81,
            "research_to_sale_ratio": 2.47,
            "price_fair": 74.2,
            "eps_avg_yearly": 2.12,
            "eps_latest_yearly": 3.64,
            "eps_growth_yearly": 241.45
        },
        "20163": {
            "year_quarter": 20163,
            "year": 2016,
            "quarter": 3,
            "eps": 1.22,
            "eps_growth_year": 96.77,
            "eps_4q": 3.7,
            "eps_4q_growth_year": 90.52,
            "roe": 4.53,
            "roe_4q": 12.85,
            "gross_profit": 1168743,
            "gross_margin": 23.63,
            "gross_margin_4q_avg": 22.53,
            "net_income": 710947,
            "net_income_4q": null,
            "revenue": 4946231,
            "revenue_4q": null,
            "common_shares": 5180000,
            "book_valuer_per_share": 26.95,
            "book_valuer_per_share_4q_avg": 25.46,
            "equity": 15715535,
            "current_ratio": 175.5,
            "debt_ratio": 44.82,
            "inventory_turnover_ratio": 1.15,
            "account_receivable_turnover_ratio": 0.91,
            "reinvestment_rate": -14.04,
            "research_to_sale_ratio": 3.34,
            "price_fair": 84.93,
            "eps_avg_yearly": 2.43,
            "eps_latest_yearly": 4.88,
            "eps_growth_yearly": 229.77
        },
        "20164": {
            "year_quarter": 20164,
            "year": 2016,
            "quarter": 4,
            "eps": 1.12,
            "eps_growth_year": 85.47,
            "eps_4q": 4.17,
            "eps_4q_growth_year": 92.29,
            "roe": 3.81,
            "roe_4q": 14.56,
            "gross_profit": 1113645,
            "gross_margin": 23.73,
            "gross_margin_4q_avg": 23.61,
            "net_income": 608671,
            "net_income_4q": null,
            "revenue": 4693469,
            "revenue_4q": null,
            "common_shares": 5180000,
            "book_valuer_per_share": 27.94,
            "book_valuer_per_share_4q_avg": 26.26,
            "equity": 16226168,
            "current_ratio": 184.8,
            "debt_ratio": 43.66,
            "inventory_turnover_ratio": 1.08,
            "account_receivable_turnover_ratio": 0.8,
            "reinvestment_rate": 8.95,
            "research_to_sale_ratio": 3.08,
            "price_fair": 92.12,
            "eps_avg_yearly": 2.63,
            "eps_latest_yearly": 4.48,
            "eps_growth_yearly": 203.51
        },
        "20171": {
            "year_quarter": 20171,
            "year": 2017,
            "quarter": 1,
            "eps": 0.77,
            "eps_growth_year": 8.45,
            "eps_4q": 4.18,
            "eps_4q_growth_year": 59.3,
            "roe": 2.68,
            "roe_4q": 14.48,
            "gross_profit": 1059476,
            "gross_margin": 22.79,
            "gross_margin_4q_avg": 23.64,
            "net_income": 434764,
            "net_income_4q": null,
            "revenue": 4649562,
            "revenue_4q": null,
            "common_shares": 5180000,
            "book_valuer_per_share": 27.79,
            "book_valuer_per_share_4q_avg": 26.88,
            "equity": 16204750,
            "current_ratio": 180.22,
            "debt_ratio": 43.75,
            "inventory_turnover_ratio": 1.07,
            "account_receivable_turnover_ratio": 0.8,
            "reinvestment_rate": 18.19,
            "research_to_sale_ratio": 3.2,
            "price_fair": 93.55,
            "eps_avg_yearly": 2.67,
            "eps_latest_yearly": 3.08,
            "eps_growth_yearly": 173.65
        },
        "20172": {
            "year_quarter": 20172,
            "year": 2017,
            "quarter": 2,
            "eps": 0.86,
            "eps_growth_year": -5.49,
            "eps_4q": 4.05,
            "eps_4q_growth_year": 36.48,
            "roe": 3.05,
            "roe_4q": 14.07,
            "gross_profit": 1252284,
            "gross_margin": 24.42,
            "gross_margin_4q_avg": 23.64,
            "net_income": 495334,
            "net_income_4q": null,
            "revenue": 5127824,
            "revenue_4q": null,
            "common_shares": 5180000,
            "book_valuer_per_share": 27.96,
            "book_valuer_per_share_4q_avg": 27.66,
            "equity": 16315398,
            "current_ratio": 166.2,
            "debt_ratio": 45.61,
            "inventory_turnover_ratio": 1.16,
            "account_receivable_turnover_ratio": 0.86,
            "reinvestment_rate": 34.35,
            "research_to_sale_ratio": 3,
            "price_fair": 95.78,
            "eps_avg_yearly": 2.74,
            "eps_latest_yearly": 3.44,
            "eps_growth_yearly": 163.07
        },
        "20173": {
            "year_quarter": 20173,
            "year": 2017,
            "quarter": 3,
            "eps": 1.69,
            "eps_growth_year": 38.52,
            "eps_4q": 4.71,
            "eps_4q_growth_year": 27.42,
            "roe": 5.49,
            "roe_4q": 15.03,
            "gross_profit": 1584567,
            "gross_margin": 26.81,
            "gross_margin_4q_avg": 24.44,
            "net_income": 924439,
            "net_income_4q": null,
            "revenue": 5911259,
            "revenue_4q": null,
            "common_shares": 4858000,
            "book_valuer_per_share": 31.97,
            "book_valuer_per_share_4q_avg": 28.92,
            "equity": 17384022,
            "current_ratio": 157.21,
            "debt_ratio": 46.36,
            "inventory_turnover_ratio": 1.26,
            "account_receivable_turnover_ratio": 0.87,
            "reinvestment_rate": 60.09,
            "research_to_sale_ratio": 2.75,
            "price_fair": 106.62,
            "eps_avg_yearly": 3.05,
            "eps_latest_yearly": 6.76,
            "eps_growth_yearly": 180.22
        },
        "20174": {
            "year_quarter": 20174,
            "year": 2017,
            "quarter": 4,
            "eps": 1.87,
            "eps_growth_year": 67.7,
            "eps_4q": 5.4,
            "eps_4q_growth_year": 29.24,
            "roe": 5.21,
            "roe_4q": 16.43,
            "gross_profit": 1725658,
            "gross_margin": 28.97,
            "gross_margin_4q_avg": 25.75,
            "net_income": 950489,
            "net_income_4q": null,
            "revenue": 5956569,
            "revenue_4q": null,
            "common_shares": 4858000,
            "book_valuer_per_share": 35.27,
            "book_valuer_per_share_4q_avg": 30.75,
            "equity": 19075157,
            "current_ratio": 155.06,
            "debt_ratio": 45.58,
            "inventory_turnover_ratio": 1.16,
            "account_receivable_turnover_ratio": 0.81,
            "reinvestment_rate": 79.81,
            "research_to_sale_ratio": 2.85,
            "price_fair": 117.7,
            "eps_avg_yearly": 3.36,
            "eps_latest_yearly": 7.48,
            "eps_growth_yearly": 170.39
        },
        "20181": {
            "year_quarter": 20181,
            "year": 2018,
            "quarter": 1,
            "eps": 2.71,
            "eps_growth_year": 251.95,
            "eps_4q": 7.28,
            "eps_4q_growth_year": 74.17,
            "roe": 6.96,
            "roe_4q": 20.71,
            "gross_profit": 2377125,
            "gross_margin": 35.79,
            "gross_margin_4q_avg": 29,
            "net_income": 1392234,
            "net_income_4q": null,
            "revenue": 6642359,
            "revenue_4q": null,
            "common_shares": 4858000,
            "book_valuer_per_share": 38.99,
            "book_valuer_per_share_4q_avg": 33.55,
            "equity": 20952463,
            "current_ratio": 148.7,
            "debt_ratio": 45.25,
            "inventory_turnover_ratio": 1.1,
            "account_receivable_turnover_ratio": 0.85,
            "reinvestment_rate": 58.56,
            "research_to_sale_ratio": 2.47,
            "price_fair": 135.15,
            "eps_avg_yearly": 3.86,
            "eps_latest_yearly": 10.84,
            "eps_growth_yearly": 171.01
        },
        "20182": {
            "year_quarter": 20182,
            "year": 2018,
            "quarter": 2,
            "eps": 9.03,
            "eps_growth_year": 950,
            "eps_4q": 15.4,
            "eps_4q_growth_year": 279.84,
            "roe": 19.26,
            "roe_4q": 36.92,
            "gross_profit": 6451080,
            "gross_margin": 56.67,
            "gross_margin_4q_avg": 37.06,
            "net_income": 4623424,
            "net_income_4q": null,
            "revenue": 11384287,
            "revenue_4q": null,
            "common_shares": 4858000,
            "book_valuer_per_share": 50.98,
            "book_valuer_per_share_4q_avg": 39.3,
            "equity": 27068878,
            "current_ratio": 141.19,
            "debt_ratio": 47.97,
            "inventory_turnover_ratio": 1.19,
            "account_receivable_turnover_ratio": 1.1,
            "reinvestment_rate": 97.48,
            "research_to_sale_ratio": 1.93,
            "price_fair": 205.71,
            "eps_avg_yearly": 5.88,
            "eps_latest_yearly": 36.12,
            "eps_growth_yearly": 218.63
        },
        "20183": {
            "year_quarter": 20183,
            "year": 2018,
            "quarter": 3,
            "eps": 18.95,
            "eps_growth_year": 1021.3,
            "eps_4q": 32.52,
            "eps_4q_growth_year": 589.77,
            "roe": 31.4,
            "roe_4q": 62.83,
            "gross_profit": 12773446,
            "gross_margin": 70.77,
            "gross_margin_4q_avg": 48.05,
            "net_income": 9468525,
            "net_income_4q": null,
            "revenue": 18049456,
            "revenue_4q": null,
            "common_shares": 4858000,
            "book_valuer_per_share": 63.54,
            "book_valuer_per_share_4q_avg": 47.2,
            "equity": 33243111,
            "current_ratio": 165.64,
            "debt_ratio": 45.46,
            "inventory_turnover_ratio": 1.14,
            "account_receivable_turnover_ratio": 1.12,
            "reinvestment_rate": 54.4,
            "research_to_sale_ratio": 1.65,
            "price_fair": 367.68,
            "eps_avg_yearly": 10.51,
            "eps_latest_yearly": 75.8,
            "eps_growth_yearly": 161.09
        },
        "20184": {
            "year_quarter": 20184,
            "year": 2018,
            "quarter": 4,
            "eps": 10.07,
            "eps_growth_year": 438.25,
            "eps_4q": 40.78,
            "eps_4q_growth_year": 655.87,
            "roe": 14.3,
            "roe_4q": 71.92,
            "gross_profit": 7244388,
            "gross_margin": 62.03,
            "gross_margin_4q_avg": 56.32,
            "net_income": 5045269,
            "net_income_4q": null,
            "revenue": 11679232,
            "revenue_4q": null,
            "common_shares": 4858000,
            "book_valuer_per_share": 71.81,
            "book_valuer_per_share_4q_avg": 56.33,
            "equity": 37314643,
            "current_ratio": 172.23,
            "debt_ratio": 41.21,
            "inventory_turnover_ratio": 0.78,
            "account_receivable_turnover_ratio": 0.68,
            "reinvestment_rate": 48.76,
            "research_to_sale_ratio": 2.34,
            "price_fair": 453.16,
            "eps_avg_yearly": 12.95,
            "eps_latest_yearly": 40.28,
            "eps_growth_yearly": 157.33
        },
        "20191": {
            "year_quarter": 20191,
            "year": 2019,
            "quarter": 1,
            "eps": 4.77,
            "eps_growth_year": 76.01,
            "eps_4q": 42.7,
            "eps_4q_growth_year": 486.39,
            "roe": 6.24,
            "roe_4q": 71.2,
            "gross_profit": 3541319,
            "gross_margin": 42.7,
            "gross_margin_4q_avg": 58.04,
            "net_income": 2454126,
            "net_income_4q": null,
            "revenue": 8294214,
            "revenue_4q": null,
            "common_shares": 4858000,
            "book_valuer_per_share": 79.51,
            "book_valuer_per_share_4q_avg": 66.46,
            "equity": 41375779,
            "current_ratio": 197.22,
            "debt_ratio": 34.2,
            "inventory_turnover_ratio": 0.73,
            "account_receivable_turnover_ratio": 0.7,
            "reinvestment_rate": 53.41,
            "research_to_sale_ratio": 2.33,
            "price_fair": 493.15,
            "eps_avg_yearly": 14.09,
            "eps_latest_yearly": 19.08,
            "eps_growth_yearly": 152.51
        },
        "20192": {
            "year_quarter": 20192,
            "year": 2019,
            "quarter": 2,
            "eps": 3.03,
            "eps_growth_year": -66.45,
            "eps_4q": 36.73,
            "eps_4q_growth_year": 138.53,
            "roe": 4.19,
            "roe_4q": 56.129999999999995,
            "gross_profit": 2918233,
            "gross_margin": 37.04,
            "gross_margin_4q_avg": 53.14,
            "net_income": 1583604,
            "net_income_4q": null,
            "revenue": 7878534,
            "revenue_4q": null,
            "common_shares": 4858000,
            "book_valuer_per_share": 64.66,
            "book_valuer_per_share_4q_avg": 69.88,
            "equity": 34260259,
            "current_ratio": 141.84,
            "debt_ratio": 44.14,
            "inventory_turnover_ratio": 0.83,
            "account_receivable_turnover_ratio": 0.89,
            "reinvestment_rate": 53.8,
            "research_to_sale_ratio": 2.32,
            "price_fair": 515.64,
            "eps_avg_yearly": 14.73,
            "eps_latest_yearly": 12.12,
            "eps_growth_yearly": 110.89
        },
        "20193": {
            "year_quarter": 20193,
            "year": 2019,
            "quarter": 3,
            "eps": 3.57,
            "eps_growth_year": -81.16,
            "eps_4q": 21.39,
            "eps_4q_growth_year": -34.22,
            "roe": 5.24,
            "roe_4q": 29.97,
            "gross_profit": 2101699,
            "gross_margin": 28.99,
            "gross_margin_4q_avg": 42.69,
            "net_income": 1812087,
            "net_income_4q": null,
            "revenue": 7250883,
            "revenue_4q": null,
            "common_shares": 4858000,
            "book_valuer_per_share": 66.68,
            "book_valuer_per_share_4q_avg": 70.67,
            "equity": 34905235,
            "current_ratio": 169.73,
            "debt_ratio": 40.3,
            "inventory_turnover_ratio": 1.02,
            "account_receivable_turnover_ratio": 0.87,
            "reinvestment_rate": 50.03,
            "research_to_sale_ratio": 2.09,
            "price_fair": 541.45,
            "eps_avg_yearly": 15.47,
            "eps_latest_yearly": 14.28,
            "eps_growth_yearly": 106.65
        },
        "20194": {
            "year_quarter": 20194,
            "year": 2019,
            "quarter": 4,
            "eps": 2.36,
            "eps_growth_year": -76.59,
            "eps_4q": 13.71,
            "eps_4q_growth_year": -66.38,
            "roe": 3.45,
            "roe_4q": 19.120000000000005,
            "gross_profit": 1792866,
            "gross_margin": 26.72,
            "gross_margin_4q_avg": 33.86,
            "net_income": 1231379,
            "net_income_4q": null,
            "revenue": 6710549,
            "revenue_4q": null,
            "common_shares": 4858000,
            "book_valuer_per_share": 69.77,
            "book_valuer_per_share_4q_avg": 70.16,
            "equity": 36545157,
            "current_ratio": 178.17,
            "debt_ratio": 39.25,
            "inventory_turnover_ratio": 1.09,
            "account_receivable_turnover_ratio": 0.86,
            "reinvestment_rate": 54.27,
            "research_to_sale_ratio": 2.57,
            "price_fair": 556.85,
            "eps_avg_yearly": 15.91,
            "eps_latest_yearly": 9.44,
            "eps_growth_yearly": 98.98
        },
        "20201": {
            "year_quarter": 20201,
            "year": 2020,
            "quarter": 1,
            "eps": 1.35,
            "eps_growth_year": -71.7,
            "eps_4q": 10.3,
            "eps_4q_growth_year": -75.87,
            "roe": 1.97,
            "roe_4q": 14.850000000000001,
            "gross_profit": 1676846,
            "gross_margin": 26.27,
            "gross_margin_4q_avg": 29.76,
            "net_income": 708233,
            "net_income_4q": null,
            "revenue": 6382451,
            "revenue_4q": null,
            "common_shares": 4858000,
            "book_valuer_per_share": 67.84,
            "book_valuer_per_share_4q_avg": 67.24,
            "equity": 35510135,
            "current_ratio": 158.71,
            "debt_ratio": 41.08,
            "inventory_turnover_ratio": 1.07,
            "account_receivable_turnover_ratio": 0.88,
            "reinvestment_rate": 48.99,
            "research_to_sale_ratio": 2.6,
            "price_fair": 562.45,
            "eps_avg_yearly": 16.07,
            "eps_latest_yearly": 5.4,
            "eps_growth_yearly": 83.7
        },
        "20202": {
            "year_quarter": 20202,
            "year": 2020,
            "quarter": 2,
            "eps": 3.98,
            "eps_growth_year": 31.35,
            "eps_4q": 11.23,
            "eps_4q_growth_year": -69.42,
            "roe": 5.55,
            "roe_4q": 16.21,
            "gross_profit": 2967202,
            "gross_margin": 33.8,
            "gross_margin_4q_avg": 28.95,
            "net_income": 2069325,
            "net_income_4q": null,
            "revenue": 8778565,
            "revenue_4q": null,
            "common_shares": 4858000,
            "book_valuer_per_share": 67.11,
            "book_valuer_per_share_4q_avg": 67.85,
            "equity": 39108236,
            "current_ratio": 158.26,
            "debt_ratio": 47.08,
            "inventory_turnover_ratio": 1.22,
            "account_receivable_turnover_ratio": 1.03,
            "reinvestment_rate": 50.76,
            "research_to_sale_ratio": 2.15,
            "price_fair": 589.31,
            "eps_avg_yearly": 16.84,
            "eps_latest_yearly": 15.92,
            "eps_growth_yearly": 125.36
        },
        "20203": {
            "year_quarter": 20203,
            "year": 2020,
            "quarter": 3,
            "eps": 4.89,
            "eps_growth_year": 36.97,
            "eps_4q": 12.57,
            "eps_4q_growth_year": -41.23,
            "roe": 6.48,
            "roe_4q": 17.450000000000003,
            "gross_profit": 3539625,
            "gross_margin": 34.28,
            "gross_margin_4q_avg": 30.27,
            "net_income": 2629486,
            "net_income_4q": null,
            "revenue": 10325633,
            "revenue_4q": null,
            "common_shares": 4858000,
            "book_valuer_per_share": 72.94,
            "book_valuer_per_share_4q_avg": 69.42,
            "equity": 42110774,
            "current_ratio": 189.02,
            "debt_ratio": 45.06,
            "inventory_turnover_ratio": 1.26,
            "account_receivable_turnover_ratio": 0.98,
            "reinvestment_rate": 50.01,
            "research_to_sale_ratio": 2.42,
            "price_fair": 621.43,
            "eps_avg_yearly": 17.76,
            "eps_latest_yearly": 19.56,
            "eps_growth_yearly": 122.56
        },
        "20204": {
            "year_quarter": 20204,
            "year": 2020,
            "quarter": 4,
            "eps": 3.43,
            "eps_growth_year": 45.64,
            "eps_4q": 13.65,
            "eps_4q_growth_year": -0.44,
            "roe": 4.13,
            "roe_4q": 18.13,
            "gross_profit": 3059382,
            "gross_margin": 30.25,
            "gross_margin_4q_avg": 31.15,
            "net_income": 1810601,
            "net_income_4q": null,
            "revenue": 10112600,
            "revenue_4q": null,
            "common_shares": 4858000,
            "book_valuer_per_share": 79.5,
            "book_valuer_per_share_4q_avg": 71.85,
            "equity": 45654194,
            "current_ratio": 201.8,
            "debt_ratio": 44.38,
            "inventory_turnover_ratio": 1.21,
            "account_receivable_turnover_ratio": 0.91,
            "reinvestment_rate": 56.71,
            "research_to_sale_ratio": 2.56,
            "price_fair": 641.64,
            "eps_avg_yearly": 18.33,
            "eps_latest_yearly": 13.72,
            "eps_growth_yearly": 117.14
        },
        "20211": {
            "year_quarter": 20211,
            "year": 2021,
            "quarter": 1,
            "eps": 4.06,
            "eps_growth_year": 200.74,
            "eps_4q": 16.38,
            "eps_4q_growth_year": 58.96,
            "roe": 4.69,
            "roe_4q": 20.85,
            "gross_profit": 3084394,
            "gross_margin": 29.36,
            "gross_margin_4q_avg": 31.92,
            "net_income": 2211497,
            "net_income_4q": null,
            "revenue": 10505914,
            "revenue_4q": null,
            "common_shares": 4858043,
            "book_valuer_per_share": 85.08,
            "book_valuer_per_share_4q_avg": 76.16,
            "equity": 48608215,
            "current_ratio": 189.86,
            "debt_ratio": 42.92,
            "inventory_turnover_ratio": 1.2,
            "account_receivable_turnover_ratio": 0.93,
            "reinvestment_rate": 61.44,
            "research_to_sale_ratio": 2.42,
            "price_fair": 670.43,
            "eps_avg_yearly": 19.16,
            "eps_latest_yearly": 16.24,
            "eps_growth_yearly": 129.55
        },
        "20212": {
            "year_quarter": 20212,
            "year": 2021,
            "quarter": 2,
            "eps": 4.82,
            "eps_growth_year": 21.11,
            "eps_4q": 17.23,
            "eps_4q_growth_year": 53.41,
            "roe": 5.25,
            "roe_4q": 20.55,
            "gross_profit": 3968459,
            "gross_margin": 34.04,
            "gross_margin_4q_avg": 31.98,
            "net_income": 2546134,
            "net_income_4q": null,
            "revenue": 11656782,
            "revenue_4q": null,
            "common_shares": 4858043,
            "book_valuer_per_share": 84.21,
            "book_valuer_per_share_4q_avg": 80.43,
            "equity": 48314778,
            "current_ratio": 161.42,
            "debt_ratio": 46.58,
            "inventory_turnover_ratio": 1.13,
            "account_receivable_turnover_ratio": 0.97,
            "reinvestment_rate": 63.49,
            "research_to_sale_ratio": 2.46,
            "price_fair": 705.08,
            "eps_avg_yearly": 20.15,
            "eps_latest_yearly": 19.28,
            "eps_growth_yearly": 131.3
        },
        "20213": {
            "year_quarter": 20213,
            "year": 2021,
            "quarter": 3,
            "eps": 5.52,
            "eps_growth_year": 12.88,
            "eps_4q": 17.85,
            "eps_4q_growth_year": 41.97,
            "roe": 6.14,
            "roe_4q": 20.21,
            "gross_profit": 3529501,
            "gross_margin": 32.28,
            "gross_margin_4q_avg": 31.48,
            "net_income": 3003861,
            "net_income_4q": null,
            "revenue": 10934533,
            "revenue_4q": null,
            "common_shares": 4858043,
            "book_valuer_per_share": 86.89,
            "book_valuer_per_share_4q_avg": 83.92,
            "equity": 49563268,
            "current_ratio": 176.96,
            "debt_ratio": 46.45,
            "inventory_turnover_ratio": 0.94,
            "account_receivable_turnover_ratio": 0.89,
            "reinvestment_rate": 63.12,
            "research_to_sale_ratio": 2.21,
            "price_fair": 738.59,
            "eps_avg_yearly": 21.1,
            "eps_latest_yearly": 22.08,
            "eps_growth_yearly": 110.81
        },
        "20214": {
            "year_quarter": 20214,
            "year": 2021,
            "quarter": 4,
            "eps": 1.95,
            "eps_growth_year": -43.08,
            "eps_4q": 16.36,
            "eps_4q_growth_year": 19.84,
            "roe": 2.33,
            "roe_4q": 18.41,
            "gross_profit": 1930029,
            "gross_margin": 21.42,
            "gross_margin_4q_avg": 29.28,
            "net_income": 1199584,
            "net_income_4q": null,
            "revenue": 9011479,
            "revenue_4q": null,
            "common_shares": 4858043,
            "book_valuer_per_share": 91.56,
            "book_valuer_per_share_4q_avg": 86.94,
            "equity": 53529154,
            "current_ratio": 191.06,
            "debt_ratio": 43.16,
            "inventory_turnover_ratio": 0.78,
            "account_receivable_turnover_ratio": 0.79,
            "reinvestment_rate": 61.21,
            "research_to_sale_ratio": 3.03,
            "price_fair": 739.29,
            "eps_avg_yearly": 21.12,
            "eps_latest_yearly": 7.8,
            "eps_growth_yearly": 91.98
        },
        "20221": {
            "year_quarter": 20221,
            "year": 2022,
            "quarter": 1,
            "eps": 1.79,
            "eps_growth_year": -55.91,
            "eps_4q": 14.08,
            "eps_4q_growth_year": -13.99,
            "roe": 2.09,
            "roe_4q": 15.809999999999999,
            "gross_profit": 2032046,
            "gross_margin": 20.91,
            "gross_margin_4q_avg": 27.16,
            "net_income": 1139755,
            "net_income_4q": null,
            "revenue": 9716121,
            "revenue_4q": null,
            "common_shares": 4858043,
            "book_valuer_per_share": 94.91,
            "book_valuer_per_share_4q_avg": 89.39,
            "equity": 55388916,
            "current_ratio": 208.7,
            "debt_ratio": 41.13,
            "inventory_turnover_ratio": 0.79,
            "account_receivable_turnover_ratio": 0.88,
            "reinvestment_rate": 63.46,
            "research_to_sale_ratio": 2.93,
            "price_fair": 731.24,
            "eps_avg_yearly": 20.89,
            "eps_latest_yearly": 7.16,
            "eps_growth_yearly": 78.7
        },
        "20222": {
            "year_quarter": 20222,
            "year": 2022,
            "quarter": 2,
            "eps": 1.57,
            "eps_growth_year": -67.43,
            "eps_4q": 10.83,
            "eps_4q_growth_year": -37.15,
            "roe": 1.86,
            "roe_4q": 12.42,
            "gross_profit": 2148541,
            "gross_margin": 21.81,
            "gross_margin_4q_avg": 24.11,
            "net_income": 999789,
            "net_income_4q": null,
            "revenue": 9851179,
            "revenue_4q": null,
            "common_shares": 4858043,
            "book_valuer_per_share": 89.43,
            "book_valuer_per_share_4q_avg": 90.7,
            "equity": 52387610,
            "current_ratio": 200.26,
            "debt_ratio": 43.26,
            "inventory_turnover_ratio": 0.78,
            "account_receivable_turnover_ratio": 0.87,
            "reinvestment_rate": 46.71,
            "research_to_sale_ratio": 2.99,
            "price_fair": 519.83,
            "eps_avg_yearly": 19.03,
            "eps_latest_yearly": 6.28,
            "eps_growth_yearly": 17.32
        },
        "20223": {
            "year_quarter": 20223,
            "year": 2022,
            "quarter": 3,
            "eps": 1.05,
            "eps_growth_year": -80.98,
            "eps_4q": 6.36,
            "eps_4q_growth_year": -64.37,
            "roe": 1.37,
            "roe_4q": 7.65,
            "gross_profit": 1166711,
            "gross_margin": 14.18,
            "gross_margin_4q_avg": 19.58,
            "net_income": 729364,
            "net_income_4q": null,
            "revenue": 8227084,
            "revenue_4q": null,
            "common_shares": 4858043,
            "book_valuer_per_share": 92.09,
            "book_valuer_per_share_4q_avg": 92,
            "equity": 53975189,
            "current_ratio": 201.06,
            "debt_ratio": 41.87,
            "inventory_turnover_ratio": 0.74,
            "account_receivable_turnover_ratio": 0.75,
            "reinvestment_rate": 58.76,
            "research_to_sale_ratio": 3.4,
            "price_fair": 43.66,
            "eps_avg_yearly": 14.55,
            "eps_latest_yearly": 4.2,
            "eps_growth_yearly": -18.42
        },
        "20224": {
            "year_quarter": 20224,
            "year": 2022,
            "quarter": 4,
            "eps": -1,
            "eps_growth_year": -151.15,
            "eps_4q": 3.4,
            "eps_4q_growth_year": -79.19,
            "roe": -1.07,
            "roe_4q": 4.25,
            "gross_profit": 952450,
            "gross_margin": 12.69,
            "gross_margin_4q_avg": 17.4,
            "net_income": -573633,
            "net_income_4q": null,
            "revenue": 7502779,
            "revenue_4q": null,
            "common_shares": 4858043,
            "book_valuer_per_share": 91.34,
            "book_valuer_per_share_4q_avg": 91.94,
            "equity": 53584034,
            "current_ratio": 218.81,
            "debt_ratio": 41.59,
            "inventory_turnover_ratio": 0.77,
            "account_receivable_turnover_ratio": 0.76,
            "reinvestment_rate": 63.9,
            "research_to_sale_ratio": 3.65,
            "price_fair": 38.51,
            "eps_avg_yearly": 12.84,
            "eps_latest_yearly": 4.2,
            "eps_growth_yearly": -7.16
        },
        "20231": {
            "year_quarter": 20231,
            "year": 2023,
            "quarter": 1,
            "eps": 0.57,
            "eps_growth_year": -68.16,
            "eps_4q": 2.19,
            "eps_4q_growth_year": -84.47,
            "roe": 0.76,
            "roe_4q": 2.92,
            "gross_profit": 1049724,
            "gross_margin": 13.42,
            "gross_margin_4q_avg": 15.53,
            "net_income": 410266,
            "net_income_4q": null,
            "revenue": 7824942,
            "revenue_4q": null,
            "common_shares": 4858043,
            "book_valuer_per_share": 93.45,
            "book_valuer_per_share_4q_avg": 91.58,
            "equity": 54853004,
            "current_ratio": 194.73,
            "debt_ratio": 40.23,
            "inventory_turnover_ratio": 0.9,
            "account_receivable_turnover_ratio": 0.84,
            "reinvestment_rate": 56.57,
            "research_to_sale_ratio": 3.16,
            "price_fair": 215.24,
            "eps_avg_yearly": 12.39,
            "eps_latest_yearly": 4.2,
            "eps_growth_yearly": 7.37
        },
        "20232": {
            "year_quarter": 20232,
            "year": 2023,
            "quarter": 2,
            "eps": 1.74,
            "eps_growth_year": 10.83,
            "eps_4q": 2.36,
            "eps_4q_growth_year": -78.25,
            "roe": 1.93,
            "roe_4q": 2.99,
            "gross_profit": 1418586,
            "gross_margin": 17.25,
            "gross_margin_4q_avg": 14.39,
            "net_income": 1054260,
            "net_income_4q": null,
            "revenue": 8223217,
            "revenue_4q": null,
            "common_shares": 4858043,
            "book_valuer_per_share": 92.95,
            "book_valuer_per_share_4q_avg": 92.46,
            "equity": 54419168,
            "current_ratio": 144.62,
            "debt_ratio": 42.17,
            "inventory_turnover_ratio": 0.95,
            "account_receivable_turnover_ratio": 0.89,
            "reinvestment_rate": 51.46,
            "research_to_sale_ratio": 3.25,
            "price_fair": 420.8,
            "eps_avg_yearly": 12.02,
            "eps_latest_yearly": 6.96,
            "eps_growth_yearly": 76.44
        },
        "20233": {
            "year_quarter": 20233,
            "year": 2023,
            "quarter": 3,
            "eps": 2.19,
            "eps_growth_year": 108.57,
            "eps_4q": 3.49,
            "eps_4q_growth_year": -45.08,
            "roe": 2.34,
            "roe_4q": 3.959999999999999,
            "gross_profit": 1677640,
            "gross_margin": 19.3,
            "gross_margin_4q_avg": 15.67,
            "net_income": 1310617,
            "net_income_4q": null,
            "revenue": 8690175,
            "revenue_4q": null,
            "common_shares": 4858043,
            "book_valuer_per_share": 97.82,
            "book_valuer_per_share_4q_avg": 93.89,
            "equity": 57393372,
            "current_ratio": 170.47,
            "debt_ratio": 40.26,
            "inventory_turnover_ratio": 1,
            "account_receivable_turnover_ratio": 0.87,
            "reinvestment_rate": 53.39,
            "research_to_sale_ratio": 3.07,
            "price_fair": 407,
            "eps_avg_yearly": 11.63,
            "eps_latest_yearly": 8.76,
            "eps_growth_yearly": 78.74
        },
        "20234": {
            "year_quarter": 20234,
            "year": 2023,
            "quarter": 4,
            "eps": -0.4,
            "eps_growth_year": null,
            "eps_4q": 4.09,
            "eps_4q_growth_year": 20.24,
            "roe": -0.21,
            "roe_4q": 4.819999999999999,
            "gross_profit": 1691205,
            "gross_margin": 20.98,
            "gross_margin_4q_avg": 17.74,
            "net_income": -117221,
            "net_income_4q": null,
            "revenue": 8059337,
            "revenue_4q": null,
            "common_shares": 4858043,
            "book_valuer_per_share": 96.08,
            "book_valuer_per_share_4q_avg": 95.08,
            "equity": 56615776,
            "current_ratio": 149.23,
            "debt_ratio": 40.05,
            "inventory_turnover_ratio": 0.92,
            "account_receivable_turnover_ratio": 0.8,
            "reinvestment_rate": 43.25,
            "research_to_sale_ratio": 3.2,
            "price_fair": 412.89,
            "eps_avg_yearly": 11.8,
            "eps_latest_yearly": 8.76,
            "eps_growth_yearly": 95.22
        }
    },
    "months": {
        "2001-09": {
            "month": "2001-09",
            "price": "22.54",
            "revenue": 351297
        },
        "2001-10": {
            "month": "2001-10",
            "price": "21.58",
            "revenue": 407514
        },
        "2001-11": {
            "month": "2001-11",
            "price": "30.34",
            "revenue": 438009
        },
        "2001-12": {
            "month": "2001-12",
            "price": "41.28",
            "revenue": 320949
        },
        "2002-01": {
            "month": "2002-01",
            "price": "41.45",
            "revenue": 353192
        },
        "2002-02": {
            "month": "2002-02",
            "price": "35.43",
            "revenue": 317750
        },
        "2002-03": {
            "month": "2002-03",
            "price": "36.75",
            "revenue": 380928
        },
        "2002-04": {
            "month": "2002-04",
            "price": "43.30",
            "revenue": 401176
        },
        "2002-05": {
            "month": "2002-05",
            "price": "37.14",
            "revenue": 372277
        },
        "2002-06": {
            "month": "2002-06",
            "price": "30.82",
            "revenue": 372459
        },
        "2002-07": {
            "month": "2002-07",
            "price": "24.15",
            "revenue": 401265
        },
        "2002-08": {
            "month": "2002-08",
            "price": "23.69",
            "revenue": 427250
        },
        "2002-09": {
            "month": "2002-09",
            "price": "20.05",
            "revenue": 442899
        },
        "2002-10": {
            "month": "2002-10",
            "price": "18.45",
            "revenue": 477903
        },
        "2002-11": {
            "month": "2002-11",
            "price": "20.44",
            "revenue": 511301
        },
        "2002-12": {
            "month": "2002-12",
            "price": "19.80",
            "revenue": 425297
        },
        "2003-01": {
            "month": "2003-01",
            "price": "20.08",
            "revenue": 477065
        },
        "2003-02": {
            "month": "2003-02",
            "price": "19.02",
            "revenue": 441668
        },
        "2003-03": {
            "month": "2003-03",
            "price": "20.19",
            "revenue": 502180
        },
        "2003-04": {
            "month": "2003-04",
            "price": "21.03",
            "revenue": 500454
        },
        "2003-05": {
            "month": "2003-05",
            "price": "19.62",
            "revenue": 432416
        },
        "2003-06": {
            "month": "2003-06",
            "price": "25.12",
            "revenue": 357089
        },
        "2003-07": {
            "month": "2003-07",
            "price": "27.13",
            "revenue": 386931
        },
        "2003-08": {
            "month": "2003-08",
            "price": "24.51",
            "revenue": 502520
        },
        "2003-09": {
            "month": "2003-09",
            "price": "26.91",
            "revenue": 505784
        },
        "2003-10": {
            "month": "2003-10",
            "price": "27.52",
            "revenue": 483712
        },
        "2003-11": {
            "month": "2003-11",
            "price": "27.68",
            "revenue": 488077
        },
        "2003-12": {
            "month": "2003-12",
            "price": "26.01",
            "revenue": 463723
        },
        "2004-01": {
            "month": "2004-01",
            "price": "26.85",
            "revenue": 455531
        },
        "2004-02": {
            "month": "2004-02",
            "price": "28.16",
            "revenue": 501723
        },
        "2004-03": {
            "month": "2004-03",
            "price": "27.81",
            "revenue": 524695
        },
        "2004-04": {
            "month": "2004-04",
            "price": "30.74",
            "revenue": 538740
        },
        "2004-05": {
            "month": "2004-05",
            "price": "28.86",
            "revenue": 535148
        },
        "2004-06": {
            "month": "2004-06",
            "price": "23.55",
            "revenue": 494909
        },
        "2004-07": {
            "month": "2004-07",
            "price": "21.14",
            "revenue": 475576
        },
        "2004-08": {
            "month": "2004-08",
            "price": "20.30",
            "revenue": 478998
        },
        "2004-09": {
            "month": "2004-09",
            "price": "21.60",
            "revenue": 508143
        },
        "2004-10": {
            "month": "2004-10",
            "price": "19.80",
            "revenue": 565140
        },
        "2004-11": {
            "month": "2004-11",
            "price": "18.18",
            "revenue": 487419
        },
        "2004-12": {
            "month": "2004-12",
            "price": "17.96",
            "revenue": 465530
        },
        "2005-01": {
            "month": "2005-01",
            "price": "16.61",
            "revenue": 470418
        },
        "2005-02": {
            "month": "2005-02",
            "price": "16.29",
            "revenue": 343491
        },
        "2005-03": {
            "month": "2005-03",
            "price": "17.06",
            "revenue": 504518
        },
        "2005-04": {
            "month": "2005-04",
            "price": "16.27",
            "revenue": 493932
        },
        "2005-05": {
            "month": "2005-05",
            "price": "15.97",
            "revenue": 503521
        },
        "2005-06": {
            "month": "2005-06",
            "price": "18.28",
            "revenue": 538077
        },
        "2005-07": {
            "month": "2005-07",
            "price": "18.36",
            "revenue": 551585
        },
        "2005-08": {
            "month": "2005-08",
            "price": "15.95",
            "revenue": 917130
        },
        "2005-09": {
            "month": "2005-09",
            "price": "15.66",
            "revenue": 994845
        },
        "2005-10": {
            "month": "2005-10",
            "price": "15.69",
            "revenue": 1033233
        },
        "2005-11": {
            "month": "2005-11",
            "price": "17.27",
            "revenue": 1131793
        },
        "2005-12": {
            "month": "2005-12",
            "price": "23.32",
            "revenue": 1167907
        },
        "2006-01": {
            "month": "2006-01",
            "price": "33.95",
            "revenue": 1009544
        },
        "2006-02": {
            "month": "2006-02",
            "price": "31.72",
            "revenue": 975219
        },
        "2006-03": {
            "month": "2006-03",
            "price": "31.79",
            "revenue": 1098464
        },
        "2006-04": {
            "month": "2006-04",
            "price": "34.44",
            "revenue": 1049669
        },
        "2006-05": {
            "month": "2006-05",
            "price": "31.41",
            "revenue": 1205733
        },
        "2006-06": {
            "month": "2006-06",
            "price": "23.66",
            "revenue": 1280843
        },
        "2006-07": {
            "month": "2006-07",
            "price": "23.77",
            "revenue": 1330480
        },
        "2006-08": {
            "month": "2006-08",
            "price": "25.02",
            "revenue": 1471203
        },
        "2006-09": {
            "month": "2006-09",
            "price": "24.76",
            "revenue": 1554380
        },
        "2006-10": {
            "month": "2006-10",
            "price": "27.18",
            "revenue": 1574816
        },
        "2006-11": {
            "month": "2006-11",
            "price": "29.35",
            "revenue": 1580869
        },
        "2006-12": {
            "month": "2006-12",
            "price": "29.88",
            "revenue": 1283437
        },
        "2007-01": {
            "month": "2007-01",
            "price": "29.48",
            "revenue": 1277723
        },
        "2007-02": {
            "month": "2007-02",
            "price": "29.76",
            "revenue": 1110833
        },
        "2007-03": {
            "month": "2007-03",
            "price": "31.50",
            "revenue": 1359658
        },
        "2007-04": {
            "month": "2007-04",
            "price": "31.74",
            "revenue": 1637156
        },
        "2007-05": {
            "month": "2007-05",
            "price": "29.66",
            "revenue": 1663504
        },
        "2007-06": {
            "month": "2007-06",
            "price": "34.40",
            "revenue": 1596016
        },
        "2007-07": {
            "month": "2007-07",
            "price": "36.46",
            "revenue": 1744891
        },
        "2007-08": {
            "month": "2007-08",
            "price": "36.70",
            "revenue": 1901839
        },
        "2007-09": {
            "month": "2007-09",
            "price": "34.28",
            "revenue": 1903735
        },
        "2007-10": {
            "month": "2007-10",
            "price": "34.03",
            "revenue": 1970475
        },
        "2007-11": {
            "month": "2007-11",
            "price": "28.05",
            "revenue": 1774101
        },
        "2007-12": {
            "month": "2007-12",
            "price": "24.03",
            "revenue": 1661701
        },
        "2008-01": {
            "month": "2008-01",
            "price": "21.22",
            "revenue": 1641800
        },
        "2008-02": {
            "month": "2008-02",
            "price": "20.69",
            "revenue": 1294639
        },
        "2008-03": {
            "month": "2008-03",
            "price": "22.14",
            "revenue": 1600919
        },
        "2008-04": {
            "month": "2008-04",
            "price": "23.30",
            "revenue": 1744649
        },
        "2008-05": {
            "month": "2008-05",
            "price": "20.54",
            "revenue": 1725663
        },
        "2008-06": {
            "month": "2008-06",
            "price": "17.60",
            "revenue": 2703777
        },
        "2008-07": {
            "month": "2008-07",
            "price": "15.69",
            "revenue": 3601971
        },
        "2008-08": {
            "month": "2008-08",
            "price": "15.74",
            "revenue": 3652084
        },
        "2008-09": {
            "month": "2008-09",
            "price": "11.80",
            "revenue": 3860284
        },
        "2008-10": {
            "month": "2008-10",
            "price": "9.88",
            "revenue": 3534867
        },
        "2008-11": {
            "month": "2008-11",
            "price": "7.24",
            "revenue": 2331820
        },
        "2008-12": {
            "month": "2008-12",
            "price": "6.47",
            "revenue": 2057314
        },
        "2009-01": {
            "month": "2009-01",
            "price": "6.42",
            "revenue": 1649379
        },
        "2009-02": {
            "month": "2009-02",
            "price": "7.09",
            "revenue": 2158805
        },
        "2009-03": {
            "month": "2009-03",
            "price": "9.00",
            "revenue": 2775433
        },
        "2009-04": {
            "month": "2009-04",
            "price": "10.61",
            "revenue": 2897326
        },
        "2009-05": {
            "month": "2009-05",
            "price": "11.88",
            "revenue": 2581341
        },
        "2009-06": {
            "month": "2009-06",
            "price": "11.26",
            "revenue": 2857205
        },
        "2009-07": {
            "month": "2009-07",
            "price": "11.86",
            "revenue": 3032081
        },
        "2009-08": {
            "month": "2009-08",
            "price": "13.06",
            "revenue": 3281748
        },
        "2009-09": {
            "month": "2009-09",
            "price": "13.71",
            "revenue": 3628699
        },
        "2009-10": {
            "month": "2009-10",
            "price": "13.93",
            "revenue": 3357374
        },
        "2009-11": {
            "month": "2009-11",
            "price": "13.30",
            "revenue": 3159146
        },
        "2009-12": {
            "month": "2009-12",
            "price": "15.27",
            "revenue": 3009038
        },
        "2010-01": {
            "month": "2010-01",
            "price": "17.89",
            "revenue": 3260999
        },
        "2010-02": {
            "month": "2010-02",
            "price": "17.57",
            "revenue": 2708602
        },
        "2010-03": {
            "month": "2010-03",
            "price": "18.78",
            "revenue": 3492205
        },
        "2010-04": {
            "month": "2010-04",
            "price": "21.99",
            "revenue": 3446459
        },
        "2010-05": {
            "month": "2010-05",
            "price": "19.59",
            "revenue": 3578101
        },
        "2010-06": {
            "month": "2010-06",
            "price": "18.01",
            "revenue": 3684996
        },
        "2010-07": {
            "month": "2010-07",
            "price": "18.07",
            "revenue": 3497438
        },
        "2010-08": {
            "month": "2010-08",
            "price": "18.41",
            "revenue": 3605718
        },
        "2010-09": {
            "month": "2010-09",
            "price": "17.48",
            "revenue": 3652261
        },
        "2010-10": {
            "month": "2010-10",
            "price": "17.47",
            "revenue": 3317450
        },
        "2010-11": {
            "month": "2010-11",
            "price": "17.86",
            "revenue": 3137048
        },
        "2010-12": {
            "month": "2010-12",
            "price": "20.38",
            "revenue": 2795710
        },
        "2011-01": {
            "month": "2011-01",
            "price": "19.97",
            "revenue": 3017053
        },
        "2011-02": {
            "month": "2011-02",
            "price": "19.10",
            "revenue": 2400198
        },
        "2011-03": {
            "month": "2011-03",
            "price": "18.39",
            "revenue": 3353135
        },
        "2011-04": {
            "month": "2011-04",
            "price": "18.13",
            "revenue": 3496456
        },
        "2011-05": {
            "month": "2011-05",
            "price": "16.70",
            "revenue": 3711085
        },
        "2011-06": {
            "month": "2011-06",
            "price": "14.70",
            "revenue": 1956420
        },
        "2011-07": {
            "month": "2011-07",
            "price": "13.56",
            "revenue": 1244090
        },
        "2011-08": {
            "month": "2011-08",
            "price": "11.17",
            "revenue": 1265414
        },
        "2011-09": {
            "month": "2011-09",
            "price": "10.01",
            "revenue": 1287951
        },
        "2011-10": {
            "month": "2011-10",
            "price": "9.54",
            "revenue": 1169066
        },
        "2011-11": {
            "month": "2011-11",
            "price": "8.95",
            "revenue": 1166684
        },
        "2011-12": {
            "month": "2011-12",
            "price": "7.87",
            "revenue": 1079828
        },
        "2012-01": {
            "month": "2012-01",
            "price": "7.99",
            "revenue": 891315
        },
        "2012-02": {
            "month": "2012-02",
            "price": "10.00",
            "revenue": 1034137
        },
        "2012-03": {
            "month": "2012-03",
            "price": "10.00",
            "revenue": 1143620
        },
        "2012-04": {
            "month": "2012-04",
            "price": "8.18",
            "revenue": 1155362
        },
        "2012-05": {
            "month": "2012-05",
            "price": "7.68",
            "revenue": 1203820
        },
        "2012-06": {
            "month": "2012-06",
            "price": "7.22",
            "revenue": 1176326
        },
        "2012-07": {
            "month": "2012-07",
            "price": "7.01",
            "revenue": 1169485
        },
        "2012-08": {
            "month": "2012-08",
            "price": "6.94",
            "revenue": 1182970
        },
        "2012-09": {
            "month": "2012-09",
            "price": "7.49",
            "revenue": 1113583
        },
        "2012-10": {
            "month": "2012-10",
            "price": "7.02",
            "revenue": 996656
        },
        "2012-11": {
            "month": "2012-11",
            "price": "6.40",
            "revenue": 1036060
        },
        "2012-12": {
            "month": "2012-12",
            "price": "7.10",
            "revenue": 924909
        },
        "2013-01": {
            "month": "2013-01",
            "price": "7.12",
            "revenue": 1066214
        },
        "2013-02": {
            "month": "2013-02",
            "price": "7.02",
            "revenue": 793523
        },
        "2013-03": {
            "month": "2013-03",
            "price": "7.05",
            "revenue": 1046789
        },
        "2013-04": {
            "month": "2013-04",
            "price": "7.08",
            "revenue": 1128890
        },
        "2013-05": {
            "month": "2013-05",
            "price": "7.90",
            "revenue": 1190498
        },
        "2013-06": {
            "month": "2013-06",
            "price": "7.79",
            "revenue": 1110617
        },
        "2013-07": {
            "month": "2013-07",
            "price": "7.61",
            "revenue": 1157620
        },
        "2013-08": {
            "month": "2013-08",
            "price": "7.56",
            "revenue": 1124704
        },
        "2013-09": {
            "month": "2013-09",
            "price": "7.79",
            "revenue": 1121813
        },
        "2013-10": {
            "month": "2013-10",
            "price": "7.96",
            "revenue": 1079638
        },
        "2013-11": {
            "month": "2013-11",
            "price": "7.48",
            "revenue": 1140998
        },
        "2013-12": {
            "month": "2013-12",
            "price": "7.76",
            "revenue": 1146945
        },
        "2014-01": {
            "month": "2014-01",
            "price": "8.40",
            "revenue": 1104122
        },
        "2014-02": {
            "month": "2014-02",
            "price": "8.99",
            "revenue": 955718
        },
        "2014-03": {
            "month": "2014-03",
            "price": "8.91",
            "revenue": 1155491
        },
        "2014-04": {
            "month": "2014-04",
            "price": "9.05",
            "revenue": 1230096
        },
        "2014-05": {
            "month": "2014-05",
            "price": "9.42",
            "revenue": 1253002
        },
        "2014-06": {
            "month": "2014-06",
            "price": "12.12",
            "revenue": 1153324
        },
        "2014-07": {
            "month": "2014-07",
            "price": "11.66",
            "revenue": 1320545
        },
        "2014-08": {
            "month": "2014-08",
            "price": "11.45",
            "revenue": 1295026
        },
        "2014-09": {
            "month": "2014-09",
            "price": "11.59",
            "revenue": 1326304
        },
        "2014-10": {
            "month": "2014-10",
            "price": "10.60",
            "revenue": 1251770
        },
        "2014-11": {
            "month": "2014-11",
            "price": "10.93",
            "revenue": 1262169
        },
        "2014-12": {
            "month": "2014-12",
            "price": "12.11",
            "revenue": 1229553
        },
        "2015-01": {
            "month": "2015-01",
            "price": "12.09",
            "revenue": 1340550
        },
        "2015-02": {
            "month": "2015-02",
            "price": "13.90",
            "revenue": 1014895
        },
        "2015-03": {
            "month": "2015-03",
            "price": "14.54",
            "revenue": 1331679
        },
        "2015-04": {
            "month": "2015-04",
            "price": "14.28",
            "revenue": 1323131
        },
        "2015-05": {
            "month": "2015-05",
            "price": "13.74",
            "revenue": 1292260
        },
        "2015-06": {
            "month": "2015-06",
            "price": "13.81",
            "revenue": 1235551
        },
        "2015-07": {
            "month": "2015-07",
            "price": "11.00",
            "revenue": 1396949
        },
        "2015-08": {
            "month": "2015-08",
            "price": "11.43",
            "revenue": 1418521
        },
        "2015-09": {
            "month": "2015-09",
            "price": "12.42",
            "revenue": 1503088
        },
        "2015-10": {
            "month": "2015-10",
            "price": "16.03",
            "revenue": 1357574
        },
        "2015-11": {
            "month": "2015-11",
            "price": "17.90",
            "revenue": 1426907
        },
        "2015-12": {
            "month": "2015-12",
            "price": "19.26",
            "revenue": 1320626
        },
        "2016-01": {
            "month": "2016-01",
            "price": "17.87",
            "revenue": 1545467
        },
        "2016-02": {
            "month": "2016-02",
            "price": "19.22",
            "revenue": 1160540
        },
        "2016-03": {
            "month": "2016-03",
            "price": "25.41",
            "revenue": 1511762
        },
        "2016-04": {
            "month": "2016-04",
            "price": "25.96",
            "revenue": 1538784
        },
        "2016-05": {
            "month": "2016-05",
            "price": "28.29",
            "revenue": 1560457
        },
        "2016-06": {
            "month": "2016-06",
            "price": "30.12",
            "revenue": 1513534
        },
        "2016-07": {
            "month": "2016-07",
            "price": "29.42",
            "revenue": 1555345
        },
        "2016-08": {
            "month": "2016-08",
            "price": "32.34",
            "revenue": 1665384
        },
        "2016-09": {
            "month": "2016-09",
            "price": "36.33",
            "revenue": 1703364
        },
        "2016-10": {
            "month": "2016-10",
            "price": "38.12",
            "revenue": 1519882
        },
        "2016-11": {
            "month": "2016-11",
            "price": "35.66",
            "revenue": 1642917
        },
        "2016-12": {
            "month": "2016-12",
            "price": "35.00",
            "revenue": 1559238
        },
        "2017-01": {
            "month": "2017-01",
            "price": "35.66",
            "revenue": 1541015
        },
        "2017-02": {
            "month": "2017-02",
            "price": "39.48",
            "revenue": 1418198
        },
        "2017-03": {
            "month": "2017-03",
            "price": "47.08",
            "revenue": 1661197
        },
        "2017-04": {
            "month": "2017-04",
            "price": "52.10",
            "revenue": 1669389
        },
        "2017-05": {
            "month": "2017-05",
            "price": "52.90",
            "revenue": 1715759
        },
        "2017-06": {
            "month": "2017-06",
            "price": "53.46",
            "revenue": 1750599
        },
        "2017-07": {
            "month": "2017-07",
            "price": "53.36",
            "revenue": 1876905
        },
        "2017-08": {
            "month": "2017-08",
            "price": "60.20",
            "revenue": 1970586
        },
        "2017-09": {
            "month": "2017-09",
            "price": "73.64",
            "revenue": 2071797
        },
        "2017-10": {
            "month": "2017-10",
            "price": "79.88",
            "revenue": 1911430
        },
        "2017-11": {
            "month": "2017-11",
            "price": "85.92",
            "revenue": 2096814
        },
        "2017-12": {
            "month": "2017-12",
            "price": "104.09",
            "revenue": 1961306
        },
        "2018-01": {
            "month": "2018-01",
            "price": "102.59",
            "revenue": 2220599
        },
        "2018-02": {
            "month": "2018-02",
            "price": "88.58",
            "revenue": 1861426
        },
        "2018-03": {
            "month": "2018-03",
            "price": "105.13",
            "revenue": 2628959
        },
        "2018-04": {
            "month": "2018-04",
            "price": "153.67",
            "revenue": 3129186
        },
        "2018-05": {
            "month": "2018-05",
            "price": "295.45",
            "revenue": 3918320
        },
        "2018-06": {
            "month": "2018-06",
            "price": "382.08",
            "revenue": 4275884
        },
        "2018-07": {
            "month": "2018-07",
            "price": "407.02",
            "revenue": 5507020
        },
        "2018-08": {
            "month": "2018-08",
            "price": "287.98",
            "revenue": 6155513
        },
        "2018-09": {
            "month": "2018-09",
            "price": "242.18",
            "revenue": 6293725
        },
        "2018-10": {
            "month": "2018-10",
            "price": "164.41",
            "revenue": 4772379
        },
        "2018-11": {
            "month": "2018-11",
            "price": "162.98",
            "revenue": 4031214
        },
        "2018-12": {
            "month": "2018-12",
            "price": "169.57",
            "revenue": 3032771
        },
        "2019-01": {
            "month": "2019-01",
            "price": "160.19",
            "revenue": 3303075
        },
        "2019-02": {
            "month": "2019-02",
            "price": "189.96",
            "revenue": 2208200
        },
        "2019-03": {
            "month": "2019-03",
            "price": "187.32",
            "revenue": 2808608
        },
        "2019-04": {
            "month": "2019-04",
            "price": "206.00",
            "revenue": 2832540
        },
        "2019-05": {
            "month": "2019-05",
            "price": "167.59",
            "revenue": 2683980
        },
        "2019-06": {
            "month": "2019-06",
            "price": "156.87",
            "revenue": 2370274
        },
        "2019-07": {
            "month": "2019-07",
            "price": "172.57",
            "revenue": 2412477
        },
        "2019-08": {
            "month": "2019-08",
            "price": "154.48",
            "revenue": 2440065
        },
        "2019-09": {
            "month": "2019-09",
            "price": "161.29",
            "revenue": 2370686
        },
        "2019-10": {
            "month": "2019-10",
            "price": "182.69",
            "revenue": 2103332
        },
        "2019-11": {
            "month": "2019-11",
            "price": "170.71",
            "revenue": 2259692
        },
        "2019-12": {
            "month": "2019-12",
            "price": "192.43",
            "revenue": 2151762
        },
        "2020-01": {
            "month": "2020-01",
            "price": "233.00",
            "revenue": 2016556
        },
        "2020-02": {
            "month": "2020-02",
            "price": "235.05",
            "revenue": 1912222
        },
        "2020-03": {
            "month": "2020-03",
            "price": "175.41",
            "revenue": 2445505
        },
        "2020-04": {
            "month": "2020-04",
            "price": "192.82",
            "revenue": 2720924
        },
        "2020-05": {
            "month": "2020-05",
            "price": "194.62",
            "revenue": 2880415
        },
        "2020-06": {
            "month": "2020-06",
            "price": "190.82",
            "revenue": 3165209
        },
        "2020-07": {
            "month": "2020-07",
            "price": "179.20",
            "revenue": 3359950
        },
        "2020-08": {
            "month": "2020-08",
            "price": "173.62",
            "revenue": 3408491
        },
        "2020-09": {
            "month": "2020-09",
            "price": "158.41",
            "revenue": 3562907
        },
        "2020-10": {
            "month": "2020-10",
            "price": "161.45",
            "revenue": 3279048
        },
        "2020-11": {
            "month": "2020-11",
            "price": "185.45",
            "revenue": 3486280
        },
        "2020-12": {
            "month": "2020-12",
            "price": "221.20",
            "revenue": 3305956
        },
        "2021-01": {
            "month": "2021-01",
            "price": "232.28",
            "revenue": 3715008
        },
        "2021-02": {
            "month": "2021-02",
            "price": "254.58",
            "revenue": 2989663
        },
        "2021-03": {
            "month": "2021-03",
            "price": "250.93",
            "revenue": 3757920
        },
        "2021-04": {
            "month": "2021-04",
            "price": "248.76",
            "revenue": 3948602
        },
        "2021-05": {
            "month": "2021-05",
            "price": "204.69",
            "revenue": 3973519
        },
        "2021-06": {
            "month": "2021-06",
            "price": "209.95",
            "revenue": 3727263
        },
        "2021-07": {
            "month": "2021-07",
            "price": "210.41",
            "revenue": 3862886
        },
        "2021-08": {
            "month": "2021-08",
            "price": "191.75",
            "revenue": 3697119
        },
        "2021-09": {
            "month": "2021-09",
            "price": "170.45",
            "revenue": 3437001
        },
        "2021-10": {
            "month": "2021-10",
            "price": "147.32",
            "revenue": 2855365
        },
        "2021-11": {
            "month": "2021-11",
            "price": "165.09",
            "revenue": 3193438
        },
        "2021-12": {
            "month": "2021-12",
            "price": "167.02",
            "revenue": 2929940
        },
        "2022-01": {
            "month": "2022-01",
            "price": "160.72",
            "revenue": 3431162
        },
        "2022-02": {
            "month": "2022-02",
            "price": "155.00",
            "revenue": 2828103
        },
        "2022-03": {
            "month": "2022-03",
            "price": "143.20",
            "revenue": 3496751
        },
        "2022-04": {
            "month": "2022-04",
            "price": "129.32",
            "revenue": 3514993
        },
        "2022-05": {
            "month": "2022-05",
            "price": "112.00",
            "revenue": 3322124
        },
        "2022-06": {
            "month": "2022-06",
            "price": "104.49",
            "revenue": 3004507
        },
        "2022-07": {
            "month": "2022-07",
            "price": "95.43",
            "revenue": 2840653
        },
        "2022-08": {
            "month": "2022-08",
            "price": "93.83",
            "revenue": 2639851
        },
        "2022-09": {
            "month": "2022-09",
            "price": "85.07",
            "revenue": 2754062
        },
        "2022-10": {
            "month": "2022-10",
            "price": "76.38",
            "revenue": 2449754
        },
        "2022-11": {
            "month": "2022-11",
            "price": "84.56",
            "revenue": 2678244
        },
        "2022-12": {
            "month": "2022-12",
            "price": "81.89",
            "revenue": 2371653
        },
        "2023-01": {
            "month": "2023-01",
            "price": "84.36",
            "revenue": 2462289
        },
        "2023-02": {
            "month": "2023-02",
            "price": "98.33",
            "revenue": 2581865
        },
        "2023-03": {
            "month": "2023-03",
            "price": "96.24",
            "revenue": 2781731
        },
        "2023-04": {
            "month": "2023-04",
            "price": "100.56",
            "revenue": 2747135
        },
        "2023-05": {
            "month": "2023-05",
            "price": "98.75",
            "revenue": 2737487
        },
        "2023-06": {
            "month": "2023-06",
            "price": "97.02",
            "revenue": 2730607
        },
        "2023-07": {
            "month": "2023-07",
            "price": "96.40",
            "revenue": 2878994
        },
        "2023-08": {
            "month": "2023-08",
            "price": "93.69",
            "revenue": 2866961
        },
        "2023-09": {
            "month": "2023-09",
            "price": "105.36",
            "revenue": 2935063
        },
        "2023-10": {
            "month": "2023-10",
            "price": "104.64",
            "revenue": 2725831
        },
        "2023-11": {
            "month": "2023-11",
            "price": "121.89",
            "revenue": 2807530
        },
        "2023-12": {
            "month": "2023-12",
            "price": "129.43",
            "revenue": 2519566
        }
    }
}
