{
    "summary": {
        "stock_name": "揚博",
        "stock_id": "2493",
        "category": "電子零組件",
        "main_business": "印刷電路板(PCB)製程、檢測設備及製程用各式化學藥水.<br>液晶顯示器(LCD)製程、檢測設備.<br>半導體製程、檢測設備、材料及製程用各式化學品.",
        "website_url": "http://www.ampoc.com.tw",
        "ceo": "蘇勝義",
        "pe_ratio": 12,
        "report_year_from": 2001,
        "report_year_to": 2023,
        "age": 22,
        "eps_negative_percentage": 9,
        "eps_growth_avg": {
            "last_all": -8.09,
            "last_2y": 39.75,
            "last_4y": 25.02,
            "last_8y": 15.01,
            "last_12y": 15.86,
            "last_16y": 0.17,
            "last_20y": -8.09,
            "at_2006_last_3y": -31.05,
            "at_2007_last_3y": 3.25,
            "at_2008_last_3y": -15.49,
            "at_2009_last_3y": -46.92,
            "at_2010_last_3y": -56.26,
            "at_2011_last_3y": -26.12,
            "at_2012_last_3y": -6.53,
            "at_2013_last_3y": 18.44,
            "at_2014_last_3y": 24.84,
            "at_2015_last_3y": -4.38,
            "at_2016_last_3y": 2.36,
            "at_2017_last_3y": 2.49,
            "at_2018_last_3y": 1.36,
            "at_2019_last_3y": -1.17,
            "at_2020_last_3y": 4.12,
            "at_2021_last_3y": 13.05,
            "at_2022_last_3y": 21.39,
            "at_2023_last_3y": 21.39,
            "at_2006_last_all": -43.82,
            "at_2007_last_all": -34.47,
            "at_2008_last_all": -40.68,
            "at_2009_last_all": -49.15,
            "at_2010_last_all": -49.15,
            "at_2011_last_all": -31.34,
            "at_2012_last_all": -29.3,
            "at_2013_last_all": -28.87,
            "at_2014_last_all": -22.24,
            "at_2015_last_all": -22.35,
            "at_2016_last_all": -19.56,
            "at_2017_last_all": -19.91,
            "at_2018_last_all": -15.95,
            "at_2019_last_all": -17.06,
            "at_2020_last_all": -13.99,
            "at_2021_last_all": -12.59,
            "at_2022_last_all": -8.09,
            "at_2023_last_all": -8.09
        },
        "latest_eps": 5.44,
        "latest_price": 63,
        "latest_roe": 26.17,
        "latest_gross_margin": 38.65,
        "latest_equity": 2483857,
        "latest_revenue": 830417,
        "latest_gross_profit": 320949,
        "latest_net_income": 179980,
        "latest_debt_ratio": 45.9,
        "latest_current_ratio": 197.16,
        "latest_account_receivable_turnover_ratio": 0.91,
        "latest_inventory_turnover_ratio": 0.44,
        "latest_reinvestment_rate": -6.84,
        "latest_research_to_sale_ratio": 0.99
    },
    "eps_dividends": {
        "1999": {
            "cash": 2,
            "stock": 2,
            "eps": 0
        },
        "2000": {
            "cash": 2,
            "stock": 2,
            "eps": 0
        },
        "2001": {
            "cash": 1,
            "stock": 2,
            "eps": 2.74
        },
        "2002": {
            "cash": 1,
            "stock": 1,
            "eps": 0.49
        },
        "2003": {
            "cash": 0,
            "stock": 1,
            "eps": -1.53
        },
        "2004": {
            "cash": 0,
            "stock": 0,
            "eps": 1.01
        },
        "2005": {
            "cash": 0,
            "stock": 1,
            "eps": 1.27
        },
        "2006": {
            "cash": 1,
            "stock": 0,
            "eps": 1.03
        },
        "2007": {
            "cash": 1,
            "stock": 0,
            "eps": 1.06
        },
        "2008": {
            "cash": 1,
            "stock": 0,
            "eps": 0.3
        },
        "2009": {
            "cash": 0,
            "stock": 0,
            "eps": -0.35
        },
        "2010": {
            "cash": 0,
            "stock": 0,
            "eps": 1.8
        },
        "2011": {
            "cash": 5,
            "stock": 0,
            "eps": 3.48
        },
        "2012": {
            "cash": 0,
            "stock": 0,
            "eps": 3.03
        },
        "2013": {
            "cash": 2,
            "stock": 0,
            "eps": 2.27
        },
        "2014": {
            "cash": 2,
            "stock": 0,
            "eps": 3.27
        },
        "2015": {
            "cash": 3,
            "stock": 0,
            "eps": 2.5
        },
        "2016": {
            "cash": 2,
            "stock": 0,
            "eps": 2.85
        },
        "2017": {
            "cash": 2,
            "stock": 0,
            "eps": 2.15
        },
        "2018": {
            "cash": 2,
            "stock": 0,
            "eps": 3
        },
        "2019": {
            "cash": 3,
            "stock": 0,
            "eps": 1.99
        },
        "2020": {
            "cash": 3,
            "stock": 0,
            "eps": 2.69
        },
        "2021": {
            "cash": 3,
            "stock": 0,
            "eps": 2.99
        },
        "2022": {
            "cash": 3,
            "stock": 0,
            "eps": 5.17
        },
        "2023": {
            "cash": 4,
            "stock": 0,
            "eps": 1.57
        }
    },
    "dividends": {
        "1999-06-29": {
            "cash": 1.5,
            "stock": 2
        },
        "2000-06-22": {
            "cash": 1.5,
            "stock": 2
        },
        "2001-05-16": {
            "cash": 1,
            "stock": 2
        },
        "2002-06-21": {
            "cash": 1,
            "stock": 1
        },
        "2003-04-04": {
            "cash": 0.3,
            "stock": 0.5
        },
        "2005-04-27": {
            "cash": 0.3,
            "stock": 0.5
        },
        "2006-04-25": {
            "cash": 0.7,
            "stock": 0.3
        },
        "2007-03-22": {
            "cash": 0.7,
            "stock": 0.3
        },
        "2008-03-21": {
            "cash": 0.7,
            "stock": 0.3
        },
        "2009-03-27": {
            "cash": 0.25,
            "stock": 0
        },
        "2011-01-01": {
            "cash": 2.9,
            "stock": 0
        },
        "2011-03-24": {
            "cash": 1.5,
            "stock": 0
        },
        "2013-03-22": {
            "cash": 2.3,
            "stock": 0
        },
        "2014-06-20": {
            "cash": 2,
            "stock": 0
        },
        "2015-08-07": {
            "cash": 2.8,
            "stock": 0
        },
        "2016-08-10": {
            "cash": 2.3,
            "stock": 0
        },
        "2017-08-04": {
            "cash": 2.3,
            "stock": 0
        },
        "2018-08-10": {
            "cash": 1.75,
            "stock": 0
        },
        "2019-08-02": {
            "cash": 2.5,
            "stock": 0
        },
        "2020-08-05": {
            "cash": 2.5,
            "stock": 0
        },
        "2021-08-05": {
            "cash": 2.5,
            "stock": 0
        },
        "2022-08-05": {
            "cash": 2.75,
            "stock": 0
        },
        "2023-03-22": {
            "cash": 4,
            "stock": 0
        }
    },
    "prices": {
        "200101": "無",
        "200102": "無",
        "200103": "無",
        "200104": "無",
        "200105": "無",
        "200106": "無",
        "200107": "無",
        "200108": "無",
        "200109": "無",
        "200110": "無",
        "200111": "無",
        "200112": "無",
        "200201": "39.56",
        "200202": "41.19",
        "200203": "44.81",
        "200204": "44.00",
        "200205": "36.95",
        "200206": "31.94",
        "200207": "28.68",
        "200208": "20.26",
        "200209": "16.46",
        "200210": "18.10",
        "200211": "17.73",
        "200212": "16.25",
        "200301": "16.25",
        "200302": "15.44",
        "200303": "15.32",
        "200304": "14.35",
        "200305": "11.20",
        "200306": "13.27",
        "200307": "13.92",
        "200308": "11.54",
        "200309": "10.25",
        "200310": "11.38",
        "200311": "11.57",
        "200312": "11.22",
        "200401": "11.88",
        "200402": "14.16",
        "200403": "13.52",
        "200404": "14.10",
        "200405": "13.38",
        "200406": "13.15",
        "200407": "12.35",
        "200408": "12.17",
        "200409": "12.69",
        "200410": "13.03",
        "200411": "12.49",
        "200412": "12.57",
        "200501": "12.26",
        "200502": "12.02",
        "200503": "12.81",
        "200504": "12.73",
        "200505": "11.81",
        "200506": "12.41",
        "200507": "15.69",
        "200508": "15.38",
        "200509": "13.81",
        "200510": "12.68",
        "200511": "11.88",
        "200512": "13.27",
        "200601": "13.32",
        "200602": "12.19",
        "200603": "12.19",
        "200604": "14.14",
        "200605": "16.89",
        "200606": "15.30",
        "200607": "14.93",
        "200608": "13.75",
        "200609": "12.42",
        "200610": "12.94",
        "200611": "13.44",
        "200612": "14.45",
        "200701": "15.57",
        "200702": "15.50",
        "200703": "16.03",
        "200704": "16.10",
        "200705": "16.49",
        "200706": "20.62",
        "200707": "20.09",
        "200708": "15.94",
        "200709": "16.03",
        "200710": "15.70",
        "200711": "13.53",
        "200712": "11.58",
        "200801": "10.27",
        "200802": "10.76",
        "200803": "11.65",
        "200804": "12.52",
        "200805": "13.04",
        "200806": "12.12",
        "200807": "10.17",
        "200808": "10.01",
        "200809": "8.65",
        "200810": "7.58",
        "200811": "5.91",
        "200812": "6.44",
        "200901": "7.06",
        "200902": "6.77",
        "200903": "7.56",
        "200904": "8.91",
        "200905": "9.18",
        "200906": "8.42",
        "200907": "8.86",
        "200908": "10.73",
        "200909": "10.82",
        "200910": "13.02",
        "200911": "13.98",
        "200912": "21.74",
        "201001": "19.49",
        "201002": "17.08",
        "201003": "20.04",
        "201004": "19.47",
        "201005": "16.88",
        "201006": "16.59",
        "201007": "18.14",
        "201008": "18.35",
        "201009": "19.60",
        "201010": "20.29",
        "201011": "17.93",
        "201012": "18.40",
        "201101": "18.34",
        "201102": "18.64",
        "201103": "18.61",
        "201104": "19.99",
        "201105": "23.20",
        "201106": "22.05",
        "201107": "21.84",
        "201108": "19.30",
        "201109": "19.91",
        "201110": "20.47",
        "201111": "21.67",
        "201112": "20.09",
        "201201": "20.86",
        "201202": "25.22",
        "201203": "28.47",
        "201204": "28.72",
        "201205": "26.94",
        "201206": "25.68",
        "201207": "24.99",
        "201208": "24.31",
        "201209": "25.36",
        "201210": "24.68",
        "201211": "25.35",
        "201212": "26.17",
        "201301": "25.84",
        "201302": "25.82",
        "201303": "27.02",
        "201304": "28.02",
        "201305": "28.22",
        "201306": "27.44",
        "201307": "26.31",
        "201308": "25.01",
        "201309": "25.89",
        "201310": "25.15",
        "201311": "23.31",
        "201312": "23.11",
        "201401": "24.17",
        "201402": "24.93",
        "201403": "25.76",
        "201404": "26.50",
        "201405": "27.77",
        "201406": "29.44",
        "201407": "29.14",
        "201408": "29.14",
        "201409": "29.81",
        "201410": "28.59",
        "201411": "28.14",
        "201412": "28.52",
        "201501": "29.16",
        "201502": "29.18",
        "201503": "30.85",
        "201504": "32.08",
        "201505": "29.54",
        "201506": "27.36",
        "201507": "23.30",
        "201508": "18.36",
        "201509": "17.72",
        "201510": "19.45",
        "201511": "22.17",
        "201512": "21.77",
        "201601": "20.47",
        "201602": "22.35",
        "201603": "24.70",
        "201604": "25.68",
        "201605": "26.07",
        "201606": "26.80",
        "201607": "25.58",
        "201608": "26.01",
        "201609": "26.34",
        "201610": "25.53",
        "201611": "25.58",
        "201612": "26.88",
        "201701": "27.18",
        "201702": "28.43",
        "201703": "29.34",
        "201704": "28.29",
        "201705": "27.55",
        "201706": "27.33",
        "201707": "25.81",
        "201708": "25.16",
        "201709": "25.69",
        "201710": "26.07",
        "201711": "26.48",
        "201712": "26.26",
        "201801": "26.83",
        "201802": "26.32",
        "201803": "26.73",
        "201804": "26.06",
        "201805": "26.29",
        "201806": "26.49",
        "201807": "25.54",
        "201808": "25.70",
        "201809": "25.71",
        "201810": "24.69",
        "201811": "24.27",
        "201812": "24.63",
        "201901": "24.77",
        "201902": "25.76",
        "201903": "27.21",
        "201904": "30.25",
        "201905": "30.45",
        "201906": "30.19",
        "201907": "28.73",
        "201908": "27.57",
        "201909": "27.94",
        "201910": "28.22",
        "201911": "28.00",
        "201912": "27.68",
        "202001": "27.76",
        "202002": "27.41",
        "202003": "25.73",
        "202004": "28.10",
        "202005": "32.82",
        "202006": "35.17",
        "202007": "33.44",
        "202008": "32.18",
        "202009": "32.81",
        "202010": "33.92",
        "202011": "33.30",
        "202012": "33.88",
        "202101": "34.63",
        "202102": "34.56",
        "202103": "36.83",
        "202104": "40.23",
        "202105": "37.13",
        "202106": "38.47",
        "202107": "38.63",
        "202108": "38.82",
        "202109": "40.58",
        "202110": "38.09",
        "202111": "37.95",
        "202112": "37.92",
        "202201": "38.13",
        "202202": "39.73",
        "202203": "40.33",
        "202204": "41.73",
        "202205": "40.99",
        "202206": "41.97",
        "202207": "41.72",
        "202208": "42.46",
        "202209": "41.20",
        "202210": "40.27",
        "202211": "41.97",
        "202212": "43.20",
        "202301": "45.28",
        "202302": "49.07",
        "202303": "53.00",
        "202304": "53.21",
        "202305": "57.38"
    },
    "quarters": {
        "20011": {
            "year_quarter": 20011,
            "year": 2001,
            "quarter": 1,
            "eps": 1.16,
            "eps_growth_year": null,
            "eps_4q": null,
            "eps_4q_growth_year": null,
            "roe": 4.88,
            "roe_4q": 4.88,
            "gross_profit": 212968,
            "gross_margin": 30.56,
            "gross_margin_4q_avg": 30.56,
            "net_income": 85302,
            "revenue": 696816,
            "common_shares": 737291,
            "book_valuer_per_share": 24.34,
            "book_valuer_per_share_4q_avg": 24.34,
            "equity": 1794513,
            "current_ratio": 195.27,
            "debt_ratio": 44.2,
            "inventory_turnover_ratio": 0.89,
            "account_receivable_turnover_ratio": null,
            "reinvestment_rate": null,
            "research_to_sale_ratio": null,
            "price_fair": 0,
            "eps_avg_yearly": 0,
            "eps_latest_yearly": 0,
            "eps_growth_yearly": 0
        },
        "20012": {
            "year_quarter": 20012,
            "year": 2001,
            "quarter": 2,
            "eps": 0.85,
            "eps_growth_year": null,
            "eps_4q": null,
            "eps_4q_growth_year": null,
            "roe": 4.31,
            "roe_4q": 9.19,
            "gross_profit": 162110,
            "gross_margin": 27.08,
            "gross_margin_4q_avg": 28.82,
            "net_income": 77263,
            "revenue": 598577,
            "common_shares": 905000,
            "book_valuer_per_share": 19.79,
            "book_valuer_per_share_4q_avg": 22.07,
            "equity": 1790567,
            "current_ratio": 197.58,
            "debt_ratio": 39.28,
            "inventory_turnover_ratio": 0.85,
            "account_receivable_turnover_ratio": null,
            "reinvestment_rate": null,
            "research_to_sale_ratio": null,
            "price_fair": 0,
            "eps_avg_yearly": 0,
            "eps_latest_yearly": 0,
            "eps_growth_yearly": 0
        },
        "20013": {
            "year_quarter": 20013,
            "year": 2001,
            "quarter": 3,
            "eps": 0.43,
            "eps_growth_year": null,
            "eps_4q": null,
            "eps_4q_growth_year": null,
            "roe": 2.16,
            "roe_4q": 11.35,
            "gross_profit": 141144,
            "gross_margin": 32.25,
            "gross_margin_4q_avg": 29.96,
            "net_income": 39158,
            "revenue": 437653,
            "common_shares": 905000,
            "book_valuer_per_share": 20.22,
            "book_valuer_per_share_4q_avg": 21.45,
            "equity": 1829725,
            "current_ratio": 276.48,
            "debt_ratio": 28.18,
            "inventory_turnover_ratio": 0.67,
            "account_receivable_turnover_ratio": null,
            "reinvestment_rate": null,
            "research_to_sale_ratio": null,
            "price_fair": 0,
            "eps_avg_yearly": 0,
            "eps_latest_yearly": 0,
            "eps_growth_yearly": 0
        },
        "20014": {
            "year_quarter": 20014,
            "year": 2001,
            "quarter": 4,
            "eps": 0.3,
            "eps_growth_year": null,
            "eps_4q": 2.55,
            "eps_4q_growth_year": null,
            "roe": 1.46,
            "roe_4q": 12.809999999999999,
            "gross_profit": 113428,
            "gross_margin": 22.92,
            "gross_margin_4q_avg": 28.2,
            "net_income": 26926,
            "revenue": 494785,
            "common_shares": 905000,
            "book_valuer_per_share": 20.52,
            "book_valuer_per_share_4q_avg": 21.22,
            "equity": 1856651,
            "current_ratio": 348.71,
            "debt_ratio": 26.48,
            "inventory_turnover_ratio": 1.06,
            "account_receivable_turnover_ratio": null,
            "reinvestment_rate": null,
            "research_to_sale_ratio": null,
            "price_fair": 0,
            "eps_avg_yearly": 0,
            "eps_latest_yearly": 0,
            "eps_growth_yearly": 0
        },
        "20021": {
            "year_quarter": 20021,
            "year": 2002,
            "quarter": 1,
            "eps": 0.16,
            "eps_growth_year": -86.21,
            "eps_4q": 1.73,
            "eps_4q_growth_year": null,
            "roe": 0.79,
            "roe_4q": 8.719999999999999,
            "gross_profit": 91362,
            "gross_margin": 25.79,
            "gross_margin_4q_avg": 27.01,
            "net_income": 14647,
            "revenue": 354227,
            "common_shares": 905000,
            "book_valuer_per_share": 20.68,
            "book_valuer_per_share_4q_avg": 20.3,
            "equity": 1871298,
            "current_ratio": 347.07,
            "debt_ratio": 26.55,
            "inventory_turnover_ratio": 0.83,
            "account_receivable_turnover_ratio": null,
            "reinvestment_rate": null,
            "research_to_sale_ratio": null,
            "price_fair": 1.92,
            "eps_avg_yearly": 0.64,
            "eps_latest_yearly": 0.64,
            "eps_growth_yearly": -186.67
        },
        "20022": {
            "year_quarter": 20022,
            "year": 2002,
            "quarter": 2,
            "eps": -0.02,
            "eps_growth_year": -102.35,
            "eps_4q": 0.86,
            "eps_4q_growth_year": null,
            "roe": -0.14,
            "roe_4q": 4.27,
            "gross_profit": 95365,
            "gross_margin": 19.96,
            "gross_margin_4q_avg": 25.23,
            "net_income": -2474,
            "revenue": 477869,
            "common_shares": 905000,
            "book_valuer_per_share": 19.52,
            "book_valuer_per_share_4q_avg": 20.24,
            "equity": 1766717,
            "current_ratio": 286.86,
            "debt_ratio": 30.36,
            "inventory_turnover_ratio": 1.23,
            "account_receivable_turnover_ratio": null,
            "reinvestment_rate": null,
            "research_to_sale_ratio": null,
            "price_fair": 1.92,
            "eps_avg_yearly": 0.64,
            "eps_latest_yearly": 0.64,
            "eps_growth_yearly": -186.67
        },
        "20023": {
            "year_quarter": 20023,
            "year": 2002,
            "quarter": 3,
            "eps": -0.37,
            "eps_growth_year": -186.05,
            "eps_4q": 0.01,
            "eps_4q_growth_year": null,
            "roe": -2.17,
            "roe_4q": -0.06000000000000005,
            "gross_profit": 54411,
            "gross_margin": 13.46,
            "gross_margin_4q_avg": 20.53,
            "net_income": -37870,
            "revenue": 404094,
            "common_shares": 1012000,
            "book_valuer_per_share": 17.04,
            "book_valuer_per_share_4q_avg": 19.44,
            "equity": 1724924,
            "current_ratio": 269.51,
            "debt_ratio": 30.74,
            "inventory_turnover_ratio": 1.16,
            "account_receivable_turnover_ratio": null,
            "reinvestment_rate": null,
            "research_to_sale_ratio": null,
            "price_fair": 1.92,
            "eps_avg_yearly": 0.64,
            "eps_latest_yearly": 0.64,
            "eps_growth_yearly": -186.67
        },
        "20024": {
            "year_quarter": 20024,
            "year": 2002,
            "quarter": 4,
            "eps": 0.72,
            "eps_growth_year": 140,
            "eps_4q": 0.47,
            "eps_4q_growth_year": -81.73,
            "roe": 4.12,
            "roe_4q": 2.6,
            "gross_profit": 134088,
            "gross_margin": 26.28,
            "gross_margin_4q_avg": 21.37,
            "net_income": 72652,
            "revenue": 510250,
            "common_shares": 1012000,
            "book_valuer_per_share": 17.77,
            "book_valuer_per_share_4q_avg": 18.75,
            "equity": 1798408,
            "current_ratio": 295.65,
            "debt_ratio": 29.03,
            "inventory_turnover_ratio": 1.34,
            "account_receivable_turnover_ratio": null,
            "reinvestment_rate": null,
            "research_to_sale_ratio": null,
            "price_fair": 1.92,
            "eps_avg_yearly": 0.64,
            "eps_latest_yearly": 0.64,
            "eps_growth_yearly": -186.67
        },
        "20031": {
            "year_quarter": 20031,
            "year": 2003,
            "quarter": 1,
            "eps": -0.28,
            "eps_growth_year": -275,
            "eps_4q": 0.04,
            "eps_4q_growth_year": -97.73,
            "roe": -1.59,
            "roe_4q": 0.2200000000000003,
            "gross_profit": 44668,
            "gross_margin": 12.28,
            "gross_margin_4q_avg": 18,
            "net_income": -28349,
            "revenue": 363878,
            "common_shares": 1012000,
            "book_valuer_per_share": 17.47,
            "book_valuer_per_share_4q_avg": 17.95,
            "equity": 1767793,
            "current_ratio": 310.31,
            "debt_ratio": 27.01,
            "inventory_turnover_ratio": 1.21,
            "account_receivable_turnover_ratio": null,
            "reinvestment_rate": null,
            "research_to_sale_ratio": null,
            "price_fair": 1.92,
            "eps_avg_yearly": 0.64,
            "eps_latest_yearly": 0.64,
            "eps_growth_yearly": -186.67
        },
        "20032": {
            "year_quarter": 20032,
            "year": 2003,
            "quarter": 2,
            "eps": -1.37,
            "eps_growth_year": null,
            "eps_4q": -1.38,
            "eps_4q_growth_year": -259.34,
            "roe": -8.68,
            "roe_4q": -8.32,
            "gross_profit": 56384,
            "gross_margin": 13.8,
            "gross_margin_4q_avg": 16.46,
            "net_income": -145873,
            "revenue": 408541,
            "common_shares": 1012000,
            "book_valuer_per_share": 15.75,
            "book_valuer_per_share_4q_avg": 17.01,
            "equity": 1594178,
            "current_ratio": 318.45,
            "debt_ratio": 41,
            "inventory_turnover_ratio": 1.41,
            "account_receivable_turnover_ratio": null,
            "reinvestment_rate": null,
            "research_to_sale_ratio": null,
            "price_fair": 1.92,
            "eps_avg_yearly": 0.64,
            "eps_latest_yearly": 0.64,
            "eps_growth_yearly": -186.67
        },
        "20033": {
            "year_quarter": 20033,
            "year": 2003,
            "quarter": 3,
            "eps": -0.17,
            "eps_growth_year": null,
            "eps_4q": -1.12,
            "eps_4q_growth_year": -9319.86,
            "roe": -1.12,
            "roe_4q": -7.2700000000000005,
            "gross_profit": 68912,
            "gross_margin": 15.07,
            "gross_margin_4q_avg": 16.86,
            "net_income": -17713,
            "revenue": 457290,
            "common_shares": 1065350,
            "book_valuer_per_share": 14.83,
            "book_valuer_per_share_4q_avg": 16.46,
            "equity": 1579679,
            "current_ratio": 323.26,
            "debt_ratio": 40.4,
            "inventory_turnover_ratio": 1.68,
            "account_receivable_turnover_ratio": null,
            "reinvestment_rate": null,
            "research_to_sale_ratio": null,
            "price_fair": 1.92,
            "eps_avg_yearly": 0.64,
            "eps_latest_yearly": 0.64,
            "eps_growth_yearly": -186.67
        },
        "20034": {
            "year_quarter": 20034,
            "year": 2003,
            "quarter": 4,
            "eps": 0.29,
            "eps_growth_year": -59.72,
            "eps_4q": -1.53,
            "eps_4q_growth_year": -428.07,
            "roe": 1.95,
            "roe_4q": -9.44,
            "gross_profit": 107256,
            "gross_margin": 19.01,
            "gross_margin_4q_avg": 15.04,
            "net_income": 30640,
            "revenue": 564276,
            "common_shares": 1065350,
            "book_valuer_per_share": 14.6,
            "book_valuer_per_share_4q_avg": 15.66,
            "equity": 1555715,
            "current_ratio": 272.74,
            "debt_ratio": 43.8,
            "inventory_turnover_ratio": 2.1,
            "account_receivable_turnover_ratio": null,
            "reinvestment_rate": null,
            "research_to_sale_ratio": null,
            "price_fair": 1.92,
            "eps_avg_yearly": 0.64,
            "eps_latest_yearly": 0.64,
            "eps_growth_yearly": -186.67
        },
        "20041": {
            "year_quarter": 20041,
            "year": 2004,
            "quarter": 1,
            "eps": 0.2,
            "eps_growth_year": null,
            "eps_4q": -1.1,
            "eps_4q_growth_year": -2918.49,
            "roe": 1.3,
            "roe_4q": -6.55,
            "gross_profit": 78458,
            "gross_margin": 16.35,
            "gross_margin_4q_avg": 16.06,
            "net_income": 20420,
            "revenue": 479989,
            "common_shares": 1015350,
            "book_valuer_per_share": 15.52,
            "book_valuer_per_share_4q_avg": 15.18,
            "equity": 1576135,
            "current_ratio": 275.49,
            "debt_ratio": 43.29,
            "inventory_turnover_ratio": 1.73,
            "account_receivable_turnover_ratio": null,
            "reinvestment_rate": null,
            "research_to_sale_ratio": null,
            "price_fair": 2.16,
            "eps_avg_yearly": 0.72,
            "eps_latest_yearly": 0.8,
            "eps_growth_yearly": -155.4
        },
        "20042": {
            "year_quarter": 20042,
            "year": 2004,
            "quarter": 2,
            "eps": 0.33,
            "eps_growth_year": null,
            "eps_4q": 0.66,
            "eps_4q_growth_year": null,
            "roe": 2.12,
            "roe_4q": 4.25,
            "gross_profit": 132294,
            "gross_margin": 15.16,
            "gross_margin_4q_avg": 16.4,
            "net_income": 33208,
            "revenue": 872877,
            "common_shares": 1015350,
            "book_valuer_per_share": 15.39,
            "book_valuer_per_share_4q_avg": 15.09,
            "equity": 1562747,
            "current_ratio": 221.92,
            "debt_ratio": 48.74,
            "inventory_turnover_ratio": 2.92,
            "account_receivable_turnover_ratio": null,
            "reinvestment_rate": null,
            "research_to_sale_ratio": null,
            "price_fair": 2.76,
            "eps_avg_yearly": 0.92,
            "eps_latest_yearly": 1.32,
            "eps_growth_yearly": -16.93
        },
        "20043": {
            "year_quarter": 20043,
            "year": 2004,
            "quarter": 3,
            "eps": 0.44,
            "eps_growth_year": null,
            "eps_4q": 1.28,
            "eps_4q_growth_year": null,
            "roe": 2.8,
            "roe_4q": 8.17,
            "gross_profit": 167409,
            "gross_margin": 23.11,
            "gross_margin_4q_avg": 18.41,
            "net_income": 44365,
            "revenue": 724292,
            "common_shares": 980670,
            "book_valuer_per_share": 16.39,
            "book_valuer_per_share_4q_avg": 15.48,
            "equity": 1607112,
            "current_ratio": 232.96,
            "debt_ratio": 47.41,
            "inventory_turnover_ratio": 2.17,
            "account_receivable_turnover_ratio": null,
            "reinvestment_rate": null,
            "research_to_sale_ratio": null,
            "price_fair": 34.61,
            "eps_avg_yearly": 1.13,
            "eps_latest_yearly": 1.76,
            "eps_growth_yearly": 20.63
        },
        "20044": {
            "year_quarter": 20044,
            "year": 2004,
            "quarter": 4,
            "eps": 0.04,
            "eps_growth_year": -86.21,
            "eps_4q": 0.96,
            "eps_4q_growth_year": null,
            "roe": 0.26,
            "roe_4q": 6.4799999999999995,
            "gross_profit": 145476,
            "gross_margin": 15.56,
            "gross_margin_4q_avg": 17.55,
            "net_income": 4238,
            "revenue": 935225,
            "common_shares": 980670,
            "book_valuer_per_share": 16.42,
            "book_valuer_per_share_4q_avg": 15.93,
            "equity": 1610533,
            "current_ratio": 216.15,
            "debt_ratio": 50.13,
            "inventory_turnover_ratio": 2.93,
            "account_receivable_turnover_ratio": null,
            "reinvestment_rate": -35.63,
            "research_to_sale_ratio": null,
            "price_fair": 2.81,
            "eps_avg_yearly": 0.94,
            "eps_latest_yearly": 0.16,
            "eps_growth_yearly": -56.22
        },
        "20051": {
            "year_quarter": 20051,
            "year": 2005,
            "quarter": 1,
            "eps": 0.3,
            "eps_growth_year": 50,
            "eps_4q": 1.13,
            "eps_4q_growth_year": null,
            "roe": 1.82,
            "roe_4q": 7,
            "gross_profit": 120885,
            "gross_margin": 15.99,
            "gross_margin_4q_avg": 17.46,
            "net_income": 29521,
            "revenue": 755857,
            "common_shares": 980670,
            "book_valuer_per_share": 16.72,
            "book_valuer_per_share_4q_avg": 16.23,
            "equity": 1640054,
            "current_ratio": 246.03,
            "debt_ratio": 46.64,
            "inventory_turnover_ratio": 2.48,
            "account_receivable_turnover_ratio": null,
            "reinvestment_rate": -58.58,
            "research_to_sale_ratio": null,
            "price_fair": 34.3,
            "eps_avg_yearly": 0.98,
            "eps_latest_yearly": 1.2,
            "eps_growth_yearly": 386.48
        },
        "20052": {
            "year_quarter": 20052,
            "year": 2005,
            "quarter": 2,
            "eps": 0.45,
            "eps_growth_year": 36.36,
            "eps_4q": 1.25,
            "eps_4q_growth_year": 88.56,
            "roe": 2.68,
            "roe_4q": 7.56,
            "gross_profit": 138562,
            "gross_margin": 18.65,
            "gross_margin_4q_avg": 18.33,
            "net_income": 44106,
            "revenue": 742822,
            "common_shares": 980670,
            "book_valuer_per_share": 16.85,
            "book_valuer_per_share_4q_avg": 16.6,
            "equity": 1652096,
            "current_ratio": 255.51,
            "debt_ratio": 45.98,
            "inventory_turnover_ratio": 2.68,
            "account_receivable_turnover_ratio": null,
            "reinvestment_rate": -74.12,
            "research_to_sale_ratio": null,
            "price_fair": 38.4,
            "eps_avg_yearly": 1.1,
            "eps_latest_yearly": 1.8,
            "eps_growth_yearly": 359.84
        },
        "20053": {
            "year_quarter": 20053,
            "year": 2005,
            "quarter": 3,
            "eps": 0.46,
            "eps_growth_year": 4.55,
            "eps_4q": 1.21,
            "eps_4q_growth_year": -4.9,
            "roe": 2.76,
            "roe_4q": 7.52,
            "gross_profit": 157398,
            "gross_margin": 18.58,
            "gross_margin_4q_avg": 17.2,
            "net_income": 47552,
            "revenue": 847033,
            "common_shares": 1114330,
            "book_valuer_per_share": 16.14,
            "book_valuer_per_share_4q_avg": 16.53,
            "equity": 1798905,
            "current_ratio": 250.88,
            "debt_ratio": 43.95,
            "inventory_turnover_ratio": 3.41,
            "account_receivable_turnover_ratio": null,
            "reinvestment_rate": -68.59,
            "research_to_sale_ratio": null,
            "price_fair": 41.65,
            "eps_avg_yearly": 1.19,
            "eps_latest_yearly": 1.84,
            "eps_growth_yearly": 315.97
        },
        "20054": {
            "year_quarter": 20054,
            "year": 2005,
            "quarter": 4,
            "eps": 0.06,
            "eps_growth_year": 50,
            "eps_4q": 1.2,
            "eps_4q_growth_year": 24.18,
            "roe": 0.35,
            "roe_4q": 7.61,
            "gross_profit": 134236,
            "gross_margin": 19.59,
            "gross_margin_4q_avg": 18.2,
            "net_income": 6388,
            "revenue": 685157,
            "common_shares": 1128433,
            "book_valuer_per_share": 16.16,
            "book_valuer_per_share_4q_avg": 16.47,
            "equity": 1823433,
            "current_ratio": 216.39,
            "debt_ratio": 40.08,
            "inventory_turnover_ratio": 2.45,
            "account_receivable_turnover_ratio": null,
            "reinvestment_rate": -78.8,
            "research_to_sale_ratio": null,
            "price_fair": 37.96,
            "eps_avg_yearly": 1.08,
            "eps_latest_yearly": 0.24,
            "eps_growth_yearly": 242.22
        },
        "20061": {
            "year_quarter": 20061,
            "year": 2006,
            "quarter": 1,
            "eps": 0.72,
            "eps_growth_year": 140,
            "eps_4q": 1.59,
            "eps_4q_growth_year": 40.18,
            "roe": 4.34,
            "roe_4q": 10.129999999999999,
            "gross_profit": 139242,
            "gross_margin": 21.78,
            "gross_margin_4q_avg": 19.65,
            "net_income": 81517,
            "revenue": 639273,
            "common_shares": 1128433,
            "book_valuer_per_share": 17.16,
            "book_valuer_per_share_4q_avg": 16.58,
            "equity": 1936004,
            "current_ratio": 250.71,
            "debt_ratio": 34.59,
            "inventory_turnover_ratio": 2.07,
            "account_receivable_turnover_ratio": null,
            "reinvestment_rate": -48.54,
            "research_to_sale_ratio": null,
            "price_fair": 46.67,
            "eps_avg_yearly": 1.33,
            "eps_latest_yearly": 2.88,
            "eps_growth_yearly": 751.85
        },
        "20062": {
            "year_quarter": 20062,
            "year": 2006,
            "quarter": 2,
            "eps": 0.08,
            "eps_growth_year": -82.22,
            "eps_4q": 1.28,
            "eps_4q_growth_year": 2.97,
            "roe": 0.48,
            "roe_4q": 7.93,
            "gross_profit": 153171,
            "gross_margin": 23.03,
            "gross_margin_4q_avg": 20.75,
            "net_income": 9000,
            "revenue": 665086,
            "common_shares": 1128433,
            "book_valuer_per_share": 16.42,
            "book_valuer_per_share_4q_avg": 16.47,
            "equity": 1852669,
            "current_ratio": 251.73,
            "debt_ratio": 35.02,
            "inventory_turnover_ratio": 2.14,
            "account_receivable_turnover_ratio": null,
            "reinvestment_rate": -44.55,
            "research_to_sale_ratio": null,
            "price_fair": 43.12,
            "eps_avg_yearly": 1.23,
            "eps_latest_yearly": 0.32,
            "eps_growth_yearly": 641.11
        },
        "20063": {
            "year_quarter": 20063,
            "year": 2006,
            "quarter": 3,
            "eps": 0.18,
            "eps_growth_year": -60.87,
            "eps_4q": 1,
            "eps_4q_growth_year": -17.91,
            "roe": 1.15,
            "roe_4q": 6.319999999999999,
            "gross_profit": 127822,
            "gross_margin": 20.93,
            "gross_margin_4q_avg": 21.33,
            "net_income": 21379,
            "revenue": 610674,
            "common_shares": 1172436,
            "book_valuer_per_share": 15.89,
            "book_valuer_per_share_4q_avg": 16.41,
            "equity": 1862825,
            "current_ratio": 234.28,
            "debt_ratio": 36.06,
            "inventory_turnover_ratio": 1.7,
            "account_receivable_turnover_ratio": null,
            "reinvestment_rate": -32.12,
            "research_to_sale_ratio": null,
            "price_fair": 41.49,
            "eps_avg_yearly": 1.19,
            "eps_latest_yearly": 0.72,
            "eps_growth_yearly": 628.28
        },
        "20064": {
            "year_quarter": 20064,
            "year": 2006,
            "quarter": 4,
            "eps": 0.05,
            "eps_growth_year": -16.67,
            "eps_4q": 1.1,
            "eps_4q_growth_year": -8.58,
            "roe": 0.29,
            "roe_4q": 6.26,
            "gross_profit": 114604,
            "gross_margin": 19.21,
            "gross_margin_4q_avg": 21.24,
            "net_income": 5352,
            "revenue": 596605,
            "common_shares": 1172436,
            "book_valuer_per_share": 15.87,
            "book_valuer_per_share_4q_avg": 16.34,
            "equity": 1860687,
            "current_ratio": 251.69,
            "debt_ratio": 32.59,
            "inventory_turnover_ratio": 1.51,
            "account_receivable_turnover_ratio": null,
            "reinvestment_rate": -40.18,
            "research_to_sale_ratio": null,
            "price_fair": 38.62,
            "eps_avg_yearly": 1.1,
            "eps_latest_yearly": 0.2,
            "eps_growth_yearly": 551.85
        },
        "20071": {
            "year_quarter": 20071,
            "year": 2007,
            "quarter": 1,
            "eps": 0.31,
            "eps_growth_year": -56.94,
            "eps_4q": 0.61,
            "eps_4q_growth_year": -61.33,
            "roe": 1.94,
            "roe_4q": 3.86,
            "gross_profit": 125719,
            "gross_margin": 22.12,
            "gross_margin_4q_avg": 21.32,
            "net_income": 36515,
            "revenue": 568330,
            "common_shares": 1172436,
            "book_valuer_per_share": 16.17,
            "book_valuer_per_share_4q_avg": 16.09,
            "equity": 1896051,
            "current_ratio": 270.02,
            "debt_ratio": 30.58,
            "inventory_turnover_ratio": 1.29,
            "account_receivable_turnover_ratio": null,
            "reinvestment_rate": -28.66,
            "research_to_sale_ratio": null,
            "price_fair": 38.98,
            "eps_avg_yearly": 1.11,
            "eps_latest_yearly": 1.24,
            "eps_growth_yearly": 669.4
        },
        "20072": {
            "year_quarter": 20072,
            "year": 2007,
            "quarter": 2,
            "eps": 0.31,
            "eps_growth_year": 287.5,
            "eps_4q": 0.83,
            "eps_4q_growth_year": -35.55,
            "roe": 2.02,
            "roe_4q": 5.4,
            "gross_profit": 151843,
            "gross_margin": 22.32,
            "gross_margin_4q_avg": 21.15,
            "net_income": 37885,
            "revenue": 680288,
            "common_shares": 1172436,
            "book_valuer_per_share": 15.76,
            "book_valuer_per_share_4q_avg": 15.92,
            "equity": 1847754,
            "current_ratio": 240.12,
            "debt_ratio": 33.56,
            "inventory_turnover_ratio": 1.59,
            "account_receivable_turnover_ratio": null,
            "reinvestment_rate": -15.93,
            "research_to_sale_ratio": null,
            "price_fair": 39.3,
            "eps_avg_yearly": 1.12,
            "eps_latest_yearly": 1.24,
            "eps_growth_yearly": 621.58
        },
        "20073": {
            "year_quarter": 20073,
            "year": 2007,
            "quarter": 3,
            "eps": 0.25,
            "eps_growth_year": 38.89,
            "eps_4q": 0.9,
            "eps_4q_growth_year": -9.28,
            "roe": 1.64,
            "roe_4q": 5.89,
            "gross_profit": 105259,
            "gross_margin": 15.98,
            "gross_margin_4q_avg": 19.91,
            "net_income": 30513,
            "revenue": 658672,
            "common_shares": 1218149,
            "book_valuer_per_share": 15.42,
            "book_valuer_per_share_4q_avg": 15.81,
            "equity": 1877915,
            "current_ratio": 240.92,
            "debt_ratio": 33.65,
            "inventory_turnover_ratio": 1.97,
            "account_receivable_turnover_ratio": null,
            "reinvestment_rate": -15.85,
            "research_to_sale_ratio": null,
            "price_fair": 39.01,
            "eps_avg_yearly": 1.11,
            "eps_latest_yearly": 1,
            "eps_growth_yearly": 574.98
        },
        "20074": {
            "year_quarter": 20074,
            "year": 2007,
            "quarter": 4,
            "eps": 0.19,
            "eps_growth_year": 280,
            "eps_4q": 1.06,
            "eps_4q_growth_year": -3.45,
            "roe": 1.22,
            "roe_4q": 6.82,
            "gross_profit": 129327,
            "gross_margin": 28.12,
            "gross_margin_4q_avg": 22.14,
            "net_income": 22976,
            "revenue": 459843,
            "common_shares": 1218149,
            "book_valuer_per_share": 15.6,
            "book_valuer_per_share_4q_avg": 15.74,
            "equity": 1900772,
            "current_ratio": 270.46,
            "debt_ratio": 29.35,
            "inventory_turnover_ratio": 1.08,
            "account_receivable_turnover_ratio": null,
            "reinvestment_rate": -16.58,
            "research_to_sale_ratio": null,
            "price_fair": 38.24,
            "eps_avg_yearly": 1.09,
            "eps_latest_yearly": 0.76,
            "eps_growth_yearly": 533.05
        },
        "20081": {
            "year_quarter": 20081,
            "year": 2008,
            "quarter": 1,
            "eps": 0.06,
            "eps_growth_year": -80.65,
            "eps_4q": 0.84,
            "eps_4q_growth_year": 37.09,
            "roe": 0.37,
            "roe_4q": 5.25,
            "gross_profit": 123226,
            "gross_margin": 30.5,
            "gross_margin_4q_avg": 24.23,
            "net_income": 7021,
            "revenue": 404061,
            "common_shares": 1218149,
            "book_valuer_per_share": 15.18,
            "book_valuer_per_share_4q_avg": 15.49,
            "equity": 1849700,
            "current_ratio": 288,
            "debt_ratio": 27.33,
            "inventory_turnover_ratio": 0.8,
            "account_receivable_turnover_ratio": null,
            "reinvestment_rate": -9.8,
            "research_to_sale_ratio": null,
            "price_fair": 37.01,
            "eps_avg_yearly": 1.06,
            "eps_latest_yearly": 0.24,
            "eps_growth_yearly": 523.7
        },
        "20082": {
            "year_quarter": 20082,
            "year": 2008,
            "quarter": 2,
            "eps": 0.29,
            "eps_growth_year": -6.45,
            "eps_4q": 0.78,
            "eps_4q_growth_year": -5.83,
            "roe": 1.97,
            "roe_4q": 5.199999999999999,
            "gross_profit": 130214,
            "gross_margin": 27.01,
            "gross_margin_4q_avg": 25.4,
            "net_income": 35867,
            "revenue": 482074,
            "common_shares": 1168149,
            "book_valuer_per_share": 15.41,
            "book_valuer_per_share_4q_avg": 15.4,
            "equity": 1800075,
            "current_ratio": 300.02,
            "debt_ratio": 26.12,
            "inventory_turnover_ratio": 1.03,
            "account_receivable_turnover_ratio": null,
            "reinvestment_rate": -8.83,
            "research_to_sale_ratio": null,
            "price_fair": 36.66,
            "eps_avg_yearly": 1.05,
            "eps_latest_yearly": 1.16,
            "eps_growth_yearly": 603.28
        },
        "20083": {
            "year_quarter": 20083,
            "year": 2008,
            "quarter": 3,
            "eps": 0.24,
            "eps_growth_year": -4,
            "eps_4q": 0.78,
            "eps_4q_growth_year": -13.51,
            "roe": 1.62,
            "roe_4q": 5.18,
            "gross_profit": 111942,
            "gross_margin": 28.91,
            "gross_margin_4q_avg": 28.64,
            "net_income": 29198,
            "revenue": 387194,
            "common_shares": 1213694,
            "book_valuer_per_share": 14.79,
            "book_valuer_per_share_4q_avg": 15.25,
            "equity": 1795469,
            "current_ratio": 331.31,
            "debt_ratio": 23.99,
            "inventory_turnover_ratio": 0.87,
            "account_receivable_turnover_ratio": null,
            "reinvestment_rate": -9.41,
            "research_to_sale_ratio": null,
            "price_fair": 34.91,
            "eps_avg_yearly": 1,
            "eps_latest_yearly": 0.96,
            "eps_growth_yearly": 590.64
        },
        "20084": {
            "year_quarter": 20084,
            "year": 2008,
            "quarter": 4,
            "eps": -0.29,
            "eps_growth_year": -252.63,
            "eps_4q": 0.31,
            "eps_4q_growth_year": -70.69,
            "roe": -1.95,
            "roe_4q": 2.0100000000000002,
            "gross_profit": 48708,
            "gross_margin": 24.91,
            "gross_margin_4q_avg": 27.83,
            "net_income": -34589,
            "revenue": 195533,
            "common_shares": 1169373,
            "book_valuer_per_share": 14.92,
            "book_valuer_per_share_4q_avg": 15.08,
            "equity": 1744346,
            "current_ratio": 486.19,
            "debt_ratio": 16.87,
            "inventory_turnover_ratio": 0.47,
            "account_receivable_turnover_ratio": 0.77,
            "reinvestment_rate": -7.06,
            "research_to_sale_ratio": null,
            "price_fair": 36.87,
            "eps_avg_yearly": 1.05,
            "eps_latest_yearly": 0.96,
            "eps_growth_yearly": 654.26
        },
        "20091": {
            "year_quarter": 20091,
            "year": 2009,
            "quarter": 1,
            "eps": -0.2,
            "eps_growth_year": -433.33,
            "eps_4q": 0.06,
            "eps_4q_growth_year": -92.94,
            "roe": -1.37,
            "roe_4q": 0.2699999999999998,
            "gross_profit": 3776,
            "gross_margin": 2.56,
            "gross_margin_4q_avg": 20.85,
            "net_income": -23686,
            "revenue": 147451,
            "common_shares": 1144374,
            "book_valuer_per_share": 14.97,
            "book_valuer_per_share_4q_avg": 15.02,
            "equity": 1713376,
            "current_ratio": 803.69,
            "debt_ratio": 11.09,
            "inventory_turnover_ratio": 0.48,
            "account_receivable_turnover_ratio": 0.31,
            "reinvestment_rate": -8.27,
            "research_to_sale_ratio": null,
            "price_fair": 36.5,
            "eps_avg_yearly": 1.04,
            "eps_latest_yearly": 0.96,
            "eps_growth_yearly": 515.28
        },
        "20092": {
            "year_quarter": 20092,
            "year": 2009,
            "quarter": 2,
            "eps": -0.12,
            "eps_growth_year": -141.38,
            "eps_4q": -0.38,
            "eps_4q_growth_year": -148.49,
            "roe": -0.84,
            "roe_4q": -2.54,
            "gross_profit": 52690,
            "gross_margin": 22.85,
            "gross_margin_4q_avg": 19.81,
            "net_income": -14164,
            "revenue": 230565,
            "common_shares": 1144373,
            "book_valuer_per_share": 14.6,
            "book_valuer_per_share_4q_avg": 14.82,
            "equity": 1670646,
            "current_ratio": 469.85,
            "debt_ratio": 17,
            "inventory_turnover_ratio": 0.7,
            "account_receivable_turnover_ratio": 0.49,
            "reinvestment_rate": -9.71,
            "research_to_sale_ratio": null,
            "price_fair": 34.46,
            "eps_avg_yearly": 0.98,
            "eps_latest_yearly": 0.96,
            "eps_growth_yearly": 539.53
        },
        "20093": {
            "year_quarter": 20093,
            "year": 2009,
            "quarter": 3,
            "eps": -0.12,
            "eps_growth_year": -150,
            "eps_4q": -0.75,
            "eps_4q_growth_year": -196.48,
            "roe": -0.83,
            "roe_4q": -4.99,
            "gross_profit": 48360,
            "gross_margin": 17.51,
            "gross_margin_4q_avg": 16.96,
            "net_income": -13833,
            "revenue": 276253,
            "common_shares": 1144374,
            "book_valuer_per_share": 14.48,
            "book_valuer_per_share_4q_avg": 14.74,
            "equity": 1656815,
            "current_ratio": 393.94,
            "debt_ratio": 19.79,
            "inventory_turnover_ratio": 0.9,
            "account_receivable_turnover_ratio": 0.55,
            "reinvestment_rate": -12.32,
            "research_to_sale_ratio": null,
            "price_fair": 31.97,
            "eps_avg_yearly": 0.91,
            "eps_latest_yearly": 0.96,
            "eps_growth_yearly": 583.75
        },
        "20094": {
            "year_quarter": 20094,
            "year": 2009,
            "quarter": 4,
            "eps": 0.09,
            "eps_growth_year": null,
            "eps_4q": -0.36,
            "eps_4q_growth_year": -215.25,
            "roe": 0.58,
            "roe_4q": -2.46,
            "gross_profit": 65652,
            "gross_margin": 20.41,
            "gross_margin_4q_avg": 15.83,
            "net_income": 10798,
            "revenue": 321646,
            "common_shares": 1144373,
            "book_valuer_per_share": 17.93,
            "book_valuer_per_share_4q_avg": 15.5,
            "equity": 2051495,
            "current_ratio": 418.59,
            "debt_ratio": 15.77,
            "inventory_turnover_ratio": 1.02,
            "account_receivable_turnover_ratio": 1.25,
            "reinvestment_rate": 195.93,
            "research_to_sale_ratio": null,
            "price_fair": 34.11,
            "eps_avg_yearly": 0.97,
            "eps_latest_yearly": 0.96,
            "eps_growth_yearly": 668.44
        },
        "20101": {
            "year_quarter": 20101,
            "year": 2010,
            "quarter": 1,
            "eps": 0.06,
            "eps_growth_year": null,
            "eps_4q": -0.09,
            "eps_4q_growth_year": -246.86,
            "roe": 0.35,
            "roe_4q": -0.74,
            "gross_profit": 72976,
            "gross_margin": 23.75,
            "gross_margin_4q_avg": 21.13,
            "net_income": 7227,
            "revenue": 307259,
            "common_shares": 1144373,
            "book_valuer_per_share": 17.75,
            "book_valuer_per_share_4q_avg": 16.19,
            "equity": 2031044,
            "current_ratio": 344.92,
            "debt_ratio": 19.32,
            "inventory_turnover_ratio": 0.83,
            "account_receivable_turnover_ratio": 0.58,
            "reinvestment_rate": 265.97,
            "research_to_sale_ratio": 2.63,
            "price_fair": 25.71,
            "eps_avg_yearly": 0.73,
            "eps_latest_yearly": 0.24,
            "eps_growth_yearly": 256.32
        },
        "20102": {
            "year_quarter": 20102,
            "year": 2010,
            "quarter": 2,
            "eps": 0.58,
            "eps_growth_year": null,
            "eps_4q": 0.61,
            "eps_4q_growth_year": null,
            "roe": 3.26,
            "roe_4q": 3.3599999999999994,
            "gross_profit": 151167,
            "gross_margin": 28.94,
            "gross_margin_4q_avg": 22.65,
            "net_income": 65824,
            "revenue": 522258,
            "common_shares": 1144373,
            "book_valuer_per_share": 17.56,
            "book_valuer_per_share_4q_avg": 16.93,
            "equity": 2009484,
            "current_ratio": 314.86,
            "debt_ratio": 22.29,
            "inventory_turnover_ratio": 1.11,
            "account_receivable_turnover_ratio": 0.87,
            "reinvestment_rate": 159.3,
            "research_to_sale_ratio": 1.76,
            "price_fair": 32.07,
            "eps_avg_yearly": 0.92,
            "eps_latest_yearly": 2.32,
            "eps_growth_yearly": 603.79
        },
        "20103": {
            "year_quarter": 20103,
            "year": 2010,
            "quarter": 3,
            "eps": 0.45,
            "eps_growth_year": null,
            "eps_4q": 1.19,
            "eps_4q_growth_year": null,
            "roe": 2.5,
            "roe_4q": 6.6899999999999995,
            "gross_profit": 155955,
            "gross_margin": 29.46,
            "gross_margin_4q_avg": 25.64,
            "net_income": 51927,
            "revenue": 529436,
            "common_shares": 1144373,
            "book_valuer_per_share": 18.78,
            "book_valuer_per_share_4q_avg": 18.01,
            "equity": 2148795,
            "current_ratio": 263.04,
            "debt_ratio": 26.48,
            "inventory_turnover_ratio": 0.97,
            "account_receivable_turnover_ratio": 0.76,
            "reinvestment_rate": 173.32,
            "research_to_sale_ratio": 1.62,
            "price_fair": 35.51,
            "eps_avg_yearly": 1.01,
            "eps_latest_yearly": 1.8,
            "eps_growth_yearly": 550.19
        },
        "20104": {
            "year_quarter": 20104,
            "year": 2010,
            "quarter": 4,
            "eps": 0.71,
            "eps_growth_year": 689.16,
            "eps_4q": 1.8,
            "eps_4q_growth_year": null,
            "roe": 3.82,
            "roe_4q": 9.93,
            "gross_profit": 135300,
            "gross_margin": 24.56,
            "gross_margin_4q_avg": 26.68,
            "net_income": 81278,
            "revenue": 550837,
            "common_shares": 1144373,
            "book_valuer_per_share": 18.37,
            "book_valuer_per_share_4q_avg": 18.12,
            "equity": 2101810,
            "current_ratio": 262.41,
            "debt_ratio": 28.96,
            "inventory_turnover_ratio": 0.88,
            "account_receivable_turnover_ratio": 0.74,
            "reinvestment_rate": 99.55,
            "research_to_sale_ratio": 1.67,
            "price_fair": 43.91,
            "eps_avg_yearly": 1.25,
            "eps_latest_yearly": 2.84,
            "eps_growth_yearly": 597.46
        },
        "20111": {
            "year_quarter": 20111,
            "year": 2011,
            "quarter": 1,
            "eps": 0.65,
            "eps_growth_year": 983.33,
            "eps_4q": 2.39,
            "eps_4q_growth_year": null,
            "roe": 3.5,
            "roe_4q": 13.08,
            "gross_profit": 134845,
            "gross_margin": 24.72,
            "gross_margin_4q_avg": 26.92,
            "net_income": 74220,
            "revenue": 545559,
            "common_shares": 1144373,
            "book_valuer_per_share": 18.66,
            "book_valuer_per_share_4q_avg": 18.34,
            "equity": 2135618,
            "current_ratio": 247.16,
            "debt_ratio": 31.6,
            "inventory_turnover_ratio": 0.74,
            "account_receivable_turnover_ratio": 0.73,
            "reinvestment_rate": 79.31,
            "research_to_sale_ratio": 1.81,
            "price_fair": 48.24,
            "eps_avg_yearly": 1.38,
            "eps_latest_yearly": 2.6,
            "eps_growth_yearly": 405.3
        },
        "20112": {
            "year_quarter": 20112,
            "year": 2011,
            "quarter": 2,
            "eps": 0.81,
            "eps_growth_year": 39.98,
            "eps_4q": 2.62,
            "eps_4q_growth_year": 327.86,
            "roe": 4.4,
            "roe_4q": 14.22,
            "gross_profit": 195166,
            "gross_margin": 31.09,
            "gross_margin_4q_avg": 27.46,
            "net_income": 92143,
            "revenue": 627755,
            "common_shares": 1144373,
            "book_valuer_per_share": 17.98,
            "book_valuer_per_share_4q_avg": 18.45,
            "equity": 2057487,
            "current_ratio": 211.22,
            "debt_ratio": 37.03,
            "inventory_turnover_ratio": 0.67,
            "account_receivable_turnover_ratio": 0.8,
            "reinvestment_rate": 69.63,
            "research_to_sale_ratio": 1.3,
            "price_fair": 54.6,
            "eps_avg_yearly": 1.56,
            "eps_latest_yearly": 3.24,
            "eps_growth_yearly": 414.25
        },
        "20113": {
            "year_quarter": 20113,
            "year": 2011,
            "quarter": 3,
            "eps": 1.27,
            "eps_growth_year": 179.34,
            "eps_4q": 3.43,
            "eps_4q_growth_year": 189.22,
            "roe": 6.97,
            "roe_4q": 18.69,
            "gross_profit": 209717,
            "gross_margin": 31.98,
            "gross_margin_4q_avg": 28.09,
            "net_income": 145052,
            "revenue": 655800,
            "common_shares": 1144373,
            "book_valuer_per_share": 18.42,
            "book_valuer_per_share_4q_avg": 18.36,
            "equity": 2107553,
            "current_ratio": 259.32,
            "debt_ratio": 30.83,
            "inventory_turnover_ratio": 0.67,
            "account_receivable_turnover_ratio": 0.78,
            "reinvestment_rate": 42.01,
            "research_to_sale_ratio": 1.19,
            "price_fair": 67.58,
            "eps_avg_yearly": 1.93,
            "eps_latest_yearly": 5.08,
            "eps_growth_yearly": 441.94
        },
        "20114": {
            "year_quarter": 20114,
            "year": 2011,
            "quarter": 4,
            "eps": 0.75,
            "eps_growth_year": 5.07,
            "eps_4q": 3.47,
            "eps_4q_growth_year": 92.39,
            "roe": 3.99,
            "roe_4q": 18.86,
            "gross_profit": 192034,
            "gross_margin": 33.35,
            "gross_margin_4q_avg": 30.29,
            "net_income": 85402,
            "revenue": 575827,
            "common_shares": 1144373,
            "book_valuer_per_share": 19,
            "book_valuer_per_share_4q_avg": 18.52,
            "equity": 2174413,
            "current_ratio": 252.01,
            "debt_ratio": 32.35,
            "inventory_turnover_ratio": 0.59,
            "account_receivable_turnover_ratio": 0.74,
            "reinvestment_rate": 29.68,
            "research_to_sale_ratio": 1.82,
            "price_fair": 74.71,
            "eps_avg_yearly": 2.13,
            "eps_latest_yearly": 3,
            "eps_growth_yearly": 435.77
        },
        "20121": {
            "year_quarter": 20121,
            "year": 2012,
            "quarter": 1,
            "eps": 0.62,
            "eps_growth_year": -4.62,
            "eps_4q": 3.44,
            "eps_4q_growth_year": 43.94,
            "roe": 3.19,
            "roe_4q": 18.549999999999997,
            "gross_profit": 161427,
            "gross_margin": 30.74,
            "gross_margin_4q_avg": 31.79,
            "net_income": 70712,
            "revenue": 525079,
            "common_shares": 1144373,
            "book_valuer_per_share": 19.69,
            "book_valuer_per_share_4q_avg": 18.77,
            "equity": 2253373,
            "current_ratio": 274.77,
            "debt_ratio": 29.74,
            "inventory_turnover_ratio": 0.55,
            "account_receivable_turnover_ratio": 0.8,
            "reinvestment_rate": 27.47,
            "research_to_sale_ratio": 2.38,
            "price_fair": 81.84,
            "eps_avg_yearly": 2.34,
            "eps_latest_yearly": 2.48,
            "eps_growth_yearly": 454.35
        },
        "20122": {
            "year_quarter": 20122,
            "year": 2012,
            "quarter": 2,
            "eps": 0.99,
            "eps_growth_year": 22.92,
            "eps_4q": 3.62,
            "eps_4q_growth_year": 38.34,
            "roe": 5.33,
            "roe_4q": 19.48,
            "gross_profit": 144277,
            "gross_margin": 24.59,
            "gross_margin_4q_avg": 30.17,
            "net_income": 113260,
            "revenue": 586766,
            "common_shares": 1144373,
            "book_valuer_per_share": 17.42,
            "book_valuer_per_share_4q_avg": 18.63,
            "equity": 1993942,
            "current_ratio": 207.36,
            "debt_ratio": 40.06,
            "inventory_turnover_ratio": 0.65,
            "account_receivable_turnover_ratio": 0.94,
            "reinvestment_rate": 17,
            "research_to_sale_ratio": 1.53,
            "price_fair": 90.75,
            "eps_avg_yearly": 2.59,
            "eps_latest_yearly": 3.96,
            "eps_growth_yearly": 336.66
        },
        "20123": {
            "year_quarter": 20123,
            "year": 2012,
            "quarter": 3,
            "eps": 0.95,
            "eps_growth_year": -25.02,
            "eps_4q": 3.3,
            "eps_4q_growth_year": -3.71,
            "roe": 5.3,
            "roe_4q": 17.81,
            "gross_profit": 162764,
            "gross_margin": 26.85,
            "gross_margin_4q_avg": 28.88,
            "net_income": 108759,
            "revenue": 606133,
            "common_shares": 1144373,
            "book_valuer_per_share": 18.46,
            "book_valuer_per_share_4q_avg": 18.64,
            "equity": 2112094,
            "current_ratio": 294.4,
            "debt_ratio": 27.73,
            "inventory_turnover_ratio": 0.68,
            "account_receivable_turnover_ratio": 0.91,
            "reinvestment_rate": 16.49,
            "research_to_sale_ratio": 1.53,
            "price_fair": 99.78,
            "eps_avg_yearly": 2.85,
            "eps_latest_yearly": 3.8,
            "eps_growth_yearly": 341.46
        },
        "20124": {
            "year_quarter": 20124,
            "year": 2012,
            "quarter": 4,
            "eps": 0.47,
            "eps_growth_year": -36.73,
            "eps_4q": 3.03,
            "eps_4q_growth_year": -12.61,
            "roe": 2.54,
            "roe_4q": 16.36,
            "gross_profit": 146657,
            "gross_margin": 25.42,
            "gross_margin_4q_avg": 26.9,
            "net_income": 54031,
            "revenue": 576933,
            "common_shares": 1144373,
            "book_valuer_per_share": 18.75,
            "book_valuer_per_share_4q_avg": 18.58,
            "equity": 2145232,
            "current_ratio": 351.43,
            "debt_ratio": 23.65,
            "inventory_turnover_ratio": 0.73,
            "account_receivable_turnover_ratio": 0.87,
            "reinvestment_rate": 11.82,
            "research_to_sale_ratio": 2.11,
            "price_fair": 96.95,
            "eps_avg_yearly": 2.77,
            "eps_latest_yearly": 1.88,
            "eps_growth_yearly": 296.16
        },
        "20131": {
            "year_quarter": 20131,
            "year": 2013,
            "quarter": 1,
            "eps": 0.71,
            "eps_growth_year": 14.52,
            "eps_4q": 3.12,
            "eps_4q_growth_year": -9.14,
            "roe": 3.74,
            "roe_4q": 16.91,
            "gross_profit": 153260,
            "gross_margin": 27.6,
            "gross_margin_4q_avg": 26.12,
            "net_income": 81304,
            "revenue": 555304,
            "common_shares": 1144373,
            "book_valuer_per_share": 19.27,
            "book_valuer_per_share_4q_avg": 18.48,
            "equity": 2205124,
            "current_ratio": 305.69,
            "debt_ratio": 28.37,
            "inventory_turnover_ratio": 0.67,
            "account_receivable_turnover_ratio": 0.82,
            "reinvestment_rate": 11.7,
            "research_to_sale_ratio": 2.07,
            "price_fair": 97.14,
            "eps_avg_yearly": 2.78,
            "eps_latest_yearly": 2.84,
            "eps_growth_yearly": 289.09
        },
        "20132": {
            "year_quarter": 20132,
            "year": 2013,
            "quarter": 2,
            "eps": 0.7,
            "eps_growth_year": -29.27,
            "eps_4q": 2.83,
            "eps_4q_growth_year": -21.78,
            "roe": 3.81,
            "roe_4q": 15.39,
            "gross_profit": 150711,
            "gross_margin": 25.5,
            "gross_margin_4q_avg": 26.34,
            "net_income": 80054,
            "revenue": 590936,
            "common_shares": 1144373,
            "book_valuer_per_share": 17.46,
            "book_valuer_per_share_4q_avg": 18.49,
            "equity": 1997722,
            "current_ratio": 244.88,
            "debt_ratio": 34.92,
            "inventory_turnover_ratio": 0.69,
            "account_receivable_turnover_ratio": 0.81,
            "reinvestment_rate": 8.84,
            "research_to_sale_ratio": 1.46,
            "price_fair": 97.2,
            "eps_avg_yearly": 2.78,
            "eps_latest_yearly": 2.8,
            "eps_growth_yearly": 268.04
        },
        "20133": {
            "year_quarter": 20133,
            "year": 2013,
            "quarter": 3,
            "eps": 0.49,
            "eps_growth_year": -48.44,
            "eps_4q": 2.37,
            "eps_4q_growth_year": -28.23,
            "roe": 2.76,
            "roe_4q": 12.850000000000001,
            "gross_profit": 142982,
            "gross_margin": 26,
            "gross_margin_4q_avg": 26.13,
            "net_income": 55986,
            "revenue": 549964,
            "common_shares": 1144373,
            "book_valuer_per_share": 17.96,
            "book_valuer_per_share_4q_avg": 18.36,
            "equity": 2055372,
            "current_ratio": 409.4,
            "debt_ratio": 21.59,
            "inventory_turnover_ratio": 0.71,
            "account_receivable_turnover_ratio": 0.73,
            "reinvestment_rate": 9,
            "research_to_sale_ratio": 1.82,
            "price_fair": 95.29,
            "eps_avg_yearly": 2.72,
            "eps_latest_yearly": 1.96,
            "eps_growth_yearly": 242.17
        },
        "20134": {
            "year_quarter": 20134,
            "year": 2013,
            "quarter": 4,
            "eps": 0.37,
            "eps_growth_year": -21.69,
            "eps_4q": 2.27,
            "eps_4q_growth_year": -25.12,
            "roe": 2.04,
            "roe_4q": 12.35,
            "gross_profit": 129491,
            "gross_margin": 25.87,
            "gross_margin_4q_avg": 26.24,
            "net_income": 42310,
            "revenue": 500479,
            "common_shares": 1144373,
            "book_valuer_per_share": 18.26,
            "book_valuer_per_share_4q_avg": 18.24,
            "equity": 2089085,
            "current_ratio": 334.53,
            "debt_ratio": 26.26,
            "inventory_turnover_ratio": 0.72,
            "account_receivable_turnover_ratio": 0.61,
            "reinvestment_rate": -32.95,
            "research_to_sale_ratio": 1.79,
            "price_fair": 92.58,
            "eps_avg_yearly": 2.65,
            "eps_latest_yearly": 1.48,
            "eps_growth_yearly": 220.91
        },
        "20141": {
            "year_quarter": 20141,
            "year": 2014,
            "quarter": 1,
            "eps": 0.79,
            "eps_growth_year": 11.27,
            "eps_4q": 2.34,
            "eps_4q_growth_year": -24.92,
            "roe": 4.22,
            "roe_4q": 12.83,
            "gross_profit": 163102,
            "gross_margin": 30.87,
            "gross_margin_4q_avg": 27.06,
            "net_income": 89943,
            "revenue": 528336,
            "common_shares": 1144373,
            "book_valuer_per_share": 19,
            "book_valuer_per_share_4q_avg": 18.17,
            "equity": 2174505,
            "current_ratio": 282.72,
            "debt_ratio": 30.84,
            "inventory_turnover_ratio": 0.65,
            "account_receivable_turnover_ratio": 0.6,
            "reinvestment_rate": -29.4,
            "research_to_sale_ratio": 1.31,
            "price_fair": 98.96,
            "eps_avg_yearly": 2.83,
            "eps_latest_yearly": 3.16,
            "eps_growth_yearly": 257.62
        },
        "20142": {
            "year_quarter": 20142,
            "year": 2014,
            "quarter": 2,
            "eps": 0.89,
            "eps_growth_year": 27.14,
            "eps_4q": 2.54,
            "eps_4q_growth_year": -10.42,
            "roe": 4.84,
            "roe_4q": 13.859999999999998,
            "gross_profit": 184558,
            "gross_margin": 30.67,
            "gross_margin_4q_avg": 28.35,
            "net_income": 102144,
            "revenue": 601745,
            "common_shares": 1144373,
            "book_valuer_per_share": 17.9,
            "book_valuer_per_share_4q_avg": 18.28,
            "equity": 2048264,
            "current_ratio": 240.29,
            "debt_ratio": 35.84,
            "inventory_turnover_ratio": 0.67,
            "account_receivable_turnover_ratio": 0.71,
            "reinvestment_rate": -21.87,
            "research_to_sale_ratio": 1.46,
            "price_fair": 101.68,
            "eps_avg_yearly": 2.91,
            "eps_latest_yearly": 3.56,
            "eps_growth_yearly": 44.12
        },
        "20143": {
            "year_quarter": 20143,
            "year": 2014,
            "quarter": 3,
            "eps": 0.69,
            "eps_growth_year": 40.82,
            "eps_4q": 2.74,
            "eps_4q_growth_year": 15.7,
            "roe": 3.81,
            "roe_4q": 14.91,
            "gross_profit": 185492,
            "gross_margin": 29.68,
            "gross_margin_4q_avg": 29.27,
            "net_income": 79578,
            "revenue": 624957,
            "common_shares": 1144373,
            "book_valuer_per_share": 18.56,
            "book_valuer_per_share_4q_avg": 18.43,
            "equity": 2124388,
            "current_ratio": 277.46,
            "debt_ratio": 31.06,
            "inventory_turnover_ratio": 0.65,
            "account_receivable_turnover_ratio": 0.78,
            "reinvestment_rate": -27.14,
            "research_to_sale_ratio": 1.18,
            "price_fair": 103.78,
            "eps_avg_yearly": 2.97,
            "eps_latest_yearly": 2.76,
            "eps_growth_yearly": 44.11
        },
        "20144": {
            "year_quarter": 20144,
            "year": 2014,
            "quarter": 4,
            "eps": 0.9,
            "eps_growth_year": 144.23,
            "eps_4q": 3.28,
            "eps_4q_growth_year": 44.42,
            "roe": 4.77,
            "roe_4q": 17.64,
            "gross_profit": 173067,
            "gross_margin": 28.64,
            "gross_margin_4q_avg": 29.97,
            "net_income": 103333,
            "revenue": 604278,
            "common_shares": 1144373,
            "book_valuer_per_share": 19.32,
            "book_valuer_per_share_4q_avg": 18.7,
            "equity": 2210406,
            "current_ratio": 276.99,
            "debt_ratio": 32.07,
            "inventory_turnover_ratio": 0.58,
            "account_receivable_turnover_ratio": 0.71,
            "reinvestment_rate": -20.13,
            "research_to_sale_ratio": 1.52,
            "price_fair": 105.44,
            "eps_avg_yearly": 3.01,
            "eps_latest_yearly": 3.6,
            "eps_growth_yearly": 37.27
        },
        "20151": {
            "year_quarter": 20151,
            "year": 2015,
            "quarter": 1,
            "eps": 0.43,
            "eps_growth_year": -45.57,
            "eps_4q": 2.92,
            "eps_4q_growth_year": 24.76,
            "roe": 2.22,
            "roe_4q": 15.64,
            "gross_profit": 157113,
            "gross_margin": 27.52,
            "gross_margin_4q_avg": 29.13,
            "net_income": 49670,
            "revenue": 570863,
            "common_shares": 1144373,
            "book_valuer_per_share": 19.75,
            "book_valuer_per_share_4q_avg": 18.88,
            "equity": 2259936,
            "current_ratio": 296.12,
            "debt_ratio": 30.21,
            "inventory_turnover_ratio": 0.53,
            "account_receivable_turnover_ratio": 0.63,
            "reinvestment_rate": -17.59,
            "research_to_sale_ratio": 1.33,
            "price_fair": 103.51,
            "eps_avg_yearly": 2.96,
            "eps_latest_yearly": 1.72,
            "eps_growth_yearly": 26.33
        },
        "20152": {
            "year_quarter": 20152,
            "year": 2015,
            "quarter": 2,
            "eps": 0.35,
            "eps_growth_year": -60.67,
            "eps_4q": 2.38,
            "eps_4q_growth_year": -6.1,
            "roe": 1.89,
            "roe_4q": 12.69,
            "gross_profit": 143282,
            "gross_margin": 25.69,
            "gross_margin_4q_avg": 27.88,
            "net_income": 40103,
            "revenue": 557673,
            "common_shares": 1144373,
            "book_valuer_per_share": 17.29,
            "book_valuer_per_share_4q_avg": 18.73,
            "equity": 1978994,
            "current_ratio": 224.26,
            "debt_ratio": 38.74,
            "inventory_turnover_ratio": 0.56,
            "account_receivable_turnover_ratio": 0.63,
            "reinvestment_rate": -18.28,
            "research_to_sale_ratio": 1.89,
            "price_fair": 72.55,
            "eps_avg_yearly": 2.84,
            "eps_latest_yearly": 1.4,
            "eps_growth_yearly": 15.52
        },
        "20153": {
            "year_quarter": 20153,
            "year": 2015,
            "quarter": 3,
            "eps": 1.11,
            "eps_growth_year": 60.87,
            "eps_4q": 2.8,
            "eps_4q_growth_year": 2.02,
            "roe": 6.23,
            "roe_4q": 15.110000000000001,
            "gross_profit": 174672,
            "gross_margin": 31.8,
            "gross_margin_4q_avg": 28.41,
            "net_income": 127214,
            "revenue": 549279,
            "common_shares": 1144373,
            "book_valuer_per_share": 18.41,
            "book_valuer_per_share_4q_avg": 18.69,
            "equity": 2106588,
            "current_ratio": 332.05,
            "debt_ratio": 26.7,
            "inventory_turnover_ratio": 0.57,
            "account_receivable_turnover_ratio": 0.64,
            "reinvestment_rate": -11.77,
            "research_to_sale_ratio": 1.65,
            "price_fair": 98.09,
            "eps_avg_yearly": 2.8,
            "eps_latest_yearly": 4.44,
            "eps_growth_yearly": 55.61
        },
        "20154": {
            "year_quarter": 20154,
            "year": 2015,
            "quarter": 4,
            "eps": 0.61,
            "eps_growth_year": -32.34,
            "eps_4q": 2.51,
            "eps_4q_growth_year": -23.49,
            "roe": 3.26,
            "roe_4q": 13.600000000000001,
            "gross_profit": 142861,
            "gross_margin": 27.33,
            "gross_margin_4q_avg": 28.09,
            "net_income": 69912,
            "revenue": 522770,
            "common_shares": 1144373,
            "book_valuer_per_share": 19.06,
            "book_valuer_per_share_4q_avg": 18.63,
            "equity": 2181416,
            "current_ratio": 316.68,
            "debt_ratio": 27.96,
            "inventory_turnover_ratio": 0.63,
            "account_receivable_turnover_ratio": 0.6,
            "reinvestment_rate": -8,
            "research_to_sale_ratio": 1.56,
            "price_fair": 96.86,
            "eps_avg_yearly": 2.77,
            "eps_latest_yearly": 2.44,
            "eps_growth_yearly": 54.59
        },
        "20161": {
            "year_quarter": 20161,
            "year": 2016,
            "quarter": 1,
            "eps": 0.9,
            "eps_growth_year": 109.3,
            "eps_4q": 2.98,
            "eps_4q_growth_year": 1.79,
            "roe": 4.63,
            "roe_4q": 16.01,
            "gross_profit": 194404,
            "gross_margin": 30.85,
            "gross_margin_4q_avg": 28.92,
            "net_income": 103473,
            "revenue": 630125,
            "common_shares": 1144373,
            "book_valuer_per_share": 19.96,
            "book_valuer_per_share_4q_avg": 18.68,
            "equity": 2284499,
            "current_ratio": 366.61,
            "debt_ratio": 24.32,
            "inventory_turnover_ratio": 0.77,
            "account_receivable_turnover_ratio": 0.72,
            "reinvestment_rate": -5.55,
            "research_to_sale_ratio": 1.45,
            "price_fair": 99.31,
            "eps_avg_yearly": 2.84,
            "eps_latest_yearly": 3.6,
            "eps_growth_yearly": 70.81
        },
        "20162": {
            "year_quarter": 20162,
            "year": 2016,
            "quarter": 2,
            "eps": 0.6,
            "eps_growth_year": 71.43,
            "eps_4q": 3.22,
            "eps_4q_growth_year": 35.22,
            "roe": 3.12,
            "roe_4q": 17.240000000000002,
            "gross_profit": 152646,
            "gross_margin": 27.54,
            "gross_margin_4q_avg": 29.38,
            "net_income": 68114,
            "revenue": 554299,
            "common_shares": 1144373,
            "book_valuer_per_share": 18.25,
            "book_valuer_per_share_4q_avg": 18.92,
            "equity": 2088146,
            "current_ratio": 245.13,
            "debt_ratio": 35.14,
            "inventory_turnover_ratio": 0.71,
            "account_receivable_turnover_ratio": 0.63,
            "reinvestment_rate": -1.51,
            "research_to_sale_ratio": 1.22,
            "price_fair": 95.9,
            "eps_avg_yearly": 2.74,
            "eps_latest_yearly": 2.4,
            "eps_growth_yearly": 47.55
        },
        "20163": {
            "year_quarter": 20163,
            "year": 2016,
            "quarter": 3,
            "eps": 0.78,
            "eps_growth_year": -29.73,
            "eps_4q": 2.9,
            "eps_4q_growth_year": 3.43,
            "roe": 4.21,
            "roe_4q": 15.22,
            "gross_profit": 220269,
            "gross_margin": 37.76,
            "gross_margin_4q_avg": 30.87,
            "net_income": 89805,
            "revenue": 583286,
            "common_shares": 1144373,
            "book_valuer_per_share": 19.03,
            "book_valuer_per_share_4q_avg": 19.08,
            "equity": 2177951,
            "current_ratio": 327.61,
            "debt_ratio": 26.72,
            "inventory_turnover_ratio": 0.6,
            "account_receivable_turnover_ratio": 0.66,
            "reinvestment_rate": -2.18,
            "research_to_sale_ratio": 2.19,
            "price_fair": 94.41,
            "eps_avg_yearly": 2.7,
            "eps_latest_yearly": 3.12,
            "eps_growth_yearly": 56.06
        },
        "20164": {
            "year_quarter": 20164,
            "year": 2016,
            "quarter": 4,
            "eps": 0.57,
            "eps_growth_year": -7.25,
            "eps_4q": 2.85,
            "eps_4q_growth_year": 13.71,
            "roe": 2.94,
            "roe_4q": 14.899999999999999,
            "gross_profit": 182096,
            "gross_margin": 33.43,
            "gross_margin_4q_avg": 32.4,
            "net_income": 64843,
            "revenue": 544665,
            "common_shares": 1144373,
            "book_valuer_per_share": 19.46,
            "book_valuer_per_share_4q_avg": 19.18,
            "equity": 2227226,
            "current_ratio": 351.54,
            "debt_ratio": 25.67,
            "inventory_turnover_ratio": 0.59,
            "account_receivable_turnover_ratio": 0.63,
            "reinvestment_rate": 0.07,
            "research_to_sale_ratio": 1.79,
            "price_fair": 95.29,
            "eps_avg_yearly": 2.72,
            "eps_latest_yearly": 2.28,
            "eps_growth_yearly": 61.96
        },
        "20171": {
            "year_quarter": 20171,
            "year": 2017,
            "quarter": 1,
            "eps": 0.28,
            "eps_growth_year": -68.89,
            "eps_4q": 2.23,
            "eps_4q_growth_year": -25.09,
            "roe": 1.45,
            "roe_4q": 11.719999999999999,
            "gross_profit": 168026,
            "gross_margin": 30.61,
            "gross_margin_4q_avg": 32.34,
            "net_income": 32470,
            "revenue": 548840,
            "common_shares": 1144373,
            "book_valuer_per_share": 19.75,
            "book_valuer_per_share_4q_avg": 19.12,
            "equity": 2259696,
            "current_ratio": 339.81,
            "debt_ratio": 26.48,
            "inventory_turnover_ratio": 0.58,
            "account_receivable_turnover_ratio": 0.64,
            "reinvestment_rate": -0.56,
            "research_to_sale_ratio": 0.84,
            "price_fair": 91.53,
            "eps_avg_yearly": 2.62,
            "eps_latest_yearly": 1.12,
            "eps_growth_yearly": 36.48
        },
        "20172": {
            "year_quarter": 20172,
            "year": 2017,
            "quarter": 2,
            "eps": 0.77,
            "eps_growth_year": 28.33,
            "eps_4q": 2.41,
            "eps_4q_growth_year": -25.24,
            "roe": 4,
            "roe_4q": 12.600000000000001,
            "gross_profit": 174465,
            "gross_margin": 31.25,
            "gross_margin_4q_avg": 33.26,
            "net_income": 88550,
            "revenue": 558201,
            "common_shares": 1144373,
            "book_valuer_per_share": 18.91,
            "book_valuer_per_share_4q_avg": 19.29,
            "equity": 2163876,
            "current_ratio": 248.03,
            "debt_ratio": 34.45,
            "inventory_turnover_ratio": 0.53,
            "account_receivable_turnover_ratio": 0.61,
            "reinvestment_rate": 7.32,
            "research_to_sale_ratio": 1.12,
            "price_fair": 92.14,
            "eps_avg_yearly": 2.63,
            "eps_latest_yearly": 3.08,
            "eps_growth_yearly": 80.58
        },
        "20173": {
            "year_quarter": 20173,
            "year": 2017,
            "quarter": 3,
            "eps": 0.7,
            "eps_growth_year": -10.26,
            "eps_4q": 2.33,
            "eps_4q_growth_year": -19.68,
            "roe": 3.67,
            "roe_4q": 12.059999999999999,
            "gross_profit": 182337,
            "gross_margin": 31.32,
            "gross_margin_4q_avg": 31.65,
            "net_income": 80246,
            "revenue": 582113,
            "common_shares": 1144373,
            "book_valuer_per_share": 19.33,
            "book_valuer_per_share_4q_avg": 19.36,
            "equity": 2211624,
            "current_ratio": 290.96,
            "debt_ratio": 30.01,
            "inventory_turnover_ratio": 0.5,
            "account_receivable_turnover_ratio": 0.56,
            "reinvestment_rate": 4.08,
            "research_to_sale_ratio": 1.05,
            "price_fair": 93.98,
            "eps_avg_yearly": 2.69,
            "eps_latest_yearly": 2.8,
            "eps_growth_yearly": 85.81
        },
        "20174": {
            "year_quarter": 20174,
            "year": 2017,
            "quarter": 4,
            "eps": 0.4,
            "eps_growth_year": -29.41,
            "eps_4q": 2.16,
            "eps_4q_growth_year": -24.28,
            "roe": 2.05,
            "roe_4q": 11.169999999999998,
            "gross_profit": 152816,
            "gross_margin": 25.79,
            "gross_margin_4q_avg": 29.74,
            "net_income": 45770,
            "revenue": 592530,
            "common_shares": 1144373,
            "book_valuer_per_share": 19.7,
            "book_valuer_per_share_4q_avg": 19.42,
            "equity": 2254784,
            "current_ratio": 289.65,
            "debt_ratio": 30.54,
            "inventory_turnover_ratio": 0.54,
            "account_receivable_turnover_ratio": 0.56,
            "reinvestment_rate": 5.83,
            "research_to_sale_ratio": 0.89,
            "price_fair": 94.24,
            "eps_avg_yearly": 2.69,
            "eps_latest_yearly": 1.6,
            "eps_growth_yearly": 81.22
        },
        "20181": {
            "year_quarter": 20181,
            "year": 2018,
            "quarter": 1,
            "eps": 0.42,
            "eps_growth_year": 50,
            "eps_4q": 2.3,
            "eps_4q_growth_year": 2.97,
            "roe": 2.12,
            "roe_4q": 11.84,
            "gross_profit": 177362,
            "gross_margin": 30.33,
            "gross_margin_4q_avg": 29.67,
            "net_income": 48249,
            "revenue": 584728,
            "common_shares": 1144373,
            "book_valuer_per_share": 20.14,
            "book_valuer_per_share_4q_avg": 19.52,
            "equity": 2304652,
            "current_ratio": 319.16,
            "debt_ratio": 28.27,
            "inventory_turnover_ratio": 0.51,
            "account_receivable_turnover_ratio": 0.6,
            "reinvestment_rate": -1.8,
            "research_to_sale_ratio": 0.76,
            "price_fair": 91,
            "eps_avg_yearly": 2.6,
            "eps_latest_yearly": 1.68,
            "eps_growth_yearly": 54.09
        },
        "20182": {
            "year_quarter": 20182,
            "year": 2018,
            "quarter": 2,
            "eps": 0.83,
            "eps_growth_year": 7.79,
            "eps_4q": 2.35,
            "eps_4q_growth_year": -2.41,
            "roe": 4.21,
            "roe_4q": 12.049999999999999,
            "gross_profit": 171394,
            "gross_margin": 27.14,
            "gross_margin_4q_avg": 28.65,
            "net_income": 94765,
            "revenue": 631514,
            "common_shares": 1144373,
            "book_valuer_per_share": 19.22,
            "book_valuer_per_share_4q_avg": 19.6,
            "equity": 2199152,
            "current_ratio": 240.59,
            "debt_ratio": 36.53,
            "inventory_turnover_ratio": 0.6,
            "account_receivable_turnover_ratio": 0.64,
            "reinvestment_rate": -1.31,
            "research_to_sale_ratio": 0.64,
            "price_fair": 90.48,
            "eps_avg_yearly": 2.59,
            "eps_latest_yearly": 3.32,
            "eps_growth_yearly": 75.33
        },
        "20183": {
            "year_quarter": 20183,
            "year": 2018,
            "quarter": 3,
            "eps": 0.75,
            "eps_growth_year": 7.14,
            "eps_4q": 2.4,
            "eps_4q_growth_year": 3.22,
            "roe": 3.83,
            "roe_4q": 12.21,
            "gross_profit": 204843,
            "gross_margin": 33.25,
            "gross_margin_4q_avg": 29.13,
            "net_income": 85901,
            "revenue": 615989,
            "common_shares": 1144373,
            "book_valuer_per_share": 19.97,
            "book_valuer_per_share_4q_avg": 19.76,
            "equity": 2285053,
            "current_ratio": 273.24,
            "debt_ratio": 32.53,
            "inventory_turnover_ratio": 0.54,
            "account_receivable_turnover_ratio": 0.6,
            "reinvestment_rate": -2.23,
            "research_to_sale_ratio": 0.77,
            "price_fair": 91,
            "eps_avg_yearly": 2.6,
            "eps_latest_yearly": 3,
            "eps_growth_yearly": 78.54
        },
        "20184": {
            "year_quarter": 20184,
            "year": 2018,
            "quarter": 4,
            "eps": 1,
            "eps_growth_year": 149.22,
            "eps_4q": 3,
            "eps_4q_growth_year": 38.84,
            "roe": 4.85,
            "roe_4q": 15.010000000000002,
            "gross_profit": 212234,
            "gross_margin": 37.35,
            "gross_margin_4q_avg": 32.02,
            "net_income": 114070,
            "revenue": 568289,
            "common_shares": 1144373,
            "book_valuer_per_share": 21.18,
            "book_valuer_per_share_4q_avg": 20.13,
            "equity": 2423503,
            "current_ratio": 289.02,
            "debt_ratio": 30.18,
            "inventory_turnover_ratio": 0.45,
            "account_receivable_turnover_ratio": 0.6,
            "reinvestment_rate": 0.86,
            "research_to_sale_ratio": 0.87,
            "price_fair": 91.88,
            "eps_avg_yearly": 2.63,
            "eps_latest_yearly": 4,
            "eps_growth_yearly": 79.26
        },
        "20191": {
            "year_quarter": 20191,
            "year": 2019,
            "quarter": 1,
            "eps": 0.52,
            "eps_growth_year": 23.81,
            "eps_4q": 3.1,
            "eps_4q_growth_year": 34.95,
            "roe": 2.44,
            "roe_4q": 15.329999999999998,
            "gross_profit": 167900,
            "gross_margin": 28.6,
            "gross_margin_4q_avg": 31.59,
            "net_income": 59928,
            "revenue": 587139,
            "common_shares": 1144373,
            "book_valuer_per_share": 21.7,
            "book_valuer_per_share_4q_avg": 20.52,
            "equity": 2483198,
            "current_ratio": 284.12,
            "debt_ratio": 31.22,
            "inventory_turnover_ratio": 0.52,
            "account_receivable_turnover_ratio": 0.66,
            "reinvestment_rate": -0.47,
            "research_to_sale_ratio": 0.95,
            "price_fair": 92.66,
            "eps_avg_yearly": 2.65,
            "eps_latest_yearly": 2.08,
            "eps_growth_yearly": 80.32
        },
        "20192": {
            "year_quarter": 20192,
            "year": 2019,
            "quarter": 2,
            "eps": 0.66,
            "eps_growth_year": -20.48,
            "eps_4q": 2.94,
            "eps_4q_growth_year": 24.85,
            "roe": 3.2,
            "roe_4q": 14.32,
            "gross_profit": 164622,
            "gross_margin": 25.17,
            "gross_margin_4q_avg": 31.09,
            "net_income": 75983,
            "revenue": 654097,
            "common_shares": 1144373,
            "book_valuer_per_share": 19.86,
            "book_valuer_per_share_4q_avg": 20.68,
            "equity": 2272494,
            "current_ratio": 235.99,
            "debt_ratio": 36.83,
            "inventory_turnover_ratio": 0.65,
            "account_receivable_turnover_ratio": 0.71,
            "reinvestment_rate": -1.31,
            "research_to_sale_ratio": 0.87,
            "price_fair": 95.38,
            "eps_avg_yearly": 2.73,
            "eps_latest_yearly": 2.64,
            "eps_growth_yearly": 91.7
        },
        "20193": {
            "year_quarter": 20193,
            "year": 2019,
            "quarter": 3,
            "eps": 0.37,
            "eps_growth_year": -50.67,
            "eps_4q": 2.55,
            "eps_4q_growth_year": 6.34,
            "roe": 1.84,
            "roe_4q": 12.33,
            "gross_profit": 161332,
            "gross_margin": 26.18,
            "gross_margin_4q_avg": 29.33,
            "net_income": 42109,
            "revenue": 616170,
            "common_shares": 1144373,
            "book_valuer_per_share": 20.21,
            "book_valuer_per_share_4q_avg": 20.74,
            "equity": 2312796,
            "current_ratio": 313.83,
            "debt_ratio": 28.24,
            "inventory_turnover_ratio": 0.65,
            "account_receivable_turnover_ratio": 0.62,
            "reinvestment_rate": -5.66,
            "research_to_sale_ratio": 0.73,
            "price_fair": 88.9,
            "eps_avg_yearly": 2.54,
            "eps_latest_yearly": 1.48,
            "eps_growth_yearly": 26.43
        },
        "20194": {
            "year_quarter": 20194,
            "year": 2019,
            "quarter": 4,
            "eps": 0.44,
            "eps_growth_year": -55.73,
            "eps_4q": 2,
            "eps_4q_growth_year": -33.37,
            "roe": 2.17,
            "roe_4q": 9.65,
            "gross_profit": 159702,
            "gross_margin": 25.55,
            "gross_margin_4q_avg": 26.38,
            "net_income": 50499,
            "revenue": 625040,
            "common_shares": 1144373,
            "book_valuer_per_share": 20.53,
            "book_valuer_per_share_4q_avg": 20.58,
            "equity": 2349804,
            "current_ratio": 298.05,
            "debt_ratio": 30.24,
            "inventory_turnover_ratio": 0.65,
            "account_receivable_turnover_ratio": 0.66,
            "reinvestment_rate": -5.59,
            "research_to_sale_ratio": 1.32,
            "price_fair": 87.41,
            "eps_avg_yearly": 2.5,
            "eps_latest_yearly": 1.76,
            "eps_growth_yearly": 42.42
        },
        "20201": {
            "year_quarter": 20201,
            "year": 2020,
            "quarter": 1,
            "eps": 1.01,
            "eps_growth_year": 94.23,
            "eps_4q": 2.49,
            "eps_4q_growth_year": -19.73,
            "roe": 5.13,
            "roe_4q": 12.34,
            "gross_profit": 178189,
            "gross_margin": 29.3,
            "gross_margin_4q_avg": 26.55,
            "net_income": 116082,
            "revenue": 608072,
            "common_shares": 1144373,
            "book_valuer_per_share": 19.05,
            "book_valuer_per_share_4q_avg": 19.91,
            "equity": 2179485,
            "current_ratio": 233.23,
            "debt_ratio": 37.75,
            "inventory_turnover_ratio": 0.55,
            "account_receivable_turnover_ratio": 0.65,
            "reinvestment_rate": -6.78,
            "research_to_sale_ratio": 0.82,
            "price_fair": 88.38,
            "eps_avg_yearly": 2.53,
            "eps_latest_yearly": 4.04,
            "eps_growth_yearly": 62.92
        },
        "20202": {
            "year_quarter": 20202,
            "year": 2020,
            "quarter": 2,
            "eps": 0.67,
            "eps_growth_year": 1.52,
            "eps_4q": 2.5,
            "eps_4q_growth_year": -14.96,
            "roe": 3.47,
            "roe_4q": 12.61,
            "gross_profit": 153840,
            "gross_margin": 23.25,
            "gross_margin_4q_avg": 26.07,
            "net_income": 76939,
            "revenue": 661591,
            "common_shares": 1144373,
            "book_valuer_per_share": 19.71,
            "book_valuer_per_share_4q_avg": 19.88,
            "equity": 2255476,
            "current_ratio": 227.64,
            "debt_ratio": 38.56,
            "inventory_turnover_ratio": 0.59,
            "account_receivable_turnover_ratio": 0.71,
            "reinvestment_rate": -4.66,
            "research_to_sale_ratio": 1.41,
            "price_fair": 88.99,
            "eps_avg_yearly": 2.54,
            "eps_latest_yearly": 2.68,
            "eps_growth_yearly": 62.84
        },
        "20203": {
            "year_quarter": 20203,
            "year": 2020,
            "quarter": 3,
            "eps": 0.38,
            "eps_growth_year": 2.7,
            "eps_4q": 2.51,
            "eps_4q_growth_year": -1.77,
            "roe": 1.91,
            "roe_4q": 12.68,
            "gross_profit": 173667,
            "gross_margin": 27.42,
            "gross_margin_4q_avg": 26.38,
            "net_income": 43396,
            "revenue": 633368,
            "common_shares": 1144373,
            "book_valuer_per_share": 20.09,
            "book_valuer_per_share_4q_avg": 19.85,
            "equity": 2299208,
            "current_ratio": 258.46,
            "debt_ratio": 34.55,
            "inventory_turnover_ratio": 0.49,
            "account_receivable_turnover_ratio": 0.73,
            "reinvestment_rate": -7.49,
            "research_to_sale_ratio": 0.85,
            "price_fair": 85.49,
            "eps_avg_yearly": 2.44,
            "eps_latest_yearly": 1.52,
            "eps_growth_yearly": 44.52
        },
        "20204": {
            "year_quarter": 20204,
            "year": 2020,
            "quarter": 4,
            "eps": 0.63,
            "eps_growth_year": 43.27,
            "eps_4q": 2.7,
            "eps_4q_growth_year": 35.12,
            "roe": 3.11,
            "roe_4q": 13.620000000000001,
            "gross_profit": 182251,
            "gross_margin": 26.12,
            "gross_margin_4q_avg": 26.52,
            "net_income": 72352,
            "revenue": 697633,
            "common_shares": 1144373,
            "book_valuer_per_share": 20.57,
            "book_valuer_per_share_4q_avg": 19.86,
            "equity": 2354005,
            "current_ratio": 258.5,
            "debt_ratio": 35.49,
            "inventory_turnover_ratio": 0.53,
            "account_receivable_turnover_ratio": 0.82,
            "reinvestment_rate": -8.12,
            "research_to_sale_ratio": 1.04,
            "price_fair": 86.01,
            "eps_avg_yearly": 2.46,
            "eps_latest_yearly": 2.52,
            "eps_growth_yearly": 67.69
        },
        "20211": {
            "year_quarter": 20211,
            "year": 2021,
            "quarter": 1,
            "eps": 0.78,
            "eps_growth_year": -22.77,
            "eps_4q": 2.47,
            "eps_4q_growth_year": -0.75,
            "roe": 3.98,
            "roe_4q": 12.47,
            "gross_profit": 206085,
            "gross_margin": 26.9,
            "gross_margin_4q_avg": 25.92,
            "net_income": 89851,
            "revenue": 766237,
            "common_shares": 1144373,
            "book_valuer_per_share": 18.85,
            "book_valuer_per_share_4q_avg": 19.81,
            "equity": 2157295,
            "current_ratio": 210.33,
            "debt_ratio": 42.91,
            "inventory_turnover_ratio": 0.56,
            "account_receivable_turnover_ratio": 0.91,
            "reinvestment_rate": -7.79,
            "research_to_sale_ratio": 0.75,
            "price_fair": 90.39,
            "eps_avg_yearly": 2.58,
            "eps_latest_yearly": 3.12,
            "eps_growth_yearly": 86.37
        },
        "20212": {
            "year_quarter": 20212,
            "year": 2021,
            "quarter": 2,
            "eps": 0.76,
            "eps_growth_year": 13.43,
            "eps_4q": 2.56,
            "eps_4q_growth_year": 2.5,
            "roe": 3.96,
            "roe_4q": 12.959999999999999,
            "gross_profit": 164572,
            "gross_margin": 25.25,
            "gross_margin_4q_avg": 26.42,
            "net_income": 87176,
            "revenue": 651864,
            "common_shares": 1144373,
            "book_valuer_per_share": 19.6,
            "book_valuer_per_share_4q_avg": 19.78,
            "equity": 2243248,
            "current_ratio": 200.98,
            "debt_ratio": 44.88,
            "inventory_turnover_ratio": 0.44,
            "account_receivable_turnover_ratio": 0.82,
            "reinvestment_rate": -11.73,
            "research_to_sale_ratio": 0.82,
            "price_fair": 90.3,
            "eps_avg_yearly": 2.58,
            "eps_latest_yearly": 3.04,
            "eps_growth_yearly": 41.98
        },
        "20213": {
            "year_quarter": 20213,
            "year": 2021,
            "quarter": 3,
            "eps": 0.48,
            "eps_growth_year": 26.32,
            "eps_4q": 2.66,
            "eps_4q_growth_year": 6.21,
            "roe": 2.44,
            "roe_4q": 13.49,
            "gross_profit": 173797,
            "gross_margin": 24.6,
            "gross_margin_4q_avg": 25.72,
            "net_income": 55363,
            "revenue": 706395,
            "common_shares": 1144373,
            "book_valuer_per_share": 20.09,
            "book_valuer_per_share_4q_avg": 19.78,
            "equity": 2298527,
            "current_ratio": 241.75,
            "debt_ratio": 37.78,
            "inventory_turnover_ratio": 0.45,
            "account_receivable_turnover_ratio": 0.93,
            "reinvestment_rate": -10.96,
            "research_to_sale_ratio": 0.71,
            "price_fair": 88.38,
            "eps_avg_yearly": 2.53,
            "eps_latest_yearly": 1.92,
            "eps_growth_yearly": 35.04
        },
        "20214": {
            "year_quarter": 20214,
            "year": 2021,
            "quarter": 4,
            "eps": 0.97,
            "eps_growth_year": 53.29,
            "eps_4q": 3,
            "eps_4q_growth_year": 11.18,
            "roe": 4.68,
            "roe_4q": 15.059999999999999,
            "gross_profit": 233660,
            "gross_margin": 28.69,
            "gross_margin_4q_avg": 26.36,
            "net_income": 110908,
            "revenue": 814478,
            "common_shares": 1144373,
            "book_valuer_per_share": 21.32,
            "book_valuer_per_share_4q_avg": 19.97,
            "equity": 2439788,
            "current_ratio": 245.32,
            "debt_ratio": 36.48,
            "inventory_turnover_ratio": 0.48,
            "account_receivable_turnover_ratio": 1.09,
            "reinvestment_rate": -12.08,
            "research_to_sale_ratio": 1.08,
            "price_fair": 93.36,
            "eps_avg_yearly": 2.67,
            "eps_latest_yearly": 3.88,
            "eps_growth_yearly": 71.27
        },
        "20221": {
            "year_quarter": 20221,
            "year": 2022,
            "quarter": 1,
            "eps": 1.3,
            "eps_growth_year": 66.67,
            "eps_4q": 3.52,
            "eps_4q_growth_year": 42.55,
            "roe": 6.33,
            "roe_4q": 17.41,
            "gross_profit": 237113,
            "gross_margin": 27.55,
            "gross_margin_4q_avg": 26.52,
            "net_income": 149298,
            "revenue": 860638,
            "common_shares": 1144373,
            "book_valuer_per_share": 19.91,
            "book_valuer_per_share_4q_avg": 20.23,
            "equity": 2278381,
            "current_ratio": 207.95,
            "debt_ratio": 42.92,
            "inventory_turnover_ratio": 0.53,
            "account_receivable_turnover_ratio": 1.15,
            "reinvestment_rate": -3.83,
            "research_to_sale_ratio": 0.82,
            "price_fair": 101.06,
            "eps_avg_yearly": 2.89,
            "eps_latest_yearly": 5.2,
            "eps_growth_yearly": 78.53
        },
        "20222": {
            "year_quarter": 20222,
            "year": 2022,
            "quarter": 2,
            "eps": 1.2,
            "eps_growth_year": 57.89,
            "eps_4q": 3.96,
            "eps_4q_growth_year": 54.6,
            "roe": 5.84,
            "roe_4q": 19.290000000000003,
            "gross_profit": 278900,
            "gross_margin": 30.3,
            "gross_margin_4q_avg": 27.79,
            "net_income": 137076,
            "revenue": 920401,
            "common_shares": 1144373,
            "book_valuer_per_share": 21.12,
            "book_valuer_per_share_4q_avg": 20.61,
            "equity": 2416395,
            "current_ratio": 209.27,
            "debt_ratio": 43.4,
            "inventory_turnover_ratio": 0.58,
            "account_receivable_turnover_ratio": 1.16,
            "reinvestment_rate": -6.01,
            "research_to_sale_ratio": 0.73,
            "price_fair": 104.3,
            "eps_avg_yearly": 2.98,
            "eps_latest_yearly": 4.8,
            "eps_growth_yearly": 52.2
        },
        "20223": {
            "year_quarter": 20223,
            "year": 2022,
            "quarter": 3,
            "eps": 1.36,
            "eps_growth_year": 183.33,
            "eps_4q": 4.83,
            "eps_4q_growth_year": 81.52,
            "roe": 6.24,
            "roe_4q": 23.09,
            "gross_profit": 284278,
            "gross_margin": 35.29,
            "gross_margin_4q_avg": 30.46,
            "net_income": 155899,
            "revenue": 805649,
            "common_shares": 1144373,
            "book_valuer_per_share": 22.52,
            "book_valuer_per_share_4q_avg": 21.22,
            "equity": 2577050,
            "current_ratio": 235.24,
            "debt_ratio": 39.3,
            "inventory_turnover_ratio": 0.47,
            "account_receivable_turnover_ratio": 0.93,
            "reinvestment_rate": -7.34,
            "research_to_sale_ratio": 1.01,
            "price_fair": 109.64,
            "eps_avg_yearly": 3.13,
            "eps_latest_yearly": 5.44,
            "eps_growth_yearly": 57.94
        },
        "20224": {
            "year_quarter": 20224,
            "year": 2022,
            "quarter": 4,
            "eps": 1.31,
            "eps_growth_year": 35.36,
            "eps_4q": 5.18,
            "eps_4q_growth_year": 72.56,
            "roe": 5.62,
            "roe_4q": 24.03,
            "gross_profit": 298122,
            "gross_margin": 34.6,
            "gross_margin_4q_avg": 31.94,
            "net_income": 150127,
            "revenue": 861696,
            "common_shares": 1144373,
            "book_valuer_per_share": 24.16,
            "book_valuer_per_share_4q_avg": 21.93,
            "equity": 2764966,
            "current_ratio": 226.48,
            "debt_ratio": 40.23,
            "inventory_turnover_ratio": 0.49,
            "account_receivable_turnover_ratio": 0.96,
            "reinvestment_rate": -8.56,
            "research_to_sale_ratio": 1.05,
            "price_fair": 112.35,
            "eps_avg_yearly": 3.21,
            "eps_latest_yearly": 5.24,
            "eps_growth_yearly": 48.69
        },
        "20231": {
            "year_quarter": 20231,
            "year": 2023,
            "quarter": 1,
            "eps": 1.57,
            "eps_growth_year": 20.77,
            "eps_4q": 5.44,
            "eps_4q_growth_year": 54.71,
            "roe": 6.86,
            "roe_4q": 24.56,
            "gross_profit": 320949,
            "gross_margin": 38.65,
            "gross_margin_4q_avg": 34.71,
            "net_income": 179980,
            "revenue": 830417,
            "common_shares": 1144373,
            "book_valuer_per_share": 21.7,
            "book_valuer_per_share_4q_avg": 22.38,
            "equity": 2483857,
            "current_ratio": 197.16,
            "debt_ratio": 45.9,
            "inventory_turnover_ratio": 0.44,
            "account_receivable_turnover_ratio": 0.91,
            "reinvestment_rate": -6.84,
            "research_to_sale_ratio": 0.99,
            "price_fair": 121.54,
            "eps_avg_yearly": 3.47,
            "eps_latest_yearly": 6.28,
            "eps_growth_yearly": 65.65
        }
    },
    "months": {
        "2002-01": {
            "month": "2002-01",
            "price": "39.56",
            "revenue": 117587
        },
        "2002-02": {
            "month": "2002-02",
            "price": "41.19",
            "revenue": 96946
        },
        "2002-03": {
            "month": "2002-03",
            "price": "44.81",
            "revenue": 139694
        },
        "2002-04": {
            "month": "2002-04",
            "price": "44.00",
            "revenue": 143199
        },
        "2002-05": {
            "month": "2002-05",
            "price": "36.95",
            "revenue": 132475
        },
        "2002-06": {
            "month": "2002-06",
            "price": "31.94",
            "revenue": 202195
        },
        "2002-07": {
            "month": "2002-07",
            "price": "28.68",
            "revenue": 138634
        },
        "2002-08": {
            "month": "2002-08",
            "price": "20.26",
            "revenue": 120190
        },
        "2002-09": {
            "month": "2002-09",
            "price": "16.46",
            "revenue": 145271
        },
        "2002-10": {
            "month": "2002-10",
            "price": "18.10",
            "revenue": 187692
        },
        "2002-11": {
            "month": "2002-11",
            "price": "17.73",
            "revenue": 152499
        },
        "2002-12": {
            "month": "2002-12",
            "price": "16.25",
            "revenue": 170059
        },
        "2003-01": {
            "month": "2003-01",
            "price": "16.25",
            "revenue": 131361
        },
        "2003-02": {
            "month": "2003-02",
            "price": "15.44",
            "revenue": 85686
        },
        "2003-03": {
            "month": "2003-03",
            "price": "15.32",
            "revenue": 148632
        },
        "2003-04": {
            "month": "2003-04",
            "price": "14.35",
            "revenue": 127812
        },
        "2003-05": {
            "month": "2003-05",
            "price": "11.20",
            "revenue": 123808
        },
        "2003-06": {
            "month": "2003-06",
            "price": "13.27",
            "revenue": 177621
        },
        "2003-07": {
            "month": "2003-07",
            "price": "13.92",
            "revenue": 138813
        },
        "2003-08": {
            "month": "2003-08",
            "price": "11.54",
            "revenue": 158660
        },
        "2003-09": {
            "month": "2003-09",
            "price": "10.25",
            "revenue": 137317
        },
        "2003-10": {
            "month": "2003-10",
            "price": "11.38",
            "revenue": 190028
        },
        "2003-11": {
            "month": "2003-11",
            "price": "11.57",
            "revenue": 150472
        },
        "2003-12": {
            "month": "2003-12",
            "price": "11.22",
            "revenue": 223776
        },
        "2004-01": {
            "month": "2004-01",
            "price": "11.88",
            "revenue": 105500
        },
        "2004-02": {
            "month": "2004-02",
            "price": "14.16",
            "revenue": 168290
        },
        "2004-03": {
            "month": "2004-03",
            "price": "13.52",
            "revenue": 206200
        },
        "2004-04": {
            "month": "2004-04",
            "price": "14.10",
            "revenue": 279985
        },
        "2004-05": {
            "month": "2004-05",
            "price": "13.38",
            "revenue": 280884
        },
        "2004-06": {
            "month": "2004-06",
            "price": "13.15",
            "revenue": 312009
        },
        "2004-07": {
            "month": "2004-07",
            "price": "12.35",
            "revenue": 255594
        },
        "2004-08": {
            "month": "2004-08",
            "price": "12.17",
            "revenue": 228654
        },
        "2004-09": {
            "month": "2004-09",
            "price": "12.69",
            "revenue": 240043
        },
        "2004-10": {
            "month": "2004-10",
            "price": "13.03",
            "revenue": 302649
        },
        "2004-11": {
            "month": "2004-11",
            "price": "12.49",
            "revenue": 316251
        },
        "2004-12": {
            "month": "2004-12",
            "price": "12.57",
            "revenue": 316326
        },
        "2005-01": {
            "month": "2005-01",
            "price": "12.26",
            "revenue": 204441
        },
        "2005-02": {
            "month": "2005-02",
            "price": "12.02",
            "revenue": 261846
        },
        "2005-03": {
            "month": "2005-03",
            "price": "12.81",
            "revenue": 289569
        },
        "2005-04": {
            "month": "2005-04",
            "price": "12.73",
            "revenue": 270396
        },
        "2005-05": {
            "month": "2005-05",
            "price": "11.81",
            "revenue": 264776
        },
        "2005-06": {
            "month": "2005-06",
            "price": "12.41",
            "revenue": 207650
        },
        "2005-07": {
            "month": "2005-07",
            "price": "15.69",
            "revenue": 282262
        },
        "2005-08": {
            "month": "2005-08",
            "price": "15.38",
            "revenue": 325259
        },
        "2005-09": {
            "month": "2005-09",
            "price": "13.81",
            "revenue": 239513
        },
        "2005-10": {
            "month": "2005-10",
            "price": "12.68",
            "revenue": 167687
        },
        "2005-11": {
            "month": "2005-11",
            "price": "11.88",
            "revenue": 268761
        },
        "2005-12": {
            "month": "2005-12",
            "price": "13.27",
            "revenue": 248708
        },
        "2006-01": {
            "month": "2006-01",
            "price": "13.32",
            "revenue": 192933
        },
        "2006-02": {
            "month": "2006-02",
            "price": "12.19",
            "revenue": 203287
        },
        "2006-03": {
            "month": "2006-03",
            "price": "12.19",
            "revenue": 243053
        },
        "2006-04": {
            "month": "2006-04",
            "price": "14.14",
            "revenue": 242651
        },
        "2006-05": {
            "month": "2006-05",
            "price": "16.89",
            "revenue": 206930
        },
        "2006-06": {
            "month": "2006-06",
            "price": "15.30",
            "revenue": 215505
        },
        "2006-07": {
            "month": "2006-07",
            "price": "14.93",
            "revenue": 172264
        },
        "2006-08": {
            "month": "2006-08",
            "price": "13.75",
            "revenue": 250447
        },
        "2006-09": {
            "month": "2006-09",
            "price": "12.42",
            "revenue": 187963
        },
        "2006-10": {
            "month": "2006-10",
            "price": "12.94",
            "revenue": 205324
        },
        "2006-11": {
            "month": "2006-11",
            "price": "13.44",
            "revenue": 213117
        },
        "2006-12": {
            "month": "2006-12",
            "price": "14.45",
            "revenue": 178164
        },
        "2007-01": {
            "month": "2007-01",
            "price": "15.57",
            "revenue": 234203
        },
        "2007-02": {
            "month": "2007-02",
            "price": "15.50",
            "revenue": 166726
        },
        "2007-03": {
            "month": "2007-03",
            "price": "16.03",
            "revenue": 167401
        },
        "2007-04": {
            "month": "2007-04",
            "price": "16.10",
            "revenue": 230175
        },
        "2007-05": {
            "month": "2007-05",
            "price": "16.49",
            "revenue": 260220
        },
        "2007-06": {
            "month": "2007-06",
            "price": "20.62",
            "revenue": 189893
        },
        "2007-07": {
            "month": "2007-07",
            "price": "20.09",
            "revenue": 208477
        },
        "2007-08": {
            "month": "2007-08",
            "price": "15.94",
            "revenue": 235493
        },
        "2007-09": {
            "month": "2007-09",
            "price": "16.03",
            "revenue": 214702
        },
        "2007-10": {
            "month": "2007-10",
            "price": "15.70",
            "revenue": 183265
        },
        "2007-11": {
            "month": "2007-11",
            "price": "13.53",
            "revenue": 143315
        },
        "2007-12": {
            "month": "2007-12",
            "price": "11.58",
            "revenue": 133263
        },
        "2008-01": {
            "month": "2008-01",
            "price": "10.27",
            "revenue": 151884
        },
        "2008-02": {
            "month": "2008-02",
            "price": "10.76",
            "revenue": 162763
        },
        "2008-03": {
            "month": "2008-03",
            "price": "11.65",
            "revenue": 89414
        },
        "2008-04": {
            "month": "2008-04",
            "price": "12.52",
            "revenue": 171891
        },
        "2008-05": {
            "month": "2008-05",
            "price": "13.04",
            "revenue": 152158
        },
        "2008-06": {
            "month": "2008-06",
            "price": "12.12",
            "revenue": 175630
        },
        "2008-07": {
            "month": "2008-07",
            "price": "10.17",
            "revenue": 152118
        },
        "2008-08": {
            "month": "2008-08",
            "price": "10.01",
            "revenue": 109556
        },
        "2008-09": {
            "month": "2008-09",
            "price": "8.65",
            "revenue": 107914
        },
        "2008-10": {
            "month": "2008-10",
            "price": "7.58",
            "revenue": 83024
        },
        "2008-11": {
            "month": "2008-11",
            "price": "5.91",
            "revenue": 54051
        },
        "2008-12": {
            "month": "2008-12",
            "price": "6.44",
            "revenue": 58021
        },
        "2009-01": {
            "month": "2009-01",
            "price": "7.06",
            "revenue": 57347
        },
        "2009-02": {
            "month": "2009-02",
            "price": "6.77",
            "revenue": 34718
        },
        "2009-03": {
            "month": "2009-03",
            "price": "7.56",
            "revenue": 55386
        },
        "2009-04": {
            "month": "2009-04",
            "price": "8.91",
            "revenue": 57607
        },
        "2009-05": {
            "month": "2009-05",
            "price": "9.18",
            "revenue": 98544
        },
        "2009-06": {
            "month": "2009-06",
            "price": "8.42",
            "revenue": 74416
        },
        "2009-07": {
            "month": "2009-07",
            "price": "8.86",
            "revenue": 72579
        },
        "2009-08": {
            "month": "2009-08",
            "price": "10.73",
            "revenue": 62592
        },
        "2009-09": {
            "month": "2009-09",
            "price": "10.82",
            "revenue": 141082
        },
        "2009-10": {
            "month": "2009-10",
            "price": "13.02",
            "revenue": 91577
        },
        "2009-11": {
            "month": "2009-11",
            "price": "13.98",
            "revenue": 108742
        },
        "2009-12": {
            "month": "2009-12",
            "price": "21.74",
            "revenue": 121325
        },
        "2010-01": {
            "month": "2010-01",
            "price": "19.49",
            "revenue": 103691
        },
        "2010-02": {
            "month": "2010-02",
            "price": "17.08",
            "revenue": 90899
        },
        "2010-03": {
            "month": "2010-03",
            "price": "20.04",
            "revenue": 112669
        },
        "2010-04": {
            "month": "2010-04",
            "price": "19.47",
            "revenue": 149061
        },
        "2010-05": {
            "month": "2010-05",
            "price": "16.88",
            "revenue": 176097
        },
        "2010-06": {
            "month": "2010-06",
            "price": "16.59",
            "revenue": 197099
        },
        "2010-07": {
            "month": "2010-07",
            "price": "18.14",
            "revenue": 176534
        },
        "2010-08": {
            "month": "2010-08",
            "price": "18.35",
            "revenue": 162626
        },
        "2010-09": {
            "month": "2010-09",
            "price": "19.60",
            "revenue": 190276
        },
        "2010-10": {
            "month": "2010-10",
            "price": "20.29",
            "revenue": 161916
        },
        "2010-11": {
            "month": "2010-11",
            "price": "17.93",
            "revenue": 174583
        },
        "2010-12": {
            "month": "2010-12",
            "price": "18.40",
            "revenue": 214338
        },
        "2011-01": {
            "month": "2011-01",
            "price": "18.34",
            "revenue": 192142
        },
        "2011-02": {
            "month": "2011-02",
            "price": "18.64",
            "revenue": 163827
        },
        "2011-03": {
            "month": "2011-03",
            "price": "18.61",
            "revenue": 189588
        },
        "2011-04": {
            "month": "2011-04",
            "price": "19.99",
            "revenue": 235678
        },
        "2011-05": {
            "month": "2011-05",
            "price": "23.20",
            "revenue": 194639
        },
        "2011-06": {
            "month": "2011-06",
            "price": "22.05",
            "revenue": 197441
        },
        "2011-07": {
            "month": "2011-07",
            "price": "21.84",
            "revenue": 216198
        },
        "2011-08": {
            "month": "2011-08",
            "price": "19.30",
            "revenue": 224517
        },
        "2011-09": {
            "month": "2011-09",
            "price": "19.91",
            "revenue": 215085
        },
        "2011-10": {
            "month": "2011-10",
            "price": "20.47",
            "revenue": 201773
        },
        "2011-11": {
            "month": "2011-11",
            "price": "21.67",
            "revenue": 190854
        },
        "2011-12": {
            "month": "2011-12",
            "price": "20.09",
            "revenue": 183200
        },
        "2012-01": {
            "month": "2012-01",
            "price": "20.86",
            "revenue": 188020
        },
        "2012-02": {
            "month": "2012-02",
            "price": "25.22",
            "revenue": 163968
        },
        "2012-03": {
            "month": "2012-03",
            "price": "28.47",
            "revenue": 173091
        },
        "2012-04": {
            "month": "2012-04",
            "price": "28.72",
            "revenue": 184019
        },
        "2012-05": {
            "month": "2012-05",
            "price": "26.94",
            "revenue": 198908
        },
        "2012-06": {
            "month": "2012-06",
            "price": "25.68",
            "revenue": 203839
        },
        "2012-07": {
            "month": "2012-07",
            "price": "24.99",
            "revenue": 209489
        },
        "2012-08": {
            "month": "2012-08",
            "price": "24.31",
            "revenue": 203242
        },
        "2012-09": {
            "month": "2012-09",
            "price": "25.36",
            "revenue": 193400
        },
        "2012-10": {
            "month": "2012-10",
            "price": "24.68",
            "revenue": 198498
        },
        "2012-11": {
            "month": "2012-11",
            "price": "25.35",
            "revenue": 210762
        },
        "2012-12": {
            "month": "2012-12",
            "price": "26.17",
            "revenue": 167675
        },
        "2013-01": {
            "month": "2013-01",
            "price": "25.84",
            "revenue": 172400
        },
        "2013-02": {
            "month": "2013-02",
            "price": "25.82",
            "revenue": 176164
        },
        "2013-03": {
            "month": "2013-03",
            "price": "27.02",
            "revenue": 206740
        },
        "2013-04": {
            "month": "2013-04",
            "price": "28.02",
            "revenue": 210447
        },
        "2013-05": {
            "month": "2013-05",
            "price": "28.22",
            "revenue": 180079
        },
        "2013-06": {
            "month": "2013-06",
            "price": "27.44",
            "revenue": 200410
        },
        "2013-07": {
            "month": "2013-07",
            "price": "26.31",
            "revenue": 209699
        },
        "2013-08": {
            "month": "2013-08",
            "price": "25.01",
            "revenue": 174828
        },
        "2013-09": {
            "month": "2013-09",
            "price": "25.89",
            "revenue": 165437
        },
        "2013-10": {
            "month": "2013-10",
            "price": "25.15",
            "revenue": 157917
        },
        "2013-11": {
            "month": "2013-11",
            "price": "23.31",
            "revenue": 160367
        },
        "2013-12": {
            "month": "2013-12",
            "price": "23.11",
            "revenue": 182195
        },
        "2014-01": {
            "month": "2014-01",
            "price": "24.17",
            "revenue": 180026
        },
        "2014-02": {
            "month": "2014-02",
            "price": "24.93",
            "revenue": 162831
        },
        "2014-03": {
            "month": "2014-03",
            "price": "25.76",
            "revenue": 185479
        },
        "2014-04": {
            "month": "2014-04",
            "price": "26.50",
            "revenue": 189096
        },
        "2014-05": {
            "month": "2014-05",
            "price": "27.77",
            "revenue": 197756
        },
        "2014-06": {
            "month": "2014-06",
            "price": "29.44",
            "revenue": 214893
        },
        "2014-07": {
            "month": "2014-07",
            "price": "29.14",
            "revenue": 195582
        },
        "2014-08": {
            "month": "2014-08",
            "price": "29.14",
            "revenue": 216514
        },
        "2014-09": {
            "month": "2014-09",
            "price": "29.81",
            "revenue": 212831
        },
        "2014-10": {
            "month": "2014-10",
            "price": "28.59",
            "revenue": 202769
        },
        "2014-11": {
            "month": "2014-11",
            "price": "28.14",
            "revenue": 206074
        },
        "2014-12": {
            "month": "2014-12",
            "price": "28.52",
            "revenue": 195435
        },
        "2015-01": {
            "month": "2015-01",
            "price": "29.16",
            "revenue": 203410
        },
        "2015-02": {
            "month": "2015-02",
            "price": "29.18",
            "revenue": 173649
        },
        "2015-03": {
            "month": "2015-03",
            "price": "30.85",
            "revenue": 193804
        },
        "2015-04": {
            "month": "2015-04",
            "price": "32.08",
            "revenue": 190526
        },
        "2015-05": {
            "month": "2015-05",
            "price": "29.54",
            "revenue": 174267
        },
        "2015-06": {
            "month": "2015-06",
            "price": "27.36",
            "revenue": 192880
        },
        "2015-07": {
            "month": "2015-07",
            "price": "23.30",
            "revenue": 178416
        },
        "2015-08": {
            "month": "2015-08",
            "price": "18.36",
            "revenue": 179255
        },
        "2015-09": {
            "month": "2015-09",
            "price": "17.72",
            "revenue": 191609
        },
        "2015-10": {
            "month": "2015-10",
            "price": "19.45",
            "revenue": 173185
        },
        "2015-11": {
            "month": "2015-11",
            "price": "22.17",
            "revenue": 159278
        },
        "2015-12": {
            "month": "2015-12",
            "price": "21.77",
            "revenue": 190306
        },
        "2016-01": {
            "month": "2016-01",
            "price": "20.47",
            "revenue": 214556
        },
        "2016-02": {
            "month": "2016-02",
            "price": "22.35",
            "revenue": 200012
        },
        "2016-03": {
            "month": "2016-03",
            "price": "24.70",
            "revenue": 215557
        },
        "2016-04": {
            "month": "2016-04",
            "price": "25.68",
            "revenue": 187829
        },
        "2016-05": {
            "month": "2016-05",
            "price": "26.07",
            "revenue": 182055
        },
        "2016-06": {
            "month": "2016-06",
            "price": "26.80",
            "revenue": 184415
        },
        "2016-07": {
            "month": "2016-07",
            "price": "25.58",
            "revenue": 224825
        },
        "2016-08": {
            "month": "2016-08",
            "price": "26.01",
            "revenue": 183338
        },
        "2016-09": {
            "month": "2016-09",
            "price": "26.34",
            "revenue": 175123
        },
        "2016-10": {
            "month": "2016-10",
            "price": "25.53",
            "revenue": 173720
        },
        "2016-11": {
            "month": "2016-11",
            "price": "25.58",
            "revenue": 186560
        },
        "2016-12": {
            "month": "2016-12",
            "price": "26.88",
            "revenue": 184385
        },
        "2017-01": {
            "month": "2017-01",
            "price": "27.18",
            "revenue": 197704
        },
        "2017-02": {
            "month": "2017-02",
            "price": "28.43",
            "revenue": 162176
        },
        "2017-03": {
            "month": "2017-03",
            "price": "29.34",
            "revenue": 188960
        },
        "2017-04": {
            "month": "2017-04",
            "price": "28.29",
            "revenue": 164796
        },
        "2017-05": {
            "month": "2017-05",
            "price": "27.55",
            "revenue": 187971
        },
        "2017-06": {
            "month": "2017-06",
            "price": "27.33",
            "revenue": 205434
        },
        "2017-07": {
            "month": "2017-07",
            "price": "25.81",
            "revenue": 181972
        },
        "2017-08": {
            "month": "2017-08",
            "price": "25.16",
            "revenue": 195326
        },
        "2017-09": {
            "month": "2017-09",
            "price": "25.69",
            "revenue": 204815
        },
        "2017-10": {
            "month": "2017-10",
            "price": "26.07",
            "revenue": 198992
        },
        "2017-11": {
            "month": "2017-11",
            "price": "26.48",
            "revenue": 195352
        },
        "2017-12": {
            "month": "2017-12",
            "price": "26.26",
            "revenue": 198185
        },
        "2018-01": {
            "month": "2018-01",
            "price": "26.83",
            "revenue": 193497
        },
        "2018-02": {
            "month": "2018-02",
            "price": "26.32",
            "revenue": 193505
        },
        "2018-03": {
            "month": "2018-03",
            "price": "26.73",
            "revenue": 197726
        },
        "2018-04": {
            "month": "2018-04",
            "price": "26.06",
            "revenue": 207811
        },
        "2018-05": {
            "month": "2018-05",
            "price": "26.29",
            "revenue": 202603
        },
        "2018-06": {
            "month": "2018-06",
            "price": "26.49",
            "revenue": 221100
        },
        "2018-07": {
            "month": "2018-07",
            "price": "25.54",
            "revenue": 202545
        },
        "2018-08": {
            "month": "2018-08",
            "price": "25.70",
            "revenue": 215970
        },
        "2018-09": {
            "month": "2018-09",
            "price": "25.71",
            "revenue": 197475
        },
        "2018-10": {
            "month": "2018-10",
            "price": "24.69",
            "revenue": 191316
        },
        "2018-11": {
            "month": "2018-11",
            "price": "24.27",
            "revenue": 186804
        },
        "2018-12": {
            "month": "2018-12",
            "price": "24.63",
            "revenue": 190169
        },
        "2019-01": {
            "month": "2019-01",
            "price": "24.77",
            "revenue": 220964
        },
        "2019-02": {
            "month": "2019-02",
            "price": "25.76",
            "revenue": 164457
        },
        "2019-03": {
            "month": "2019-03",
            "price": "27.21",
            "revenue": 201193
        },
        "2019-04": {
            "month": "2019-04",
            "price": "30.25",
            "revenue": 233781
        },
        "2019-05": {
            "month": "2019-05",
            "price": "30.45",
            "revenue": 198130
        },
        "2019-06": {
            "month": "2019-06",
            "price": "30.19",
            "revenue": 216002
        },
        "2019-07": {
            "month": "2019-07",
            "price": "28.73",
            "revenue": 198822
        },
        "2019-08": {
            "month": "2019-08",
            "price": "27.57",
            "revenue": 213370
        },
        "2019-09": {
            "month": "2019-09",
            "price": "27.94",
            "revenue": 207926
        },
        "2019-10": {
            "month": "2019-10",
            "price": "28.22",
            "revenue": 204235
        },
        "2019-11": {
            "month": "2019-11",
            "price": "28.00",
            "revenue": 199779
        },
        "2019-12": {
            "month": "2019-12",
            "price": "27.68",
            "revenue": 224353
        },
        "2020-01": {
            "month": "2020-01",
            "price": "27.76",
            "revenue": 210399
        },
        "2020-02": {
            "month": "2020-02",
            "price": "27.41",
            "revenue": 190009
        },
        "2020-03": {
            "month": "2020-03",
            "price": "25.73",
            "revenue": 205812
        },
        "2020-04": {
            "month": "2020-04",
            "price": "28.10",
            "revenue": 238173
        },
        "2020-05": {
            "month": "2020-05",
            "price": "32.82",
            "revenue": 208217
        },
        "2020-06": {
            "month": "2020-06",
            "price": "35.17",
            "revenue": 209018
        },
        "2020-07": {
            "month": "2020-07",
            "price": "33.44",
            "revenue": 203482
        },
        "2020-08": {
            "month": "2020-08",
            "price": "32.18",
            "revenue": 206433
        },
        "2020-09": {
            "month": "2020-09",
            "price": "32.81",
            "revenue": 231360
        },
        "2020-10": {
            "month": "2020-10",
            "price": "33.92",
            "revenue": 194232
        },
        "2020-11": {
            "month": "2020-11",
            "price": "33.30",
            "revenue": 205832
        },
        "2020-12": {
            "month": "2020-12",
            "price": "33.88",
            "revenue": 297034
        },
        "2021-01": {
            "month": "2021-01",
            "price": "34.63",
            "revenue": 245760
        },
        "2021-02": {
            "month": "2021-02",
            "price": "34.56",
            "revenue": 272557
        },
        "2021-03": {
            "month": "2021-03",
            "price": "36.83",
            "revenue": 248287
        },
        "2021-04": {
            "month": "2021-04",
            "price": "40.23",
            "revenue": 215669
        },
        "2021-05": {
            "month": "2021-05",
            "price": "37.13",
            "revenue": 205855
        },
        "2021-06": {
            "month": "2021-06",
            "price": "38.47",
            "revenue": 232273
        },
        "2021-07": {
            "month": "2021-07",
            "price": "38.63",
            "revenue": 239327
        },
        "2021-08": {
            "month": "2021-08",
            "price": "38.82",
            "revenue": 238658
        },
        "2021-09": {
            "month": "2021-09",
            "price": "40.58",
            "revenue": 229939
        },
        "2021-10": {
            "month": "2021-10",
            "price": "38.09",
            "revenue": 244105
        },
        "2021-11": {
            "month": "2021-11",
            "price": "37.95",
            "revenue": 280066
        },
        "2021-12": {
            "month": "2021-12",
            "price": "37.92",
            "revenue": 290240
        },
        "2022-01": {
            "month": "2022-01",
            "price": "38.13",
            "revenue": 285662
        },
        "2022-02": {
            "month": "2022-02",
            "price": "39.73",
            "revenue": 277633
        },
        "2022-03": {
            "month": "2022-03",
            "price": "40.33",
            "revenue": 297787
        },
        "2022-04": {
            "month": "2022-04",
            "price": "41.73",
            "revenue": 234240
        },
        "2022-05": {
            "month": "2022-05",
            "price": "40.99",
            "revenue": 290161
        },
        "2022-06": {
            "month": "2022-06",
            "price": "41.97",
            "revenue": 396443
        },
        "2022-07": {
            "month": "2022-07",
            "price": "41.72",
            "revenue": 264948
        },
        "2022-08": {
            "month": "2022-08",
            "price": "42.46",
            "revenue": 266951
        },
        "2022-09": {
            "month": "2022-09",
            "price": "41.20",
            "revenue": 273795
        },
        "2022-10": {
            "month": "2022-10",
            "price": "40.27",
            "revenue": 281479
        },
        "2022-11": {
            "month": "2022-11",
            "price": "41.97",
            "revenue": 269586
        },
        "2022-12": {
            "month": "2022-12",
            "price": "43.20",
            "revenue": 313190
        },
        "2023-01": {
            "month": "2023-01",
            "price": "45.28",
            "revenue": 265055
        },
        "2023-02": {
            "month": "2023-02",
            "price": "49.07",
            "revenue": 273974
        },
        "2023-03": {
            "month": "2023-03",
            "price": "53.00",
            "revenue": 292109
        },
        "2023-04": {
            "month": "2023-04",
            "price": "53.21",
            "revenue": 251783
        }
    }
}
