{
    "summary": {
        "stock_name": "普安",
        "stock_id": "2495",
        "category": "電腦及週邊設備",
        "main_business": "個人電腦及週邊設備設計研究開發，製造及買賣業務．<br>通訊網路設備設計開發，製造及買賣業務．<br>電腦軟體程式系統分析設計及電腦資料處理業務．",
        "website_url": "http://www.infortrend.com",
        "ceo": "羅仕東",
        "pe_ratio": 29,
        "report_year_from": 2001,
        "report_year_to": 2023,
        "age": 22,
        "eps_negative_percentage": 4,
        "eps_growth_avg": {
            "last_all": -4.67,
            "last_2y": -26.42,
            "last_4y": 4.23,
            "last_8y": 14.76,
            "last_12y": -6.43,
            "last_16y": -8.69,
            "last_20y": -4.67,
            "at_2006_last_3y": 15.5,
            "at_2007_last_3y": -1.96,
            "at_2008_last_3y": -13.63,
            "at_2009_last_3y": -15.45,
            "at_2010_last_3y": -17.13,
            "at_2011_last_3y": -35.11,
            "at_2012_last_3y": -41.84,
            "at_2013_last_3y": -48.83,
            "at_2014_last_3y": -16.03,
            "at_2015_last_3y": 9.18,
            "at_2016_last_3y": 25.37,
            "at_2017_last_3y": 25.3,
            "at_2018_last_3y": 0.3,
            "at_2019_last_3y": 2.96,
            "at_2020_last_3y": -22.51,
            "at_2021_last_3y": -10.08,
            "at_2022_last_3y": 5.65,
            "at_2023_last_3y": 5.65,
            "at_2006_last_all": 4.21,
            "at_2007_last_all": 8.54,
            "at_2008_last_all": 2.19,
            "at_2009_last_all": -2.03,
            "at_2010_last_all": -5.27,
            "at_2011_last_all": -8.92,
            "at_2012_last_all": -13.82,
            "at_2013_last_all": -17.63,
            "at_2014_last_all": -8.58,
            "at_2015_last_all": -3.75,
            "at_2016_last_all": -3.37,
            "at_2017_last_all": -6.9,
            "at_2018_last_all": -6.49,
            "at_2019_last_all": -2.26,
            "at_2020_last_all": -7.4,
            "at_2021_last_all": -7.4,
            "at_2022_last_all": -4.67,
            "at_2023_last_all": -4.67
        },
        "latest_eps": 0.86,
        "latest_price": 25.25,
        "latest_roe": 5.66,
        "latest_gross_margin": 51.58,
        "latest_equity": 4209356,
        "latest_revenue": 364407,
        "latest_gross_profit": 187950,
        "latest_net_income": 69886,
        "latest_debt_ratio": 35.24,
        "latest_current_ratio": 257.38,
        "latest_account_receivable_turnover_ratio": 2.15,
        "latest_inventory_turnover_ratio": 0.3,
        "latest_reinvestment_rate": 11.84,
        "latest_research_to_sale_ratio": 18.32
    },
    "eps_dividends": {
        "2000": {
            "cash": 0,
            "stock": 8.2,
            "eps": 0
        },
        "2001": {
            "cash": 1.9,
            "stock": 5,
            "eps": 5.13
        },
        "2002": {
            "cash": 0.7,
            "stock": 3,
            "eps": 3.03
        },
        "2003": {
            "cash": 1,
            "stock": 1.4,
            "eps": 7.8
        },
        "2004": {
            "cash": 2.5,
            "stock": 3.5,
            "eps": 8.64
        },
        "2005": {
            "cash": 4,
            "stock": 2,
            "eps": 6.54
        },
        "2006": {
            "cash": 4,
            "stock": 1,
            "eps": 4.94
        },
        "2007": {
            "cash": 3.01,
            "stock": 1,
            "eps": 6.43
        },
        "2008": {
            "cash": 3.51,
            "stock": 0.8,
            "eps": 4.12
        },
        "2009": {
            "cash": 3.2,
            "stock": 0.4,
            "eps": 2.82
        },
        "2010": {
            "cash": 2.5,
            "stock": 0,
            "eps": 1.94
        },
        "2011": {
            "cash": 3.2,
            "stock": 0,
            "eps": 1.13
        },
        "2012": {
            "cash": 0,
            "stock": 0,
            "eps": 0.42
        },
        "2013": {
            "cash": 0.35,
            "stock": 0,
            "eps": 0.17
        },
        "2014": {
            "cash": 0.15,
            "stock": 0,
            "eps": 0.66
        },
        "2015": {
            "cash": 0.6,
            "stock": 0,
            "eps": 1.05
        },
        "2016": {
            "cash": 0.9,
            "stock": 0,
            "eps": 1.07
        },
        "2017": {
            "cash": 0.9,
            "stock": 0,
            "eps": 0.43
        },
        "2018": {
            "cash": 0.4,
            "stock": 0,
            "eps": 0.43
        },
        "2019": {
            "cash": 0.4,
            "stock": 0,
            "eps": 0.73
        },
        "2020": {
            "cash": 0.6,
            "stock": 0,
            "eps": -0.23
        },
        "2021": {
            "cash": 0.3,
            "stock": 0,
            "eps": 0.53
        },
        "2022": {
            "cash": 0.4,
            "stock": 0,
            "eps": 0.78
        },
        "2023": {
            "cash": 0.6,
            "stock": 0,
            "eps": 0.26
        }
    },
    "dividends": {
        "2000-05-18": {
            "cash": 0,
            "stock": 8.2
        },
        "2001-06-27": {
            "cash": 1.9,
            "stock": 5
        },
        "2002-06-27": {
            "cash": 0.7,
            "stock": 3
        },
        "2003-03-28": {
            "cash": 1,
            "stock": 1.4
        },
        "2004-03-10": {
            "cash": 2.5,
            "stock": 3.5
        },
        "2005-03-21": {
            "cash": 4,
            "stock": 2
        },
        "2006-03-20": {
            "cash": 4,
            "stock": 1
        },
        "2007-03-23": {
            "cash": 3.01,
            "stock": 1
        },
        "2008-03-20": {
            "cash": 3.51,
            "stock": 0.8
        },
        "2009-03-13": {
            "cash": 3.2,
            "stock": 0.4
        },
        "2010-03-24": {
            "cash": 2.5,
            "stock": 0
        },
        "2011-01-01": {
            "cash": 1,
            "stock": 0
        },
        "2011-03-15": {
            "cash": 2.2,
            "stock": 0
        },
        "2013-03-21": {
            "cash": 0.35,
            "stock": 0
        },
        "2014-06-13": {
            "cash": 0.15,
            "stock": 0
        },
        "2015-08-25": {
            "cash": 0.6,
            "stock": 0
        },
        "2016-08-25": {
            "cash": 0.9,
            "stock": 0
        },
        "2017-08-28": {
            "cash": 0.9,
            "stock": 0
        },
        "2018-08-28": {
            "cash": 0.4,
            "stock": 0
        },
        "2019-08-28": {
            "cash": 0.4,
            "stock": 0
        },
        "2020-08-26": {
            "cash": 0.6,
            "stock": 0
        },
        "2021-09-28": {
            "cash": 0.3,
            "stock": 0
        },
        "2022-08-26": {
            "cash": 0.4,
            "stock": 0
        },
        "2023-03-09": {
            "cash": 0.6,
            "stock": 0
        }
    },
    "prices": {
        "200101": "無",
        "200102": "無",
        "200103": "無",
        "200104": "無",
        "200105": "無",
        "200106": "無",
        "200107": "無",
        "200108": "無",
        "200109": "無",
        "200110": "無",
        "200111": "無",
        "200112": "無",
        "200201": "無",
        "200202": "無",
        "200203": "125.00",
        "200204": "130.36",
        "200205": "120.32",
        "200206": "107.65",
        "200207": "90.70",
        "200208": "57.61",
        "200209": "63.62",
        "200210": "56.04",
        "200211": "59.10",
        "200212": "60.34",
        "200301": "57.76",
        "200302": "59.19",
        "200303": "55.98",
        "200304": "61.36",
        "200305": "80.83",
        "200306": "89.28",
        "200307": "105.52",
        "200308": "117.26",
        "200309": "116.48",
        "200310": "106.91",
        "200311": "98.52",
        "200312": "108.37",
        "200401": "113.03",
        "200402": "128.45",
        "200403": "125.20",
        "200404": "129.30",
        "200405": "116.12",
        "200406": "103.81",
        "200407": "86.48",
        "200408": "85.45",
        "200409": "73.69",
        "200410": "63.38",
        "200411": "64.61",
        "200412": "69.28",
        "200501": "64.55",
        "200502": "71.42",
        "200503": "73.61",
        "200504": "67.96",
        "200505": "64.15",
        "200506": "66.17",
        "200507": "68.12",
        "200508": "68.11",
        "200509": "58.40",
        "200510": "56.66",
        "200511": "51.86",
        "200512": "52.65",
        "200601": "48.59",
        "200602": "45.44",
        "200603": "44.55",
        "200604": "48.70",
        "200605": "53.39",
        "200606": "50.16",
        "200607": "46.91",
        "200608": "48.03",
        "200609": "38.98",
        "200610": "39.27",
        "200611": "44.22",
        "200612": "49.16",
        "200701": "53.81",
        "200702": "52.12",
        "200703": "52.83",
        "200704": "59.12",
        "200705": "59.22",
        "200706": "66.34",
        "200707": "67.89",
        "200708": "58.82",
        "200709": "58.55",
        "200710": "55.68",
        "200711": "50.48",
        "200712": "47.13",
        "200801": "45.28",
        "200802": "45.77",
        "200803": "48.07",
        "200804": "51.00",
        "200805": "50.11",
        "200806": "44.43",
        "200807": "36.01",
        "200808": "35.87",
        "200809": "26.69",
        "200810": "23.83",
        "200811": "21.66",
        "200812": "22.76",
        "200901": "23.21",
        "200902": "26.58",
        "200903": "30.74",
        "200904": "36.79",
        "200905": "39.89",
        "200906": "38.07",
        "200907": "40.25",
        "200908": "41.10",
        "200909": "39.76",
        "200910": "49.91",
        "200911": "50.93",
        "200912": "53.89",
        "201001": "52.04",
        "201002": "46.92",
        "201003": "49.25",
        "201004": "49.17",
        "201005": "42.60",
        "201006": "42.85",
        "201007": "43.78",
        "201008": "41.81",
        "201009": "40.93",
        "201010": "40.08",
        "201011": "36.84",
        "201012": "38.84",
        "201101": "39.04",
        "201102": "37.03",
        "201103": "38.47",
        "201104": "37.49",
        "201105": "37.06",
        "201106": "42.72",
        "201107": "36.28",
        "201108": "30.62",
        "201109": "28.84",
        "201110": "30.04",
        "201111": "28.72",
        "201112": "23.26",
        "201201": "24.80",
        "201202": "29.11",
        "201203": "27.51",
        "201204": "23.92",
        "201205": "22.40",
        "201206": "20.12",
        "201207": "19.53",
        "201208": "19.82",
        "201209": "19.76",
        "201210": "18.62",
        "201211": "15.19",
        "201212": "15.82",
        "201301": "16.81",
        "201302": "17.52",
        "201303": "16.66",
        "201304": "15.56",
        "201305": "15.63",
        "201306": "15.12",
        "201307": "14.68",
        "201308": "14.84",
        "201309": "14.73",
        "201310": "16.44",
        "201311": "17.02",
        "201312": "20.21",
        "201401": "21.20",
        "201402": "19.39",
        "201403": "20.80",
        "201404": "20.70",
        "201405": "19.70",
        "201406": "19.78",
        "201407": "18.47",
        "201408": "17.07",
        "201409": "16.39",
        "201410": "16.73",
        "201411": "16.98",
        "201412": "17.51",
        "201501": "18.14",
        "201502": "17.33",
        "201503": "17.12",
        "201504": "17.66",
        "201505": "16.48",
        "201506": "14.63",
        "201507": "14.35",
        "201508": "13.62",
        "201509": "13.57",
        "201510": "14.25",
        "201511": "14.14",
        "201512": "16.42",
        "201601": "16.95",
        "201602": "16.77",
        "201603": "17.44",
        "201604": "16.53",
        "201605": "15.49",
        "201606": "15.97",
        "201607": "16.72",
        "201608": "15.92",
        "201609": "16.36",
        "201610": "16.10",
        "201611": "15.11",
        "201612": "15.79",
        "201701": "16.09",
        "201702": "16.27",
        "201703": "16.80",
        "201704": "16.78",
        "201705": "15.92",
        "201706": "15.84",
        "201707": "15.90",
        "201708": "14.66",
        "201709": "14.55",
        "201710": "14.11",
        "201711": "14.29",
        "201712": "14.13",
        "201801": "14.42",
        "201802": "13.60",
        "201803": "13.42",
        "201804": "13.09",
        "201805": "12.68",
        "201806": "13.10",
        "201807": "12.41",
        "201808": "12.05",
        "201809": "11.78",
        "201810": "11.20",
        "201811": "11.20",
        "201812": "11.66",
        "201901": "11.49",
        "201902": "11.79",
        "201903": "12.32",
        "201904": "13.02",
        "201905": "13.05",
        "201906": "13.46",
        "201907": "13.43",
        "201908": "12.85",
        "201909": "14.32",
        "201910": "15.04",
        "201911": "14.21",
        "201912": "13.81",
        "202001": "13.49",
        "202002": "12.73",
        "202003": "11.27",
        "202004": "11.36",
        "202005": "11.55",
        "202006": "12.63",
        "202007": "13.34",
        "202008": "12.57",
        "202009": "12.51",
        "202010": "12.27",
        "202011": "12.47",
        "202012": "12.56",
        "202101": "12.38",
        "202102": "11.95",
        "202103": "12.55",
        "202104": "15.55",
        "202105": "22.09",
        "202106": "20.49",
        "202107": "18.38",
        "202108": "16.71",
        "202109": "15.09",
        "202110": "14.03",
        "202111": "15.33",
        "202112": "18.04",
        "202201": "17.78",
        "202202": "16.86",
        "202203": "15.65",
        "202204": "15.64",
        "202205": "15.07",
        "202206": "15.32",
        "202207": "14.51",
        "202208": "16.07",
        "202209": "16.39",
        "202210": "16.37",
        "202211": "19.00",
        "202212": "21.40",
        "202301": "18.06",
        "202302": "18.55",
        "202303": "21.54",
        "202304": "25.00",
        "202305": "24.82"
    },
    "quarters": {
        "20011": {
            "year_quarter": 20011,
            "year": 2001,
            "quarter": 1,
            "eps": 1.19,
            "eps_growth_year": null,
            "eps_4q": null,
            "eps_4q_growth_year": null,
            "roe": 6.15,
            "roe_4q": 6.15,
            "gross_profit": 118900,
            "gross_margin": 66.65,
            "gross_margin_4q_avg": 66.65,
            "net_income": 65202,
            "revenue": 178393,
            "common_shares": 550000,
            "book_valuer_per_share": 19.88,
            "book_valuer_per_share_4q_avg": 19.88,
            "equity": 1093315,
            "current_ratio": 543.37,
            "debt_ratio": 14.29,
            "inventory_turnover_ratio": 0.34,
            "account_receivable_turnover_ratio": null,
            "reinvestment_rate": null,
            "research_to_sale_ratio": null,
            "price_fair": 0,
            "eps_avg_yearly": 0,
            "eps_latest_yearly": 0,
            "eps_growth_yearly": 0
        },
        "20012": {
            "year_quarter": 20012,
            "year": 2001,
            "quarter": 2,
            "eps": 1.45,
            "eps_growth_year": null,
            "eps_4q": null,
            "eps_4q_growth_year": null,
            "roe": 7.4,
            "roe_4q": 13.55,
            "gross_profit": 132670,
            "gross_margin": 68.26,
            "gross_margin_4q_avg": 67.46,
            "net_income": 79903,
            "revenue": 194347,
            "common_shares": 550000,
            "book_valuer_per_share": 19.4,
            "book_valuer_per_share_4q_avg": 19.64,
            "equity": 1067079,
            "current_ratio": 412.39,
            "debt_ratio": 18.07,
            "inventory_turnover_ratio": 0.41,
            "account_receivable_turnover_ratio": null,
            "reinvestment_rate": null,
            "research_to_sale_ratio": null,
            "price_fair": 0,
            "eps_avg_yearly": 0,
            "eps_latest_yearly": 0,
            "eps_growth_yearly": 0
        },
        "20013": {
            "year_quarter": 20013,
            "year": 2001,
            "quarter": 3,
            "eps": 0.85,
            "eps_growth_year": null,
            "eps_4q": null,
            "eps_4q_growth_year": null,
            "roe": 6.4,
            "roe_4q": 19.950000000000003,
            "gross_profit": 138438,
            "gross_margin": 67.42,
            "gross_margin_4q_avg": 67.44,
            "net_income": 70486,
            "revenue": 205330,
            "common_shares": 830500,
            "book_valuer_per_share": 13.69,
            "book_valuer_per_share_4q_avg": 17.66,
            "equity": 1136763,
            "current_ratio": 1239.59,
            "debt_ratio": 8.65,
            "inventory_turnover_ratio": 0.51,
            "account_receivable_turnover_ratio": null,
            "reinvestment_rate": null,
            "research_to_sale_ratio": null,
            "price_fair": 0,
            "eps_avg_yearly": 0,
            "eps_latest_yearly": 0,
            "eps_growth_yearly": 0
        },
        "20014": {
            "year_quarter": 20014,
            "year": 2001,
            "quarter": 4,
            "eps": 1.64,
            "eps_growth_year": null,
            "eps_4q": 4.23,
            "eps_4q_growth_year": null,
            "roe": 11.31,
            "roe_4q": 31.259999999999998,
            "gross_profit": 175070,
            "gross_margin": 68,
            "gross_margin_4q_avg": 67.58,
            "net_income": 136353,
            "revenue": 257439,
            "common_shares": 830500,
            "book_valuer_per_share": 15.34,
            "book_valuer_per_share_4q_avg": 17.08,
            "equity": 1273590,
            "current_ratio": 1261.39,
            "debt_ratio": 6.42,
            "inventory_turnover_ratio": 0.69,
            "account_receivable_turnover_ratio": null,
            "reinvestment_rate": null,
            "research_to_sale_ratio": null,
            "price_fair": 0,
            "eps_avg_yearly": 0,
            "eps_latest_yearly": 0,
            "eps_growth_yearly": 0
        },
        "20021": {
            "year_quarter": 20021,
            "year": 2002,
            "quarter": 1,
            "eps": 0.91,
            "eps_growth_year": -23.53,
            "eps_4q": 4.37,
            "eps_4q_growth_year": null,
            "roe": 5.76,
            "roe_4q": 30.869999999999997,
            "gross_profit": 148704,
            "gross_margin": 68.83,
            "gross_margin_4q_avg": 68.13,
            "net_income": 75475,
            "revenue": 216042,
            "common_shares": 830500,
            "book_valuer_per_share": 16.25,
            "book_valuer_per_share_4q_avg": 16.17,
            "equity": 1349166,
            "current_ratio": 1239.62,
            "debt_ratio": 8.82,
            "inventory_turnover_ratio": 0.65,
            "account_receivable_turnover_ratio": null,
            "reinvestment_rate": null,
            "research_to_sale_ratio": null,
            "price_fair": 10.92,
            "eps_avg_yearly": 3.64,
            "eps_latest_yearly": 3.64,
            "eps_growth_yearly": -178.05
        },
        "20022": {
            "year_quarter": 20022,
            "year": 2002,
            "quarter": 2,
            "eps": 0.3,
            "eps_growth_year": -79.31,
            "eps_4q": 3.75,
            "eps_4q_growth_year": null,
            "roe": 1.84,
            "roe_4q": 25.310000000000002,
            "gross_profit": 131303,
            "gross_margin": 65.67,
            "gross_margin_4q_avg": 67.48,
            "net_income": 24562,
            "revenue": 199954,
            "common_shares": 830500,
            "book_valuer_per_share": 15.82,
            "book_valuer_per_share_4q_avg": 15.28,
            "equity": 1314111,
            "current_ratio": 640.15,
            "debt_ratio": 12.52,
            "inventory_turnover_ratio": 0.7,
            "account_receivable_turnover_ratio": null,
            "reinvestment_rate": null,
            "research_to_sale_ratio": null,
            "price_fair": 7.26,
            "eps_avg_yearly": 2.42,
            "eps_latest_yearly": 1.2,
            "eps_growth_yearly": -223.09
        },
        "20023": {
            "year_quarter": 20023,
            "year": 2002,
            "quarter": 3,
            "eps": 0.53,
            "eps_growth_year": -37.65,
            "eps_4q": 2.71,
            "eps_4q_growth_year": null,
            "roe": 4.27,
            "roe_4q": 23.18,
            "gross_profit": 137438,
            "gross_margin": 61.75,
            "gross_margin_4q_avg": 66.06,
            "net_income": 57416,
            "revenue": 222566,
            "common_shares": 1086650,
            "book_valuer_per_share": 12.64,
            "book_valuer_per_share_4q_avg": 15.01,
            "equity": 1373008,
            "current_ratio": 939.06,
            "debt_ratio": 9.24,
            "inventory_turnover_ratio": 0.63,
            "account_receivable_turnover_ratio": null,
            "reinvestment_rate": null,
            "research_to_sale_ratio": null,
            "price_fair": 6.96,
            "eps_avg_yearly": 2.32,
            "eps_latest_yearly": 2.12,
            "eps_growth_yearly": -46.5
        },
        "20024": {
            "year_quarter": 20024,
            "year": 2002,
            "quarter": 4,
            "eps": 1.29,
            "eps_growth_year": -21.34,
            "eps_4q": 2.74,
            "eps_4q_growth_year": -35.19,
            "roe": 9.7,
            "roe_4q": 21.57,
            "gross_profit": 216752,
            "gross_margin": 62.78,
            "gross_margin_4q_avg": 64.76,
            "net_income": 139757,
            "revenue": 345243,
            "common_shares": 1086650,
            "book_valuer_per_share": 13.9,
            "book_valuer_per_share_4q_avg": 14.65,
            "equity": 1510051,
            "current_ratio": 832.18,
            "debt_ratio": 9.24,
            "inventory_turnover_ratio": 0.63,
            "account_receivable_turnover_ratio": null,
            "reinvestment_rate": null,
            "research_to_sale_ratio": null,
            "price_fair": 106.05,
            "eps_avg_yearly": 3.03,
            "eps_latest_yearly": 5.16,
            "eps_growth_yearly": 108.52
        },
        "20031": {
            "year_quarter": 20031,
            "year": 2003,
            "quarter": 1,
            "eps": 1.43,
            "eps_growth_year": 57.14,
            "eps_4q": 3.48,
            "eps_4q_growth_year": -20.39,
            "roe": 9.76,
            "roe_4q": 25.57,
            "gross_profit": 222037,
            "gross_margin": 61.5,
            "gross_margin_4q_avg": 62.93,
            "net_income": 154920,
            "revenue": 361050,
            "common_shares": 1086650,
            "book_valuer_per_share": 15.32,
            "book_valuer_per_share_4q_avg": 14.42,
            "equity": 1665003,
            "current_ratio": 904.92,
            "debt_ratio": 10.51,
            "inventory_turnover_ratio": 0.52,
            "account_receivable_turnover_ratio": null,
            "reinvestment_rate": null,
            "research_to_sale_ratio": null,
            "price_fair": 124.88,
            "eps_avg_yearly": 3.57,
            "eps_latest_yearly": 5.72,
            "eps_growth_yearly": 95.5
        },
        "20032": {
            "year_quarter": 20032,
            "year": 2003,
            "quarter": 2,
            "eps": 2.01,
            "eps_growth_year": 570,
            "eps_4q": 5.25,
            "eps_4q_growth_year": 40.13,
            "roe": 12.7,
            "roe_4q": 36.42999999999999,
            "gross_profit": 315336,
            "gross_margin": 60.29,
            "gross_margin_4q_avg": 61.58,
            "net_income": 218263,
            "revenue": 523041,
            "common_shares": 1086650,
            "book_valuer_per_share": 16.32,
            "book_valuer_per_share_4q_avg": 14.55,
            "equity": 1773555,
            "current_ratio": 579.15,
            "debt_ratio": 15.85,
            "inventory_turnover_ratio": 0.76,
            "account_receivable_turnover_ratio": null,
            "reinvestment_rate": null,
            "research_to_sale_ratio": null,
            "price_fair": 150.97,
            "eps_avg_yearly": 4.31,
            "eps_latest_yearly": 8.04,
            "eps_growth_yearly": 106.62
        },
        "20033": {
            "year_quarter": 20033,
            "year": 2003,
            "quarter": 3,
            "eps": 1.97,
            "eps_growth_year": 271.7,
            "eps_4q": 6.09,
            "eps_4q_growth_year": 124.66,
            "roe": 12.93,
            "roe_4q": 45.09,
            "gross_profit": 384047,
            "gross_margin": 60.57,
            "gross_margin_4q_avg": 61.29,
            "net_income": 245080,
            "revenue": 634078,
            "common_shares": 1245800,
            "book_valuer_per_share": 16.2,
            "book_valuer_per_share_4q_avg": 15.44,
            "equity": 2017724,
            "current_ratio": 636.09,
            "debt_ratio": 15.58,
            "inventory_turnover_ratio": 0.81,
            "account_receivable_turnover_ratio": null,
            "reinvestment_rate": null,
            "research_to_sale_ratio": null,
            "price_fair": 168.8,
            "eps_avg_yearly": 4.82,
            "eps_latest_yearly": 7.88,
            "eps_growth_yearly": 90.25
        },
        "20034": {
            "year_quarter": 20034,
            "year": 2003,
            "quarter": 4,
            "eps": 2.39,
            "eps_growth_year": 85.27,
            "eps_4q": 7.35,
            "eps_4q_growth_year": 167.95,
            "roe": 13.75,
            "roe_4q": 49.13999999999999,
            "gross_profit": 362049,
            "gross_margin": 59.13,
            "gross_margin_4q_avg": 60.37,
            "net_income": 297870,
            "revenue": 612248,
            "common_shares": 1245800,
            "book_valuer_per_share": 18.57,
            "book_valuer_per_share_4q_avg": 16.6,
            "equity": 2313979,
            "current_ratio": 804.52,
            "debt_ratio": 10.49,
            "inventory_turnover_ratio": 0.67,
            "account_receivable_turnover_ratio": null,
            "reinvestment_rate": null,
            "research_to_sale_ratio": null,
            "price_fair": 189.53,
            "eps_avg_yearly": 5.42,
            "eps_latest_yearly": 9.56,
            "eps_growth_yearly": 89.63
        },
        "20041": {
            "year_quarter": 20041,
            "year": 2004,
            "quarter": 1,
            "eps": 2.66,
            "eps_growth_year": 86.01,
            "eps_4q": 8.78,
            "eps_4q_growth_year": 152.55,
            "roe": 13.35,
            "roe_4q": 52.730000000000004,
            "gross_profit": 471506,
            "gross_margin": 61.58,
            "gross_margin_4q_avg": 60.39,
            "net_income": 330826,
            "revenue": 765633,
            "common_shares": 1245800,
            "book_valuer_per_share": 21.22,
            "book_valuer_per_share_4q_avg": 18.08,
            "equity": 2643994,
            "current_ratio": 1042.87,
            "debt_ratio": 12.24,
            "inventory_turnover_ratio": 0.8,
            "account_receivable_turnover_ratio": null,
            "reinvestment_rate": null,
            "research_to_sale_ratio": null,
            "price_fair": 209.84,
            "eps_avg_yearly": 6,
            "eps_latest_yearly": 10.64,
            "eps_growth_yearly": 84.69
        },
        "20042": {
            "year_quarter": 20042,
            "year": 2004,
            "quarter": 2,
            "eps": 2.86,
            "eps_growth_year": 42.29,
            "eps_4q": 9.86,
            "eps_4q_growth_year": 87.75,
            "roe": 13.39,
            "roe_4q": 53.42,
            "gross_profit": 478567,
            "gross_margin": 55.97,
            "gross_margin_4q_avg": 59.31,
            "net_income": 356913,
            "revenue": 855064,
            "common_shares": 1245800,
            "book_valuer_per_share": 21.56,
            "book_valuer_per_share_4q_avg": 19.39,
            "equity": 2686133,
            "current_ratio": 522.51,
            "debt_ratio": 20.73,
            "inventory_turnover_ratio": 1.13,
            "account_receivable_turnover_ratio": null,
            "reinvestment_rate": null,
            "research_to_sale_ratio": null,
            "price_fair": 228.9,
            "eps_avg_yearly": 6.54,
            "eps_latest_yearly": 11.44,
            "eps_growth_yearly": 79.23
        },
        "20043": {
            "year_quarter": 20043,
            "year": 2004,
            "quarter": 3,
            "eps": 1.79,
            "eps_growth_year": -9.14,
            "eps_4q": 7.59,
            "eps_4q_growth_year": 24.59,
            "roe": 10.71,
            "roe_4q": 51.2,
            "gross_profit": 389729,
            "gross_margin": 56.95,
            "gross_margin_4q_avg": 58.41,
            "net_income": 304104,
            "revenue": 684290,
            "common_shares": 1698330,
            "book_valuer_per_share": 17.61,
            "book_valuer_per_share_4q_avg": 19.74,
            "equity": 2990471,
            "current_ratio": 1158.95,
            "debt_ratio": 11.78,
            "inventory_turnover_ratio": 0.98,
            "account_receivable_turnover_ratio": null,
            "reinvestment_rate": null,
            "research_to_sale_ratio": null,
            "price_fair": 230.87,
            "eps_avg_yearly": 6.6,
            "eps_latest_yearly": 7.16,
            "eps_growth_yearly": 58.42
        },
        "20044": {
            "year_quarter": 20044,
            "year": 2004,
            "quarter": 4,
            "eps": 1.33,
            "eps_growth_year": -44.35,
            "eps_4q": 7.17,
            "eps_4q_growth_year": -2.5,
            "roe": 7.24,
            "roe_4q": 44.690000000000005,
            "gross_profit": 442478,
            "gross_margin": 57.74,
            "gross_margin_4q_avg": 58.06,
            "net_income": 225986,
            "revenue": 766355,
            "common_shares": 1698330,
            "book_valuer_per_share": 19.13,
            "book_valuer_per_share_4q_avg": 19.88,
            "equity": 3249739,
            "current_ratio": 961.82,
            "debt_ratio": 9.83,
            "inventory_turnover_ratio": 1.03,
            "account_receivable_turnover_ratio": null,
            "reinvestment_rate": -0.69,
            "research_to_sale_ratio": null,
            "price_fair": 227.15,
            "eps_avg_yearly": 6.49,
            "eps_latest_yearly": 5.32,
            "eps_growth_yearly": 44.99
        },
        "20051": {
            "year_quarter": 20051,
            "year": 2005,
            "quarter": 1,
            "eps": 1.47,
            "eps_growth_year": -44.74,
            "eps_4q": 6.65,
            "eps_4q_growth_year": -24.28,
            "roe": 7.45,
            "roe_4q": 38.790000000000006,
            "gross_profit": 383933,
            "gross_margin": 55.92,
            "gross_margin_4q_avg": 56.65,
            "net_income": 251799,
            "revenue": 686613,
            "common_shares": 1698330,
            "book_valuer_per_share": 20.66,
            "book_valuer_per_share_4q_avg": 19.74,
            "equity": 3508805,
            "current_ratio": 1320.56,
            "debt_ratio": 11.06,
            "inventory_turnover_ratio": 1.04,
            "account_receivable_turnover_ratio": null,
            "reinvestment_rate": 0.5,
            "research_to_sale_ratio": null,
            "price_fair": 225.51,
            "eps_avg_yearly": 6.44,
            "eps_latest_yearly": 5.88,
            "eps_growth_yearly": 44.77
        },
        "20052": {
            "year_quarter": 20052,
            "year": 2005,
            "quarter": 2,
            "eps": 1.62,
            "eps_growth_year": -43.36,
            "eps_4q": 6.18,
            "eps_4q_growth_year": -37.3,
            "roe": 8.4,
            "roe_4q": 33.800000000000004,
            "gross_profit": 408548,
            "gross_margin": 58.6,
            "gross_margin_4q_avg": 57.3,
            "net_income": 277564,
            "revenue": 697208,
            "common_shares": 1714046,
            "book_valuer_per_share": 18.09,
            "book_valuer_per_share_4q_avg": 18.87,
            "equity": 3100095,
            "current_ratio": 389.75,
            "debt_ratio": 26.72,
            "inventory_turnover_ratio": 1.17,
            "account_receivable_turnover_ratio": null,
            "reinvestment_rate": 1.31,
            "research_to_sale_ratio": null,
            "price_fair": 225.6,
            "eps_avg_yearly": 6.45,
            "eps_latest_yearly": 6.48,
            "eps_growth_yearly": 44.48
        },
        "20053": {
            "year_quarter": 20053,
            "year": 2005,
            "quarter": 3,
            "eps": 1.56,
            "eps_growth_year": -12.85,
            "eps_4q": 5.18,
            "eps_4q_growth_year": -31.79,
            "roe": 9.98,
            "roe_4q": 33.07,
            "gross_profit": 444254,
            "gross_margin": 58.25,
            "gross_margin_4q_avg": 57.63,
            "net_income": 325701,
            "revenue": 762656,
            "common_shares": 2085069,
            "book_valuer_per_share": 16.44,
            "book_valuer_per_share_4q_avg": 18.58,
            "equity": 3427022,
            "current_ratio": 971.23,
            "debt_ratio": 14.87,
            "inventory_turnover_ratio": 1.25,
            "account_receivable_turnover_ratio": null,
            "reinvestment_rate": 4.32,
            "research_to_sale_ratio": null,
            "price_fair": 225.12,
            "eps_avg_yearly": 6.43,
            "eps_latest_yearly": 6.24,
            "eps_growth_yearly": 40.53
        },
        "20054": {
            "year_quarter": 20054,
            "year": 2005,
            "quarter": 4,
            "eps": 1.89,
            "eps_growth_year": 42.11,
            "eps_4q": 5.99,
            "eps_4q_growth_year": -16.4,
            "roe": 10.86,
            "roe_4q": 36.690000000000005,
            "gross_profit": 461820,
            "gross_margin": 58.02,
            "gross_margin_4q_avg": 57.7,
            "net_income": 393962,
            "revenue": 795986,
            "common_shares": 2087891,
            "book_valuer_per_share": 18.34,
            "book_valuer_per_share_4q_avg": 18.38,
            "equity": 3830032,
            "current_ratio": 919.05,
            "debt_ratio": 9.23,
            "inventory_turnover_ratio": 1.06,
            "account_receivable_turnover_ratio": null,
            "reinvestment_rate": 6.11,
            "research_to_sale_ratio": null,
            "price_fair": 227.59,
            "eps_avg_yearly": 6.5,
            "eps_latest_yearly": 7.56,
            "eps_growth_yearly": 43.29
        },
        "20061": {
            "year_quarter": 20061,
            "year": 2006,
            "quarter": 1,
            "eps": 1.51,
            "eps_growth_year": 2.72,
            "eps_4q": 6.32,
            "eps_4q_growth_year": -4.99,
            "roe": 7.94,
            "roe_4q": 37.18,
            "gross_profit": 440735,
            "gross_margin": 60.07,
            "gross_margin_4q_avg": 58.74,
            "net_income": 313263,
            "revenue": 733711,
            "common_shares": 2092391,
            "book_valuer_per_share": 19.41,
            "book_valuer_per_share_4q_avg": 18.07,
            "equity": 4060816,
            "current_ratio": 717.96,
            "debt_ratio": 16.11,
            "inventory_turnover_ratio": 0.89,
            "account_receivable_turnover_ratio": null,
            "reinvestment_rate": 5.58,
            "research_to_sale_ratio": null,
            "price_fair": 232.84,
            "eps_avg_yearly": 6.65,
            "eps_latest_yearly": 6.04,
            "eps_growth_yearly": 49.39
        },
        "20062": {
            "year_quarter": 20062,
            "year": 2006,
            "quarter": 2,
            "eps": 0.43,
            "eps_growth_year": -73.46,
            "eps_4q": 5.38,
            "eps_4q_growth_year": -13.05,
            "roe": 2.44,
            "roe_4q": 31.220000000000002,
            "gross_profit": 529307,
            "gross_margin": 59.04,
            "gross_margin_4q_avg": 58.85,
            "net_income": 89788,
            "revenue": 896502,
            "common_shares": 2093470,
            "book_valuer_per_share": 15.7,
            "book_valuer_per_share_4q_avg": 17.47,
            "equity": 3287327,
            "current_ratio": 243.96,
            "debt_ratio": 40.55,
            "inventory_turnover_ratio": 1.23,
            "account_receivable_turnover_ratio": null,
            "reinvestment_rate": 5.4,
            "research_to_sale_ratio": null,
            "price_fair": 233.98,
            "eps_avg_yearly": 6.69,
            "eps_latest_yearly": 1.72,
            "eps_growth_yearly": 48.27
        },
        "20063": {
            "year_quarter": 20063,
            "year": 2006,
            "quarter": 3,
            "eps": 1.71,
            "eps_growth_year": 9.62,
            "eps_4q": 5.17,
            "eps_4q_growth_year": -0.14,
            "roe": 11.29,
            "roe_4q": 32.53,
            "gross_profit": 452384,
            "gross_margin": 56.93,
            "gross_margin_4q_avg": 58.52,
            "net_income": 393819,
            "revenue": 794591,
            "common_shares": 2328388,
            "book_valuer_per_share": 15.84,
            "book_valuer_per_share_4q_avg": 17.32,
            "equity": 3687791,
            "current_ratio": 698.17,
            "debt_ratio": 17.75,
            "inventory_turnover_ratio": 1.18,
            "account_receivable_turnover_ratio": null,
            "reinvestment_rate": 5.07,
            "research_to_sale_ratio": null,
            "price_fair": 244.3,
            "eps_avg_yearly": 6.98,
            "eps_latest_yearly": 6.84,
            "eps_growth_yearly": 103.52
        },
        "20064": {
            "year_quarter": 20064,
            "year": 2006,
            "quarter": 4,
            "eps": 1.29,
            "eps_growth_year": -31.75,
            "eps_4q": 4.74,
            "eps_4q_growth_year": -20.85,
            "roe": 7.78,
            "roe_4q": 29.450000000000003,
            "gross_profit": 432044,
            "gross_margin": 60,
            "gross_margin_4q_avg": 59.01,
            "net_income": 297733,
            "revenue": 720113,
            "common_shares": 2332129,
            "book_valuer_per_share": 17.02,
            "book_valuer_per_share_4q_avg": 16.99,
            "equity": 3968739,
            "current_ratio": 628.64,
            "debt_ratio": 13.39,
            "inventory_turnover_ratio": 0.83,
            "account_receivable_turnover_ratio": null,
            "reinvestment_rate": 5.02,
            "research_to_sale_ratio": null,
            "price_fair": 244.3,
            "eps_avg_yearly": 6.98,
            "eps_latest_yearly": 5.16,
            "eps_growth_yearly": 61.53
        },
        "20071": {
            "year_quarter": 20071,
            "year": 2007,
            "quarter": 1,
            "eps": 1.39,
            "eps_growth_year": -7.95,
            "eps_4q": 4.78,
            "eps_4q_growth_year": -24.39,
            "roe": 7.77,
            "roe_4q": 29.28,
            "gross_profit": 437333,
            "gross_margin": 58.86,
            "gross_margin_4q_avg": 58.71,
            "net_income": 320746,
            "revenue": 743025,
            "common_shares": 2334890,
            "book_valuer_per_share": 18.37,
            "book_valuer_per_share_4q_avg": 16.73,
            "equity": 4289672,
            "current_ratio": 1448.64,
            "debt_ratio": 10.95,
            "inventory_turnover_ratio": 0.96,
            "account_receivable_turnover_ratio": null,
            "reinvestment_rate": 5.09,
            "research_to_sale_ratio": null,
            "price_fair": 243.95,
            "eps_avg_yearly": 6.97,
            "eps_latest_yearly": 5.56,
            "eps_growth_yearly": 60.75
        },
        "20072": {
            "year_quarter": 20072,
            "year": 2007,
            "quarter": 2,
            "eps": 1.87,
            "eps_growth_year": 334.88,
            "eps_4q": 6.25,
            "eps_4q_growth_year": 16.19,
            "roe": 10.44,
            "roe_4q": 37.28,
            "gross_profit": 554465,
            "gross_margin": 60.9,
            "gross_margin_4q_avg": 59.17,
            "net_income": 432489,
            "revenue": 910437,
            "common_shares": 2334890,
            "book_valuer_per_share": 17.12,
            "book_valuer_per_share_4q_avg": 17.09,
            "equity": 3996994,
            "current_ratio": 421.91,
            "debt_ratio": 25.42,
            "inventory_turnover_ratio": 1.59,
            "account_receivable_turnover_ratio": null,
            "reinvestment_rate": 4.6,
            "research_to_sale_ratio": null,
            "price_fair": 242.73,
            "eps_avg_yearly": 6.94,
            "eps_latest_yearly": 7.48,
            "eps_growth_yearly": 59.25
        },
        "20073": {
            "year_quarter": 20073,
            "year": 2007,
            "quarter": 3,
            "eps": 1.64,
            "eps_growth_year": -4.09,
            "eps_4q": 5.74,
            "eps_4q_growth_year": 10.95,
            "roe": 9.99,
            "roe_4q": 35.98,
            "gross_profit": 483460,
            "gross_margin": 60.31,
            "gross_margin_4q_avg": 60.02,
            "net_income": 420726,
            "revenue": 801637,
            "common_shares": 2596375,
            "book_valuer_per_share": 17.05,
            "book_valuer_per_share_4q_avg": 17.39,
            "equity": 4426904,
            "current_ratio": 1365.63,
            "debt_ratio": 11.78,
            "inventory_turnover_ratio": 1.47,
            "account_receivable_turnover_ratio": null,
            "reinvestment_rate": 4.16,
            "research_to_sale_ratio": null,
            "price_fair": 239.84,
            "eps_avg_yearly": 6.85,
            "eps_latest_yearly": 6.56,
            "eps_growth_yearly": 56.67
        },
        "20074": {
            "year_quarter": 20074,
            "year": 2007,
            "quarter": 4,
            "eps": 1.53,
            "eps_growth_year": 18.6,
            "eps_4q": 6.11,
            "eps_4q_growth_year": 28.93,
            "roe": 8.47,
            "roe_4q": 36.67,
            "gross_profit": 434935,
            "gross_margin": 59.77,
            "gross_margin_4q_avg": 59.96,
            "net_income": 391770,
            "revenue": 727693,
            "common_shares": 2598695,
            "book_valuer_per_share": 18.54,
            "book_valuer_per_share_4q_avg": 17.77,
            "equity": 4818666,
            "current_ratio": 1377.96,
            "debt_ratio": 6.3,
            "inventory_turnover_ratio": 1.02,
            "account_receivable_turnover_ratio": null,
            "reinvestment_rate": 3.78,
            "research_to_sale_ratio": null,
            "price_fair": 232.31,
            "eps_avg_yearly": 6.64,
            "eps_latest_yearly": 6.12,
            "eps_growth_yearly": 49.66
        },
        "20081": {
            "year_quarter": 20081,
            "year": 2008,
            "quarter": 1,
            "eps": 1.1,
            "eps_growth_year": -20.86,
            "eps_4q": 5.94,
            "eps_4q_growth_year": 24.44,
            "roe": 5.7,
            "roe_4q": 34.6,
            "gross_profit": 493258,
            "gross_margin": 61.49,
            "gross_margin_4q_avg": 60.62,
            "net_income": 282760,
            "revenue": 802147,
            "common_shares": 2599325,
            "book_valuer_per_share": 19.62,
            "book_valuer_per_share_4q_avg": 18.08,
            "equity": 5100087,
            "current_ratio": 1716.43,
            "debt_ratio": 5.13,
            "inventory_turnover_ratio": 0.89,
            "account_receivable_turnover_ratio": null,
            "reinvestment_rate": 3.99,
            "research_to_sale_ratio": null,
            "price_fair": 218.66,
            "eps_avg_yearly": 6.25,
            "eps_latest_yearly": 4.4,
            "eps_growth_yearly": 39.81
        },
        "20082": {
            "year_quarter": 20082,
            "year": 2008,
            "quarter": 2,
            "eps": 0.76,
            "eps_growth_year": -59.36,
            "eps_4q": 4.99,
            "eps_4q_growth_year": -20.11,
            "roe": 4.16,
            "roe_4q": 28.32,
            "gross_profit": 378901,
            "gross_margin": 58.76,
            "gross_margin_4q_avg": 60.08,
            "net_income": 196741,
            "revenue": 644804,
            "common_shares": 2599325,
            "book_valuer_per_share": 16.81,
            "book_valuer_per_share_4q_avg": 18.01,
            "equity": 4369250,
            "current_ratio": 392.39,
            "debt_ratio": 22.32,
            "inventory_turnover_ratio": 0.79,
            "account_receivable_turnover_ratio": null,
            "reinvestment_rate": 3.88,
            "research_to_sale_ratio": null,
            "price_fair": 200.29,
            "eps_avg_yearly": 5.72,
            "eps_latest_yearly": 3.04,
            "eps_growth_yearly": 30.2
        },
        "20083": {
            "year_quarter": 20083,
            "year": 2008,
            "quarter": 3,
            "eps": 0.92,
            "eps_growth_year": -43.9,
            "eps_4q": 4.03,
            "eps_4q_growth_year": -29.67,
            "roe": 5.77,
            "roe_4q": 24.1,
            "gross_profit": 397352,
            "gross_margin": 54.28,
            "gross_margin_4q_avg": 58.58,
            "net_income": 257365,
            "revenue": 732039,
            "common_shares": 2835349,
            "book_valuer_per_share": 16.07,
            "book_valuer_per_share_4q_avg": 17.76,
            "equity": 4556092,
            "current_ratio": 1104.78,
            "debt_ratio": 8.03,
            "inventory_turnover_ratio": 1.01,
            "account_receivable_turnover_ratio": null,
            "reinvestment_rate": 3.75,
            "research_to_sale_ratio": null,
            "price_fair": 192.68,
            "eps_avg_yearly": 5.51,
            "eps_latest_yearly": 3.68,
            "eps_growth_yearly": 44.82
        },
        "20084": {
            "year_quarter": 20084,
            "year": 2008,
            "quarter": 4,
            "eps": 1.34,
            "eps_growth_year": -12.42,
            "eps_4q": 3.98,
            "eps_4q_growth_year": -34.99,
            "roe": 8.03,
            "roe_4q": 23.66,
            "gross_profit": 458273,
            "gross_margin": 59.62,
            "gross_margin_4q_avg": 58.54,
            "net_income": 374680,
            "revenue": 768681,
            "common_shares": 2839888,
            "book_valuer_per_share": 16.81,
            "book_valuer_per_share_4q_avg": 17.33,
            "equity": 4774283,
            "current_ratio": 1292.41,
            "debt_ratio": 6.72,
            "inventory_turnover_ratio": 1.04,
            "account_receivable_turnover_ratio": 5.34,
            "reinvestment_rate": 3.11,
            "research_to_sale_ratio": null,
            "price_fair": 192.76,
            "eps_avg_yearly": 5.51,
            "eps_latest_yearly": 5.36,
            "eps_growth_yearly": 62.66
        },
        "20091": {
            "year_quarter": 20091,
            "year": 2009,
            "quarter": 1,
            "eps": 1,
            "eps_growth_year": -9.09,
            "eps_4q": 4.07,
            "eps_4q_growth_year": -31.58,
            "roe": 5.51,
            "roe_4q": 23.47,
            "gross_profit": 396478,
            "gross_margin": 63.07,
            "gross_margin_4q_avg": 58.93,
            "net_income": 270258,
            "revenue": 628676,
            "common_shares": 2817808,
            "book_valuer_per_share": 17.88,
            "book_valuer_per_share_4q_avg": 16.89,
            "equity": 5039063,
            "current_ratio": 1399.86,
            "debt_ratio": 6.32,
            "inventory_turnover_ratio": 0.83,
            "account_receivable_turnover_ratio": 2.33,
            "reinvestment_rate": 2.44,
            "research_to_sale_ratio": null,
            "price_fair": 188.65,
            "eps_avg_yearly": 5.39,
            "eps_latest_yearly": 4,
            "eps_growth_yearly": 53.68
        },
        "20092": {
            "year_quarter": 20092,
            "year": 2009,
            "quarter": 2,
            "eps": 0.42,
            "eps_growth_year": -44.74,
            "eps_4q": 3.75,
            "eps_4q_growth_year": -24.86,
            "roe": 2.43,
            "roe_4q": 21.74,
            "gross_profit": 283134,
            "gross_margin": 61.84,
            "gross_margin_4q_avg": 59.7,
            "net_income": 113795,
            "revenue": 457829,
            "common_shares": 2817808,
            "book_valuer_per_share": 15.38,
            "book_valuer_per_share_4q_avg": 16.54,
            "equity": 4334988,
            "current_ratio": 404.83,
            "debt_ratio": 21.44,
            "inventory_turnover_ratio": 0.59,
            "account_receivable_turnover_ratio": 2.17,
            "reinvestment_rate": 1.8,
            "research_to_sale_ratio": null,
            "price_fair": 178.15,
            "eps_avg_yearly": 5.09,
            "eps_latest_yearly": 1.68,
            "eps_growth_yearly": 36.63
        },
        "20093": {
            "year_quarter": 20093,
            "year": 2009,
            "quarter": 3,
            "eps": 0.45,
            "eps_growth_year": -51.09,
            "eps_4q": 3.12,
            "eps_4q_growth_year": -22.58,
            "roe": 2.9,
            "roe_4q": 18.869999999999997,
            "gross_profit": 303982,
            "gross_margin": 60.89,
            "gross_margin_4q_avg": 61.36,
            "net_income": 127714,
            "revenue": 499210,
            "common_shares": 2941377,
            "book_valuer_per_share": 15.2,
            "book_valuer_per_share_4q_avg": 16.32,
            "equity": 4469991,
            "current_ratio": 1203.66,
            "debt_ratio": 7.21,
            "inventory_turnover_ratio": 0.61,
            "account_receivable_turnover_ratio": 2.75,
            "reinvestment_rate": 0.88,
            "research_to_sale_ratio": null,
            "price_fair": 168.44,
            "eps_avg_yearly": 4.81,
            "eps_latest_yearly": 1.8,
            "eps_growth_yearly": 39.34
        },
        "20094": {
            "year_quarter": 20094,
            "year": 2009,
            "quarter": 4,
            "eps": 0.95,
            "eps_growth_year": -29.1,
            "eps_4q": 2.75,
            "eps_4q_growth_year": -30.85,
            "roe": 5.82,
            "roe_4q": 16.66,
            "gross_profit": 436270,
            "gross_margin": 61.03,
            "gross_margin_4q_avg": 61.71,
            "net_income": 267806,
            "revenue": 714816,
            "common_shares": 2941377,
            "book_valuer_per_share": 16.71,
            "book_valuer_per_share_4q_avg": 16.29,
            "equity": 4739557,
            "current_ratio": 1205.75,
            "debt_ratio": 6.92,
            "inventory_turnover_ratio": 0.93,
            "account_receivable_turnover_ratio": 2.41,
            "reinvestment_rate": 5.23,
            "research_to_sale_ratio": null,
            "price_fair": 160.21,
            "eps_avg_yearly": 4.58,
            "eps_latest_yearly": 3.8,
            "eps_growth_yearly": 61.83
        },
        "20101": {
            "year_quarter": 20101,
            "year": 2010,
            "quarter": 1,
            "eps": 0.46,
            "eps_growth_year": -54,
            "eps_4q": 2.26,
            "eps_4q_growth_year": -44.47,
            "roe": 2.7,
            "roe_4q": 13.85,
            "gross_profit": 346609,
            "gross_margin": 61.55,
            "gross_margin_4q_avg": 61.33,
            "net_income": 129784,
            "revenue": 563144,
            "common_shares": 2935717,
            "book_valuer_per_share": 17.18,
            "book_valuer_per_share_4q_avg": 16.12,
            "equity": 4862665,
            "current_ratio": 1126.1,
            "debt_ratio": 7.45,
            "inventory_turnover_ratio": 0.75,
            "account_receivable_turnover_ratio": 0.83,
            "reinvestment_rate": 5.57,
            "research_to_sale_ratio": 14.36,
            "price_fair": 151.03,
            "eps_avg_yearly": 4.32,
            "eps_latest_yearly": 1.84,
            "eps_growth_yearly": 53.97
        },
        "20102": {
            "year_quarter": 20102,
            "year": 2010,
            "quarter": 2,
            "eps": 0.37,
            "eps_growth_year": -10.99,
            "eps_4q": 2.23,
            "eps_4q_growth_year": -40.64,
            "roe": 2.33,
            "roe_4q": 13.750000000000002,
            "gross_profit": 352541,
            "gross_margin": 58.27,
            "gross_margin_4q_avg": 60.44,
            "net_income": 106014,
            "revenue": 605046,
            "common_shares": 2935717,
            "book_valuer_per_share": 15,
            "book_valuer_per_share_4q_avg": 16.02,
            "equity": 4253585,
            "current_ratio": 410.5,
            "debt_ratio": 20.56,
            "inventory_turnover_ratio": 0.78,
            "account_receivable_turnover_ratio": 1.22,
            "reinvestment_rate": 5.62,
            "research_to_sale_ratio": 13.9,
            "price_fair": 150.5,
            "eps_avg_yearly": 4.3,
            "eps_latest_yearly": 1.48,
            "eps_growth_yearly": 66.95
        },
        "20103": {
            "year_quarter": 20103,
            "year": 2010,
            "quarter": 3,
            "eps": 0.55,
            "eps_growth_year": 22.23,
            "eps_4q": 2.33,
            "eps_4q_growth_year": -25.53,
            "roe": 3.6,
            "roe_4q": 14.45,
            "gross_profit": 362226,
            "gross_margin": 56.96,
            "gross_margin_4q_avg": 59.45,
            "net_income": 155993,
            "revenue": 635922,
            "common_shares": 2935717,
            "book_valuer_per_share": 15.55,
            "book_valuer_per_share_4q_avg": 16.11,
            "equity": 4410338,
            "current_ratio": 1407.21,
            "debt_ratio": 5.89,
            "inventory_turnover_ratio": 0.89,
            "account_receivable_turnover_ratio": 1.63,
            "reinvestment_rate": 6.42,
            "research_to_sale_ratio": 13.21,
            "price_fair": 58.94,
            "eps_avg_yearly": 4.01,
            "eps_latest_yearly": 2.2,
            "eps_growth_yearly": 4.7
        },
        "20104": {
            "year_quarter": 20104,
            "year": 2010,
            "quarter": 4,
            "eps": 0.56,
            "eps_growth_year": -41.23,
            "eps_4q": 1.94,
            "eps_4q_growth_year": -29.43,
            "roe": 3.53,
            "roe_4q": 12.16,
            "gross_profit": 359896,
            "gross_margin": 59.86,
            "gross_margin_4q_avg": 59.16,
            "net_income": 158335,
            "revenue": 601262,
            "common_shares": 2935717,
            "book_valuer_per_share": 16.08,
            "book_valuer_per_share_4q_avg": 15.95,
            "equity": 4561425,
            "current_ratio": 1116.12,
            "debt_ratio": 7.42,
            "inventory_turnover_ratio": 0.83,
            "account_receivable_turnover_ratio": 1.02,
            "reinvestment_rate": 9.9,
            "research_to_sale_ratio": 12.76,
            "price_fair": 81.5,
            "eps_avg_yearly": 3.83,
            "eps_latest_yearly": 2.24,
            "eps_growth_yearly": 11.29
        },
        "20111": {
            "year_quarter": 20111,
            "year": 2011,
            "quarter": 1,
            "eps": 0.45,
            "eps_growth_year": -2.17,
            "eps_4q": 1.93,
            "eps_4q_growth_year": -14.65,
            "roe": 2.73,
            "roe_4q": 12.19,
            "gross_profit": 295470,
            "gross_margin": 59.16,
            "gross_margin_4q_avg": 58.56,
            "net_income": 126218,
            "revenue": 499475,
            "common_shares": 2935717,
            "book_valuer_per_share": 16.54,
            "book_valuer_per_share_4q_avg": 15.79,
            "equity": 4691611,
            "current_ratio": 1334.62,
            "debt_ratio": 6.29,
            "inventory_turnover_ratio": 0.63,
            "account_receivable_turnover_ratio": 0.74,
            "reinvestment_rate": 9.66,
            "research_to_sale_ratio": 16.53,
            "price_fair": 51.89,
            "eps_avg_yearly": 3.59,
            "eps_latest_yearly": 1.8,
            "eps_growth_yearly": 4.44
        },
        "20112": {
            "year_quarter": 20112,
            "year": 2011,
            "quarter": 2,
            "eps": 0.34,
            "eps_growth_year": -8.03,
            "eps_4q": 1.9,
            "eps_4q_growth_year": -14.77,
            "roe": 2.2,
            "roe_4q": 12.059999999999999,
            "gross_profit": 321129,
            "gross_margin": 59.28,
            "gross_margin_4q_avg": 58.82,
            "net_income": 97500,
            "revenue": 541693,
            "common_shares": 2935717,
            "book_valuer_per_share": 14.69,
            "book_valuer_per_share_4q_avg": 15.72,
            "equity": 4164900,
            "current_ratio": 438.71,
            "debt_ratio": 18.71,
            "inventory_turnover_ratio": 0.59,
            "account_receivable_turnover_ratio": 0.76,
            "reinvestment_rate": 10.39,
            "research_to_sale_ratio": 22.59,
            "price_fair": 9.63,
            "eps_avg_yearly": 3.21,
            "eps_latest_yearly": 1.36,
            "eps_growth_yearly": -10.3
        },
        "20113": {
            "year_quarter": 20113,
            "year": 2011,
            "quarter": 3,
            "eps": 0.15,
            "eps_growth_year": -72.14,
            "eps_4q": 1.5,
            "eps_4q_growth_year": -35.49,
            "roe": 1.04,
            "roe_4q": 9.5,
            "gross_profit": 270529,
            "gross_margin": 53.74,
            "gross_margin_4q_avg": 58.01,
            "net_income": 43453,
            "revenue": 503424,
            "common_shares": 2935717,
            "book_valuer_per_share": 14.83,
            "book_valuer_per_share_4q_avg": 15.54,
            "equity": 4206491,
            "current_ratio": 931.85,
            "debt_ratio": 8.73,
            "inventory_turnover_ratio": 0.57,
            "account_receivable_turnover_ratio": 0.77,
            "reinvestment_rate": 9,
            "research_to_sale_ratio": 22.19,
            "price_fair": 8.51,
            "eps_avg_yearly": 2.84,
            "eps_latest_yearly": 0.6,
            "eps_growth_yearly": -21.2
        },
        "20114": {
            "year_quarter": 20114,
            "year": 2011,
            "quarter": 4,
            "eps": 0.19,
            "eps_growth_year": -66.56,
            "eps_4q": 1.13,
            "eps_4q_growth_year": -41.81,
            "roe": 1.25,
            "roe_4q": 7.220000000000001,
            "gross_profit": 283275,
            "gross_margin": 55.78,
            "gross_margin_4q_avg": 56.99,
            "net_income": 52947,
            "revenue": 507799,
            "common_shares": 2885947,
            "book_valuer_per_share": 15.03,
            "book_valuer_per_share_4q_avg": 15.27,
            "equity": 4261181,
            "current_ratio": 1069.2,
            "debt_ratio": 7.65,
            "inventory_turnover_ratio": 0.52,
            "account_receivable_turnover_ratio": 0.84,
            "reinvestment_rate": 14.1,
            "research_to_sale_ratio": 19.55,
            "price_fair": 7.51,
            "eps_avg_yearly": 2.5,
            "eps_latest_yearly": 0.76,
            "eps_growth_yearly": -12.85
        },
        "20121": {
            "year_quarter": 20121,
            "year": 2012,
            "quarter": 1,
            "eps": 0.22,
            "eps_growth_year": -51.11,
            "eps_4q": 0.9,
            "eps_4q_growth_year": -53.28,
            "roe": 1.43,
            "roe_4q": 5.92,
            "gross_profit": 269925,
            "gross_margin": 56.44,
            "gross_margin_4q_avg": 56.31,
            "net_income": 61452,
            "revenue": 478258,
            "common_shares": 2835947,
            "book_valuer_per_share": 15.25,
            "book_valuer_per_share_4q_avg": 14.95,
            "equity": 4323853,
            "current_ratio": 1087.7,
            "debt_ratio": 7.61,
            "inventory_turnover_ratio": 0.45,
            "account_receivable_turnover_ratio": 0.77,
            "reinvestment_rate": 15.15,
            "research_to_sale_ratio": 19.71,
            "price_fair": 6.85,
            "eps_avg_yearly": 2.28,
            "eps_latest_yearly": 0.88,
            "eps_growth_yearly": -1.88
        },
        "20122": {
            "year_quarter": 20122,
            "year": 2012,
            "quarter": 2,
            "eps": 0.17,
            "eps_growth_year": -50.93,
            "eps_4q": 0.73,
            "eps_4q_growth_year": -61.77,
            "roe": 1.14,
            "roe_4q": 4.859999999999999,
            "gross_profit": 266243,
            "gross_margin": 52.44,
            "gross_margin_4q_avg": 54.6,
            "net_income": 47848,
            "revenue": 507704,
            "common_shares": 2835947,
            "book_valuer_per_share": 14.41,
            "book_valuer_per_share_4q_avg": 14.88,
            "equity": 4086499,
            "current_ratio": 626.67,
            "debt_ratio": 12.82,
            "inventory_turnover_ratio": 0.48,
            "account_receivable_turnover_ratio": 0.81,
            "reinvestment_rate": 18.76,
            "research_to_sale_ratio": 19.71,
            "price_fair": 21.35,
            "eps_avg_yearly": 2.14,
            "eps_latest_yearly": 0.68,
            "eps_growth_yearly": 0.17
        },
        "20123": {
            "year_quarter": 20123,
            "year": 2012,
            "quarter": 3,
            "eps": -0.03,
            "eps_growth_year": -122.67,
            "eps_4q": 0.54,
            "eps_4q_growth_year": -64.18,
            "roe": -0.24,
            "roe_4q": 3.58,
            "gross_profit": 224698,
            "gross_margin": 47.54,
            "gross_margin_4q_avg": 53.05,
            "net_income": -9850,
            "revenue": 472611,
            "common_shares": 2835947,
            "book_valuer_per_share": 14.38,
            "book_valuer_per_share_4q_avg": 14.77,
            "equity": 4076958,
            "current_ratio": 1297.26,
            "debt_ratio": 6.06,
            "inventory_turnover_ratio": 0.5,
            "account_receivable_turnover_ratio": 0.8,
            "reinvestment_rate": 25.23,
            "research_to_sale_ratio": 25.28,
            "price_fair": 6.1,
            "eps_avg_yearly": 2.03,
            "eps_latest_yearly": 0.68,
            "eps_growth_yearly": -5.44
        },
        "20124": {
            "year_quarter": 20124,
            "year": 2012,
            "quarter": 4,
            "eps": 0.06,
            "eps_growth_year": -67.39,
            "eps_4q": 0.41,
            "eps_4q_growth_year": -63.54,
            "roe": 0.42,
            "roe_4q": 2.75,
            "gross_profit": 254717,
            "gross_margin": 50.45,
            "gross_margin_4q_avg": 51.72,
            "net_income": 17265,
            "revenue": 504885,
            "common_shares": 2835947,
            "book_valuer_per_share": 14.45,
            "book_valuer_per_share_4q_avg": 14.62,
            "equity": 4098093,
            "current_ratio": 1363.04,
            "debt_ratio": 5.82,
            "inventory_turnover_ratio": 0.54,
            "account_receivable_turnover_ratio": 0.91,
            "reinvestment_rate": 34.64,
            "research_to_sale_ratio": 24.98,
            "price_fair": 5.38,
            "eps_avg_yearly": 1.79,
            "eps_latest_yearly": 0.68,
            "eps_growth_yearly": -18.87
        },
        "20131": {
            "year_quarter": 20131,
            "year": 2013,
            "quarter": 1,
            "eps": 0.11,
            "eps_growth_year": -50,
            "eps_4q": 0.3,
            "eps_4q_growth_year": -66.42,
            "roe": 0.74,
            "roe_4q": 2.0599999999999996,
            "gross_profit": 199835,
            "gross_margin": 45.89,
            "gross_margin_4q_avg": 49.08,
            "net_income": 30148,
            "revenue": 435426,
            "common_shares": 2835947,
            "book_valuer_per_share": 14.49,
            "book_valuer_per_share_4q_avg": 14.43,
            "equity": 4093585,
            "current_ratio": 1522.23,
            "debt_ratio": 5.77,
            "inventory_turnover_ratio": 0.57,
            "account_receivable_turnover_ratio": 1.19,
            "reinvestment_rate": 39.45,
            "research_to_sale_ratio": 25.92,
            "price_fair": 34.17,
            "eps_avg_yearly": 1.54,
            "eps_latest_yearly": 0.44,
            "eps_growth_yearly": 12.19
        },
        "20132": {
            "year_quarter": 20132,
            "year": 2013,
            "quarter": 2,
            "eps": -0.04,
            "eps_growth_year": -123.71,
            "eps_4q": 0.1,
            "eps_4q_growth_year": -86.84,
            "roe": -0.26,
            "roe_4q": 0.6599999999999999,
            "gross_profit": 158233,
            "gross_margin": 40.17,
            "gross_margin_4q_avg": 46.01,
            "net_income": -10591,
            "revenue": 393884,
            "common_shares": 2824957,
            "book_valuer_per_share": 14.09,
            "book_valuer_per_share_4q_avg": 14.35,
            "equity": 3981337,
            "current_ratio": 956.57,
            "debt_ratio": 8.51,
            "inventory_turnover_ratio": 0.69,
            "account_receivable_turnover_ratio": 2.24,
            "reinvestment_rate": 45.62,
            "research_to_sale_ratio": 23.09,
            "price_fair": 53.52,
            "eps_avg_yearly": 1.53,
            "eps_latest_yearly": 0.44,
            "eps_growth_yearly": 30.98
        },
        "20133": {
            "year_quarter": 20133,
            "year": 2013,
            "quarter": 3,
            "eps": 0.02,
            "eps_growth_year": null,
            "eps_4q": 0.15,
            "eps_4q_growth_year": -72.49,
            "roe": 0.12,
            "roe_4q": 1.02,
            "gross_profit": 183885,
            "gross_margin": 46.22,
            "gross_margin_4q_avg": 45.68,
            "net_income": 4936,
            "revenue": 397860,
            "common_shares": 2824957,
            "book_valuer_per_share": 14.11,
            "book_valuer_per_share_4q_avg": 14.29,
            "equity": 3985653,
            "current_ratio": 1123.53,
            "debt_ratio": 7.45,
            "inventory_turnover_ratio": 0.7,
            "account_receivable_turnover_ratio": 2.26,
            "reinvestment_rate": 51.25,
            "research_to_sale_ratio": 22.13,
            "price_fair": 52.73,
            "eps_avg_yearly": 1.51,
            "eps_latest_yearly": 0.44,
            "eps_growth_yearly": 31.18
        },
        "20134": {
            "year_quarter": 20134,
            "year": 2013,
            "quarter": 4,
            "eps": 0.08,
            "eps_growth_year": 31.98,
            "eps_4q": 0.17,
            "eps_4q_growth_year": -59.41,
            "roe": 0.57,
            "roe_4q": 1.17,
            "gross_profit": 242392,
            "gross_margin": 51.5,
            "gross_margin_4q_avg": 45.95,
            "net_income": 22698,
            "revenue": 470699,
            "common_shares": 2824957,
            "book_valuer_per_share": 14.19,
            "book_valuer_per_share_4q_avg": 14.22,
            "equity": 4009823,
            "current_ratio": 591.89,
            "debt_ratio": 12.97,
            "inventory_turnover_ratio": 0.69,
            "account_receivable_turnover_ratio": 2.52,
            "reinvestment_rate": 52.9,
            "research_to_sale_ratio": 16.89,
            "price_fair": 42.58,
            "eps_avg_yearly": 1.22,
            "eps_latest_yearly": 0.32,
            "eps_growth_yearly": 94.14
        },
        "20141": {
            "year_quarter": 20141,
            "year": 2014,
            "quarter": 1,
            "eps": 0.07,
            "eps_growth_year": -36.36,
            "eps_4q": 0.13,
            "eps_4q_growth_year": -57.58,
            "roe": 0.48,
            "roe_4q": 0.9099999999999999,
            "gross_profit": 170123,
            "gross_margin": 46.18,
            "gross_margin_4q_avg": 46.02,
            "net_income": 19191,
            "revenue": 368360,
            "common_shares": 2824957,
            "book_valuer_per_share": 14.27,
            "book_valuer_per_share_4q_avg": 14.17,
            "equity": 4030712,
            "current_ratio": 469.69,
            "debt_ratio": 15.89,
            "inventory_turnover_ratio": 0.51,
            "account_receivable_turnover_ratio": 2.1,
            "reinvestment_rate": 71.06,
            "research_to_sale_ratio": 21.89,
            "price_fair": 38.03,
            "eps_avg_yearly": 1.09,
            "eps_latest_yearly": 0.28,
            "eps_growth_yearly": 107.16
        },
        "20142": {
            "year_quarter": 20142,
            "year": 2014,
            "quarter": 2,
            "eps": -0.04,
            "eps_growth_year": null,
            "eps_4q": 0.13,
            "eps_4q_growth_year": 31.63,
            "roe": -0.28,
            "roe_4q": 0.8899999999999999,
            "gross_profit": 165297,
            "gross_margin": 43.14,
            "gross_margin_4q_avg": 46.76,
            "net_income": -11207,
            "revenue": 383185,
            "common_shares": 2834135,
            "book_valuer_per_share": 14.02,
            "book_valuer_per_share_4q_avg": 14.15,
            "equity": 3974781,
            "current_ratio": 427.04,
            "debt_ratio": 18.11,
            "inventory_turnover_ratio": 0.53,
            "account_receivable_turnover_ratio": 2.31,
            "reinvestment_rate": 64.79,
            "research_to_sale_ratio": 23.11,
            "price_fair": 36.78,
            "eps_avg_yearly": 1.05,
            "eps_latest_yearly": 0.28,
            "eps_growth_yearly": 124.02
        },
        "20143": {
            "year_quarter": 20143,
            "year": 2014,
            "quarter": 3,
            "eps": 0.21,
            "eps_growth_year": 950,
            "eps_4q": 0.32,
            "eps_4q_growth_year": 118.67,
            "roe": 1.52,
            "roe_4q": 2.29,
            "gross_profit": 189217,
            "gross_margin": 43.68,
            "gross_margin_4q_avg": 46.13,
            "net_income": 60926,
            "revenue": 433179,
            "common_shares": 2834135,
            "book_valuer_per_share": 14.28,
            "book_valuer_per_share_4q_avg": 14.19,
            "equity": 4046525,
            "current_ratio": 746.11,
            "debt_ratio": 10.7,
            "inventory_turnover_ratio": 0.61,
            "account_receivable_turnover_ratio": 2.45,
            "reinvestment_rate": 72.05,
            "research_to_sale_ratio": 18.13,
            "price_fair": 32.76,
            "eps_avg_yearly": 0.94,
            "eps_latest_yearly": 0.28,
            "eps_growth_yearly": 116.96
        },
        "20144": {
            "year_quarter": 20144,
            "year": 2014,
            "quarter": 4,
            "eps": 0.42,
            "eps_growth_year": 424.75,
            "eps_4q": 0.66,
            "eps_4q_growth_year": 297.98,
            "roe": 2.9,
            "roe_4q": 4.619999999999999,
            "gross_profit": 258989,
            "gross_margin": 48.38,
            "gross_margin_4q_avg": 45.35,
            "net_income": 119473,
            "revenue": 535281,
            "common_shares": 2833597,
            "book_valuer_per_share": 14.76,
            "book_valuer_per_share_4q_avg": 14.33,
            "equity": 4182584,
            "current_ratio": 1130.51,
            "debt_ratio": 7.73,
            "inventory_turnover_ratio": 0.7,
            "account_receivable_turnover_ratio": 2.67,
            "reinvestment_rate": 51.87,
            "research_to_sale_ratio": 16.5,
            "price_fair": 30.8,
            "eps_avg_yearly": 0.88,
            "eps_latest_yearly": 1.68,
            "eps_growth_yearly": 156.24
        },
        "20151": {
            "year_quarter": 20151,
            "year": 2015,
            "quarter": 1,
            "eps": 0.15,
            "eps_growth_year": 114.29,
            "eps_4q": 0.75,
            "eps_4q_growth_year": 483.01,
            "roe": 1.03,
            "roe_4q": 5.169999999999999,
            "gross_profit": 197764,
            "gross_margin": 50.38,
            "gross_margin_4q_avg": 46.4,
            "net_income": 43155,
            "revenue": 392526,
            "common_shares": 2839654,
            "book_valuer_per_share": 14.86,
            "book_valuer_per_share_4q_avg": 14.48,
            "equity": 4221127,
            "current_ratio": 643.17,
            "debt_ratio": 12.91,
            "inventory_turnover_ratio": 0.44,
            "account_receivable_turnover_ratio": 1.7,
            "reinvestment_rate": 53,
            "research_to_sale_ratio": 19.12,
            "price_fair": 26.6,
            "eps_avg_yearly": 0.76,
            "eps_latest_yearly": 0.6,
            "eps_growth_yearly": 138.38
        },
        "20152": {
            "year_quarter": 20152,
            "year": 2015,
            "quarter": 2,
            "eps": 0.1,
            "eps_growth_year": null,
            "eps_4q": 0.89,
            "eps_4q_growth_year": 605.27,
            "roe": 0.66,
            "roe_4q": 6.109999999999999,
            "gross_profit": 193551,
            "gross_margin": 47.48,
            "gross_margin_4q_avg": 47.48,
            "net_income": 27542,
            "revenue": 407684,
            "common_shares": 2839654,
            "book_valuer_per_share": 14.36,
            "book_valuer_per_share_4q_avg": 14.57,
            "equity": 4067035,
            "current_ratio": 641.93,
            "debt_ratio": 13.15,
            "inventory_turnover_ratio": 0.46,
            "account_receivable_turnover_ratio": 1.59,
            "reinvestment_rate": 48.02,
            "research_to_sale_ratio": 21.21,
            "price_fair": 23.24,
            "eps_avg_yearly": 0.66,
            "eps_latest_yearly": 0.4,
            "eps_growth_yearly": 134.82
        },
        "20153": {
            "year_quarter": 20153,
            "year": 2015,
            "quarter": 3,
            "eps": 0.42,
            "eps_growth_year": 100,
            "eps_4q": 1.1,
            "eps_4q_growth_year": 240.14,
            "roe": 2.86,
            "roe_4q": 7.449999999999999,
            "gross_profit": 201462,
            "gross_margin": 47.58,
            "gross_margin_4q_avg": 48.46,
            "net_income": 117327,
            "revenue": 423404,
            "common_shares": 2839435,
            "book_valuer_per_share": 14.76,
            "book_valuer_per_share_4q_avg": 14.69,
            "equity": 4126803,
            "current_ratio": 1168.95,
            "debt_ratio": 7.95,
            "inventory_turnover_ratio": 0.48,
            "account_receivable_turnover_ratio": 1.42,
            "reinvestment_rate": 58.95,
            "research_to_sale_ratio": 20.89,
            "price_fair": 27.02,
            "eps_avg_yearly": 0.77,
            "eps_latest_yearly": 1.68,
            "eps_growth_yearly": 285.18
        },
        "20154": {
            "year_quarter": 20154,
            "year": 2015,
            "quarter": 4,
            "eps": 0.38,
            "eps_growth_year": -10.08,
            "eps_4q": 1.05,
            "eps_4q_growth_year": 58.56,
            "roe": 2.53,
            "roe_4q": 7.08,
            "gross_profit": 289604,
            "gross_margin": 51.25,
            "gross_margin_4q_avg": 49.17,
            "net_income": 105609,
            "revenue": 565071,
            "common_shares": 2785459,
            "book_valuer_per_share": 15.12,
            "book_valuer_per_share_4q_avg": 14.78,
            "equity": 4211926,
            "current_ratio": 900.71,
            "debt_ratio": 10.56,
            "inventory_turnover_ratio": 0.59,
            "account_receivable_turnover_ratio": 1.62,
            "reinvestment_rate": -10.46,
            "research_to_sale_ratio": 14.81,
            "price_fair": 29.68,
            "eps_avg_yearly": 0.85,
            "eps_latest_yearly": 1.52,
            "eps_growth_yearly": 270.7
        },
        "20161": {
            "year_quarter": 20161,
            "year": 2016,
            "quarter": 1,
            "eps": 0.11,
            "eps_growth_year": -26.67,
            "eps_4q": 1.01,
            "eps_4q_growth_year": 34.48,
            "roe": 0.72,
            "roe_4q": 6.77,
            "gross_profit": 190567,
            "gross_margin": 48.63,
            "gross_margin_4q_avg": 48.74,
            "net_income": 30320,
            "revenue": 391894,
            "common_shares": 2792284,
            "book_valuer_per_share": 15.2,
            "book_valuer_per_share_4q_avg": 14.86,
            "equity": 4243172,
            "current_ratio": 856.87,
            "debt_ratio": 11.28,
            "inventory_turnover_ratio": 0.43,
            "account_receivable_turnover_ratio": 1.22,
            "reinvestment_rate": -24.78,
            "research_to_sale_ratio": 22.66,
            "price_fair": 28.14,
            "eps_avg_yearly": 0.8,
            "eps_latest_yearly": 0.44,
            "eps_growth_yearly": 235.96
        },
        "20162": {
            "year_quarter": 20162,
            "year": 2016,
            "quarter": 2,
            "eps": 0.2,
            "eps_growth_year": 100,
            "eps_4q": 1.11,
            "eps_4q_growth_year": 25.15,
            "roe": 1.36,
            "roe_4q": 7.469999999999999,
            "gross_profit": 208341,
            "gross_margin": 46.02,
            "gross_margin_4q_avg": 48.37,
            "net_income": 56488,
            "revenue": 452747,
            "common_shares": 2792284,
            "book_valuer_per_share": 14.49,
            "book_valuer_per_share_4q_avg": 14.89,
            "equity": 4046453,
            "current_ratio": 545.95,
            "debt_ratio": 16.75,
            "inventory_turnover_ratio": 0.53,
            "account_receivable_turnover_ratio": 1.67,
            "reinvestment_rate": -29.49,
            "research_to_sale_ratio": 22.18,
            "price_fair": 28.56,
            "eps_avg_yearly": 0.82,
            "eps_latest_yearly": 0.8,
            "eps_growth_yearly": 277.78
        },
        "20163": {
            "year_quarter": 20163,
            "year": 2016,
            "quarter": 3,
            "eps": 0.2,
            "eps_growth_year": -52.38,
            "eps_4q": 0.88,
            "eps_4q_growth_year": -19.75,
            "roe": 1.33,
            "roe_4q": 5.9399999999999995,
            "gross_profit": 207573,
            "gross_margin": 45.94,
            "gross_margin_4q_avg": 47.96,
            "net_income": 53910,
            "revenue": 451810,
            "common_shares": 2791748,
            "book_valuer_per_share": 14.65,
            "book_valuer_per_share_4q_avg": 14.87,
            "equity": 4090460,
            "current_ratio": 683.86,
            "debt_ratio": 13.66,
            "inventory_turnover_ratio": 0.54,
            "account_receivable_turnover_ratio": 1.56,
            "reinvestment_rate": -39.87,
            "research_to_sale_ratio": 19.21,
            "price_fair": 28.51,
            "eps_avg_yearly": 0.81,
            "eps_latest_yearly": 0.8,
            "eps_growth_yearly": 252.53
        },
        "20164": {
            "year_quarter": 20164,
            "year": 2016,
            "quarter": 4,
            "eps": 0.56,
            "eps_growth_year": 48.7,
            "eps_4q": 1.07,
            "eps_4q_growth_year": 1.31,
            "roe": 3.77,
            "roe_4q": 7.18,
            "gross_profit": 321332,
            "gross_margin": 48.76,
            "gross_margin_4q_avg": 47.34,
            "net_income": 157362,
            "revenue": 658977,
            "common_shares": 2791110,
            "book_valuer_per_share": 15.27,
            "book_valuer_per_share_4q_avg": 14.9,
            "equity": 4263237,
            "current_ratio": 723.64,
            "debt_ratio": 13.05,
            "inventory_turnover_ratio": 0.73,
            "account_receivable_turnover_ratio": 1.88,
            "reinvestment_rate": -43.27,
            "research_to_sale_ratio": 13.54,
            "price_fair": 32.67,
            "eps_avg_yearly": 0.93,
            "eps_latest_yearly": 2.24,
            "eps_growth_yearly": 291.49
        },
        "20171": {
            "year_quarter": 20171,
            "year": 2017,
            "quarter": 1,
            "eps": -0.03,
            "eps_growth_year": -127.27,
            "eps_4q": 0.92,
            "eps_4q_growth_year": -8.14,
            "roe": -0.22,
            "roe_4q": 6.24,
            "gross_profit": 164556,
            "gross_margin": 40.89,
            "gross_margin_4q_avg": 45.4,
            "net_income": -9263,
            "revenue": 402479,
            "common_shares": 2798150,
            "book_valuer_per_share": 15.14,
            "book_valuer_per_share_4q_avg": 14.89,
            "equity": 4237770,
            "current_ratio": 1466.83,
            "debt_ratio": 7.28,
            "inventory_turnover_ratio": 0.48,
            "account_receivable_turnover_ratio": 1.15,
            "reinvestment_rate": -45.35,
            "research_to_sale_ratio": 21.87,
            "price_fair": 34.24,
            "eps_avg_yearly": 0.98,
            "eps_latest_yearly": 2.24,
            "eps_growth_yearly": 287.68
        },
        "20172": {
            "year_quarter": 20172,
            "year": 2017,
            "quarter": 2,
            "eps": 0.07,
            "eps_growth_year": -65,
            "eps_4q": 0.79,
            "eps_4q_growth_year": -28.99,
            "roe": 0.45,
            "roe_4q": 5.33,
            "gross_profit": 174736,
            "gross_margin": 41.52,
            "gross_margin_4q_avg": 44.28,
            "net_income": 18404,
            "revenue": 420810,
            "common_shares": 2798150,
            "book_valuer_per_share": 14.41,
            "book_valuer_per_share_4q_avg": 14.87,
            "equity": 4032319,
            "current_ratio": 683.03,
            "debt_ratio": 13.86,
            "inventory_turnover_ratio": 0.52,
            "account_receivable_turnover_ratio": 1.37,
            "reinvestment_rate": -52.01,
            "research_to_sale_ratio": 22.9,
            "price_fair": 34.24,
            "eps_avg_yearly": 0.98,
            "eps_latest_yearly": 2.24,
            "eps_growth_yearly": 287.68
        },
        "20173": {
            "year_quarter": 20173,
            "year": 2017,
            "quarter": 3,
            "eps": 0.12,
            "eps_growth_year": -40,
            "eps_4q": 0.71,
            "eps_4q_growth_year": -19.21,
            "roe": 0.81,
            "roe_4q": 4.8100000000000005,
            "gross_profit": 186933,
            "gross_margin": 50.45,
            "gross_margin_4q_avg": 45.41,
            "net_income": 32878,
            "revenue": 370543,
            "common_shares": 2796819,
            "book_valuer_per_share": 14.62,
            "book_valuer_per_share_4q_avg": 14.86,
            "equity": 4087636,
            "current_ratio": 1021.4,
            "debt_ratio": 9.7,
            "inventory_turnover_ratio": 0.41,
            "account_receivable_turnover_ratio": 1.35,
            "reinvestment_rate": -47.44,
            "research_to_sale_ratio": 23.79,
            "price_fair": 32.78,
            "eps_avg_yearly": 0.94,
            "eps_latest_yearly": 0.48,
            "eps_growth_yearly": 287.52
        },
        "20174": {
            "year_quarter": 20174,
            "year": 2017,
            "quarter": 4,
            "eps": 0.27,
            "eps_growth_year": -52.46,
            "eps_4q": 0.42,
            "eps_4q_growth_year": -60.83,
            "roe": 1.82,
            "roe_4q": 2.86,
            "gross_profit": 198218,
            "gross_margin": 45.84,
            "gross_margin_4q_avg": 44.68,
            "net_income": 74969,
            "revenue": 432401,
            "common_shares": 2796819,
            "book_valuer_per_share": 14.88,
            "book_valuer_per_share_4q_avg": 14.76,
            "equity": 4162637,
            "current_ratio": 718.64,
            "debt_ratio": 13.14,
            "inventory_turnover_ratio": 0.54,
            "account_receivable_turnover_ratio": 1.57,
            "reinvestment_rate": -64.14,
            "research_to_sale_ratio": 16.25,
            "price_fair": 35,
            "eps_avg_yearly": 1,
            "eps_latest_yearly": 1.08,
            "eps_growth_yearly": 229.18
        },
        "20181": {
            "year_quarter": 20181,
            "year": 2018,
            "quarter": 1,
            "eps": -0.08,
            "eps_growth_year": null,
            "eps_4q": 0.37,
            "eps_4q_growth_year": -60.03,
            "roe": -0.55,
            "roe_4q": 2.5300000000000002,
            "gross_profit": 119859,
            "gross_margin": 39.98,
            "gross_margin_4q_avg": 44.45,
            "net_income": -22976,
            "revenue": 299796,
            "common_shares": 2796812,
            "book_valuer_per_share": 14.8,
            "book_valuer_per_share_4q_avg": 14.68,
            "equity": 4139826,
            "current_ratio": 734.53,
            "debt_ratio": 12.68,
            "inventory_turnover_ratio": 0.41,
            "account_receivable_turnover_ratio": 1.15,
            "reinvestment_rate": -80.83,
            "research_to_sale_ratio": 23.67,
            "price_fair": 37.29,
            "eps_avg_yearly": 1.07,
            "eps_latest_yearly": 1.08,
            "eps_growth_yearly": 254.56
        },
        "20182": {
            "year_quarter": 20182,
            "year": 2018,
            "quarter": 2,
            "eps": 0.16,
            "eps_growth_year": 128.57,
            "eps_4q": 0.47,
            "eps_4q_growth_year": -40.9,
            "roe": 1.1,
            "roe_4q": 3.18,
            "gross_profit": 137502,
            "gross_margin": 40.42,
            "gross_margin_4q_avg": 44.17,
            "net_income": 45323,
            "revenue": 340220,
            "common_shares": 2796812,
            "book_valuer_per_share": 14.58,
            "book_valuer_per_share_4q_avg": 14.72,
            "equity": 4077312,
            "current_ratio": 540.43,
            "debt_ratio": 16.83,
            "inventory_turnover_ratio": 0.47,
            "account_receivable_turnover_ratio": 1.47,
            "reinvestment_rate": -61.62,
            "research_to_sale_ratio": 23.28,
            "price_fair": 37.29,
            "eps_avg_yearly": 1.07,
            "eps_latest_yearly": 1.08,
            "eps_growth_yearly": 254.56
        },
        "20183": {
            "year_quarter": 20183,
            "year": 2018,
            "quarter": 3,
            "eps": -0.04,
            "eps_growth_year": -133.33,
            "eps_4q": 0.31,
            "eps_4q_growth_year": -56.85,
            "roe": -0.28,
            "roe_4q": 2.09,
            "gross_profit": 116279,
            "gross_margin": 38.83,
            "gross_margin_4q_avg": 41.27,
            "net_income": -11285,
            "revenue": 299429,
            "common_shares": 2796463,
            "book_valuer_per_share": 14.55,
            "book_valuer_per_share_4q_avg": 14.7,
            "equity": 4068438,
            "current_ratio": 620.56,
            "debt_ratio": 14.8,
            "inventory_turnover_ratio": 0.43,
            "account_receivable_turnover_ratio": 1.31,
            "reinvestment_rate": -68.63,
            "research_to_sale_ratio": 34.45,
            "price_fair": 37.29,
            "eps_avg_yearly": 1.07,
            "eps_latest_yearly": 1.08,
            "eps_growth_yearly": 254.56
        },
        "20184": {
            "year_quarter": 20184,
            "year": 2018,
            "quarter": 4,
            "eps": 0.39,
            "eps_growth_year": 45.91,
            "eps_4q": 0.43,
            "eps_4q_growth_year": 3.05,
            "roe": 2.64,
            "roe_4q": 2.91,
            "gross_profit": 199327,
            "gross_margin": 44.83,
            "gross_margin_4q_avg": 41.02,
            "net_income": 108352,
            "revenue": 444656,
            "common_shares": 2796463,
            "book_valuer_per_share": 14.97,
            "book_valuer_per_share_4q_avg": 14.73,
            "equity": 4146816,
            "current_ratio": 565.82,
            "debt_ratio": 16.53,
            "inventory_turnover_ratio": 0.57,
            "account_receivable_turnover_ratio": 1.79,
            "reinvestment_rate": -71.18,
            "research_to_sale_ratio": 11.65,
            "price_fair": 35.14,
            "eps_avg_yearly": 1,
            "eps_latest_yearly": 1.08,
            "eps_growth_yearly": 240.02
        },
        "20191": {
            "year_quarter": 20191,
            "year": 2019,
            "quarter": 1,
            "eps": 0.38,
            "eps_growth_year": null,
            "eps_4q": 0.9,
            "eps_4q_growth_year": 142.91,
            "roe": 2.51,
            "roe_4q": 5.970000000000001,
            "gross_profit": 137740,
            "gross_margin": 42.69,
            "gross_margin_4q_avg": 41.69,
            "net_income": 105549,
            "revenue": 322661,
            "common_shares": 2764193,
            "book_valuer_per_share": 15.37,
            "book_valuer_per_share_4q_avg": 14.87,
            "equity": 4249425,
            "current_ratio": 588.82,
            "debt_ratio": 16.15,
            "inventory_turnover_ratio": 0.44,
            "account_receivable_turnover_ratio": 1.11,
            "reinvestment_rate": -57.9,
            "research_to_sale_ratio": 25.75,
            "price_fair": 38.36,
            "eps_avg_yearly": 1.1,
            "eps_latest_yearly": 1.52,
            "eps_growth_yearly": 264.71
        },
        "20192": {
            "year_quarter": 20192,
            "year": 2019,
            "quarter": 2,
            "eps": 0.15,
            "eps_growth_year": -6.25,
            "eps_4q": 0.88,
            "eps_4q_growth_year": 89.47,
            "roe": 0.98,
            "roe_4q": 5.85,
            "gross_profit": 154461,
            "gross_margin": 47.5,
            "gross_margin_4q_avg": 43.46,
            "net_income": 41184,
            "revenue": 325163,
            "common_shares": 2764193,
            "book_valuer_per_share": 15.13,
            "book_valuer_per_share_4q_avg": 15.01,
            "equity": 4181642,
            "current_ratio": 517.79,
            "debt_ratio": 18.14,
            "inventory_turnover_ratio": 0.41,
            "account_receivable_turnover_ratio": 1.18,
            "reinvestment_rate": -48.14,
            "research_to_sale_ratio": 25.84,
            "price_fair": 39.06,
            "eps_avg_yearly": 1.12,
            "eps_latest_yearly": 0.6,
            "eps_growth_yearly": 253.83
        },
        "20193": {
            "year_quarter": 20193,
            "year": 2019,
            "quarter": 3,
            "eps": 0.17,
            "eps_growth_year": null,
            "eps_4q": 1.09,
            "eps_4q_growth_year": 255.41,
            "roe": 1.12,
            "roe_4q": 7.25,
            "gross_profit": 176700,
            "gross_margin": 49.18,
            "gross_margin_4q_avg": 46.05,
            "net_income": 47099,
            "revenue": 359266,
            "common_shares": 2764193,
            "book_valuer_per_share": 15.3,
            "book_valuer_per_share_4q_avg": 15.19,
            "equity": 4229260,
            "current_ratio": 444.33,
            "debt_ratio": 20.9,
            "inventory_turnover_ratio": 0.45,
            "account_receivable_turnover_ratio": 1.39,
            "reinvestment_rate": -53.98,
            "research_to_sale_ratio": 27.49,
            "price_fair": 35.56,
            "eps_avg_yearly": 1.02,
            "eps_latest_yearly": 0.68,
            "eps_growth_yearly": 131.17
        },
        "20194": {
            "year_quarter": 20194,
            "year": 2019,
            "quarter": 4,
            "eps": 0.03,
            "eps_growth_year": -91.91,
            "eps_4q": 0.73,
            "eps_4q_growth_year": 70.1,
            "roe": 0.21,
            "roe_4q": 4.82,
            "gross_profit": 179472,
            "gross_margin": 48.32,
            "gross_margin_4q_avg": 46.92,
            "net_income": 8741,
            "revenue": 371443,
            "common_shares": 2762907,
            "book_valuer_per_share": 15.33,
            "book_valuer_per_share_4q_avg": 15.28,
            "equity": 4234774,
            "current_ratio": 486.62,
            "debt_ratio": 19.26,
            "inventory_turnover_ratio": 0.5,
            "account_receivable_turnover_ratio": 1.52,
            "reinvestment_rate": -20.36,
            "research_to_sale_ratio": 28.28,
            "price_fair": 30.66,
            "eps_avg_yearly": 0.88,
            "eps_latest_yearly": 0.12,
            "eps_growth_yearly": 102.03
        },
        "20201": {
            "year_quarter": 20201,
            "year": 2020,
            "quarter": 1,
            "eps": -0.91,
            "eps_growth_year": -339.47,
            "eps_4q": -0.56,
            "eps_4q_growth_year": -162.06,
            "roe": -6.1,
            "roe_4q": -3.7899999999999996,
            "gross_profit": 93071,
            "gross_margin": 38.46,
            "gross_margin_4q_avg": 45.87,
            "net_income": -250761,
            "revenue": 242011,
            "common_shares": 2762907,
            "book_valuer_per_share": 14.43,
            "book_valuer_per_share_4q_avg": 15.05,
            "equity": 3984041,
            "current_ratio": 463.93,
            "debt_ratio": 20.05,
            "inventory_turnover_ratio": 0.38,
            "account_receivable_turnover_ratio": 1.24,
            "reinvestment_rate": -14.12,
            "research_to_sale_ratio": 28.64,
            "price_fair": 32.36,
            "eps_avg_yearly": 0.92,
            "eps_latest_yearly": 0.12,
            "eps_growth_yearly": 144.95
        },
        "20202": {
            "year_quarter": 20202,
            "year": 2020,
            "quarter": 2,
            "eps": 0.61,
            "eps_growth_year": 306.67,
            "eps_4q": -0.1,
            "eps_4q_growth_year": -111.21,
            "roe": 4.23,
            "roe_4q": -0.5399999999999991,
            "gross_profit": 128431,
            "gross_margin": 42.56,
            "gross_margin_4q_avg": 44.63,
            "net_income": 167833,
            "revenue": 301797,
            "common_shares": 2762875,
            "book_valuer_per_share": 14.45,
            "book_valuer_per_share_4q_avg": 14.88,
            "equity": 3958796,
            "current_ratio": 399.34,
            "debt_ratio": 23.05,
            "inventory_turnover_ratio": 0.42,
            "account_receivable_turnover_ratio": 2.29,
            "reinvestment_rate": -15.66,
            "research_to_sale_ratio": 24.6,
            "price_fair": 32.9,
            "eps_avg_yearly": 0.94,
            "eps_latest_yearly": 0.12,
            "eps_growth_yearly": 122.16
        },
        "20203": {
            "year_quarter": 20203,
            "year": 2020,
            "quarter": 3,
            "eps": 0.04,
            "eps_growth_year": -76.47,
            "eps_4q": -0.23,
            "eps_4q_growth_year": -121.44,
            "roe": 0.25,
            "roe_4q": -1.4099999999999993,
            "gross_profit": 132827,
            "gross_margin": 44.88,
            "gross_margin_4q_avg": 43.56,
            "net_income": 10066,
            "revenue": 295939,
            "common_shares": 2735515,
            "book_valuer_per_share": 14.49,
            "book_valuer_per_share_4q_avg": 14.68,
            "equity": 3963609,
            "current_ratio": 462.42,
            "debt_ratio": 20.08,
            "inventory_turnover_ratio": 0.41,
            "account_receivable_turnover_ratio": 2.24,
            "reinvestment_rate": -15.72,
            "research_to_sale_ratio": 26,
            "price_fair": 30.1,
            "eps_avg_yearly": 0.86,
            "eps_latest_yearly": 0.16,
            "eps_growth_yearly": 75.44
        },
        "20204": {
            "year_quarter": 20204,
            "year": 2020,
            "quarter": 4,
            "eps": 0.03,
            "eps_growth_year": -14,
            "eps_4q": -0.24,
            "eps_4q_growth_year": -132.62,
            "roe": 0.19,
            "roe_4q": -1.4299999999999988,
            "gross_profit": 137825,
            "gross_margin": 47.4,
            "gross_margin_4q_avg": 43.33,
            "net_income": 7443,
            "revenue": 290800,
            "common_shares": 2735515,
            "book_valuer_per_share": 14.49,
            "book_valuer_per_share_4q_avg": 14.47,
            "equity": 3964347,
            "current_ratio": 415.06,
            "debt_ratio": 22.56,
            "inventory_turnover_ratio": 0.42,
            "account_receivable_turnover_ratio": 1.87,
            "reinvestment_rate": -33.37,
            "research_to_sale_ratio": 27,
            "price_fair": 1.79,
            "eps_avg_yearly": 0.6,
            "eps_latest_yearly": 0.12,
            "eps_growth_yearly": -27.06
        },
        "20211": {
            "year_quarter": 20211,
            "year": 2021,
            "quarter": 1,
            "eps": 0.12,
            "eps_growth_year": null,
            "eps_4q": 0.8,
            "eps_4q_growth_year": null,
            "roe": 0.85,
            "roe_4q": 5.5200000000000005,
            "gross_profit": 111456,
            "gross_margin": 45.49,
            "gross_margin_4q_avg": 45.08,
            "net_income": 33934,
            "revenue": 245008,
            "common_shares": 2735515,
            "book_valuer_per_share": 14.62,
            "book_valuer_per_share_4q_avg": 14.51,
            "equity": 3998762,
            "current_ratio": 401.95,
            "debt_ratio": 23.2,
            "inventory_turnover_ratio": 0.37,
            "account_receivable_turnover_ratio": 1.5,
            "reinvestment_rate": -27.02,
            "research_to_sale_ratio": 29.64,
            "price_fair": 20.38,
            "eps_avg_yearly": 0.58,
            "eps_latest_yearly": 0.48,
            "eps_growth_yearly": 109.28
        },
        "20212": {
            "year_quarter": 20212,
            "year": 2021,
            "quarter": 2,
            "eps": 0.01,
            "eps_growth_year": -98.36,
            "eps_4q": 0.2,
            "eps_4q_growth_year": null,
            "roe": 0.08,
            "roe_4q": 1.3699999999999999,
            "gross_profit": 131423,
            "gross_margin": 42.23,
            "gross_margin_4q_avg": 45,
            "net_income": 3233,
            "revenue": 311235,
            "common_shares": 2735515,
            "book_valuer_per_share": 14.63,
            "book_valuer_per_share_4q_avg": 14.56,
            "equity": 4001172,
            "current_ratio": 384.17,
            "debt_ratio": 24.27,
            "inventory_turnover_ratio": 0.47,
            "account_receivable_turnover_ratio": 1.84,
            "reinvestment_rate": -21.02,
            "research_to_sale_ratio": 23.39,
            "price_fair": 18.48,
            "eps_avg_yearly": 0.53,
            "eps_latest_yearly": 0.04,
            "eps_growth_yearly": 61.68
        },
        "20213": {
            "year_quarter": 20213,
            "year": 2021,
            "quarter": 3,
            "eps": 0.09,
            "eps_growth_year": 125,
            "eps_4q": 0.25,
            "eps_4q_growth_year": null,
            "roe": 0.63,
            "roe_4q": 1.75,
            "gross_profit": 122707,
            "gross_margin": 44.26,
            "gross_margin_4q_avg": 44.85,
            "net_income": 25025,
            "revenue": 277231,
            "common_shares": 2735515,
            "book_valuer_per_share": 14.42,
            "book_valuer_per_share_4q_avg": 14.54,
            "equity": 3943955,
            "current_ratio": 354.86,
            "debt_ratio": 26.21,
            "inventory_turnover_ratio": 0.39,
            "account_receivable_turnover_ratio": 1.62,
            "reinvestment_rate": -33.16,
            "research_to_sale_ratio": 31.1,
            "price_fair": 18.06,
            "eps_avg_yearly": 0.52,
            "eps_latest_yearly": 0.36,
            "eps_growth_yearly": 353.11
        },
        "20214": {
            "year_quarter": 20214,
            "year": 2021,
            "quarter": 4,
            "eps": 0.31,
            "eps_growth_year": 1026.36,
            "eps_4q": 0.53,
            "eps_4q_growth_year": null,
            "roe": 2.1,
            "roe_4q": 3.66,
            "gross_profit": 154851,
            "gross_margin": 43.5,
            "gross_margin_4q_avg": 43.87,
            "net_income": 83836,
            "revenue": 356014,
            "common_shares": 2735515,
            "book_valuer_per_share": 14.71,
            "book_valuer_per_share_4q_avg": 14.6,
            "equity": 4025018,
            "current_ratio": 334.05,
            "debt_ratio": 28.06,
            "inventory_turnover_ratio": 0.51,
            "account_receivable_turnover_ratio": 1.8,
            "reinvestment_rate": -32.3,
            "research_to_sale_ratio": 18.55,
            "price_fair": 18.62,
            "eps_avg_yearly": 0.53,
            "eps_latest_yearly": 1.24,
            "eps_growth_yearly": 400.89
        },
        "20221": {
            "year_quarter": 20221,
            "year": 2022,
            "quarter": 1,
            "eps": 0.18,
            "eps_growth_year": 50,
            "eps_4q": 0.59,
            "eps_4q_growth_year": -26.31,
            "roe": 1.22,
            "roe_4q": 4.03,
            "gross_profit": 106071,
            "gross_margin": 41.92,
            "gross_margin_4q_avg": 42.98,
            "net_income": 49493,
            "revenue": 253038,
            "common_shares": 2735515,
            "book_valuer_per_share": 14.9,
            "book_valuer_per_share_4q_avg": 14.67,
            "equity": 4076164,
            "current_ratio": 324.78,
            "debt_ratio": 28.73,
            "inventory_turnover_ratio": 0.36,
            "account_receivable_turnover_ratio": 1.29,
            "reinvestment_rate": -25.72,
            "research_to_sale_ratio": 24.21,
            "price_fair": 19.22,
            "eps_avg_yearly": 0.55,
            "eps_latest_yearly": 0.72,
            "eps_growth_yearly": 349.2
        },
        "20222": {
            "year_quarter": 20222,
            "year": 2022,
            "quarter": 2,
            "eps": 0.04,
            "eps_growth_year": 300,
            "eps_4q": 0.62,
            "eps_4q_growth_year": 211.1,
            "roe": 0.29,
            "roe_4q": 4.24,
            "gross_profit": 158502,
            "gross_margin": 46.99,
            "gross_margin_4q_avg": 44.17,
            "net_income": 11743,
            "revenue": 337311,
            "common_shares": 2735515,
            "book_valuer_per_share": 14.55,
            "book_valuer_per_share_4q_avg": 14.65,
            "equity": 3980849,
            "current_ratio": 282.23,
            "debt_ratio": 32.97,
            "inventory_turnover_ratio": 0.39,
            "account_receivable_turnover_ratio": 2,
            "reinvestment_rate": -25.7,
            "research_to_sale_ratio": 21.27,
            "price_fair": 18.08,
            "eps_avg_yearly": 0.52,
            "eps_latest_yearly": 0.16,
            "eps_growth_yearly": 294.17
        },
        "20223": {
            "year_quarter": 20223,
            "year": 2022,
            "quarter": 3,
            "eps": 0.3,
            "eps_growth_year": 233.33,
            "eps_4q": 0.83,
            "eps_4q_growth_year": 226.5,
            "roe": 2.04,
            "roe_4q": 5.65,
            "gross_profit": 204391,
            "gross_margin": 51.03,
            "gross_margin_4q_avg": 45.86,
            "net_income": 82285,
            "revenue": 400522,
            "common_shares": 2735515,
            "book_valuer_per_share": 14.87,
            "book_valuer_per_share_4q_avg": 14.76,
            "equity": 4068589,
            "current_ratio": 292.6,
            "debt_ratio": 31.58,
            "inventory_turnover_ratio": 0.38,
            "account_receivable_turnover_ratio": 2.36,
            "reinvestment_rate": -10.92,
            "research_to_sale_ratio": 19.42,
            "price_fair": 19.92,
            "eps_avg_yearly": 0.57,
            "eps_latest_yearly": 1.2,
            "eps_growth_yearly": 471.54
        },
        "20224": {
            "year_quarter": 20224,
            "year": 2022,
            "quarter": 4,
            "eps": 0.26,
            "eps_growth_year": -15.93,
            "eps_4q": 0.78,
            "eps_4q_growth_year": 46.55,
            "roe": 1.72,
            "roe_4q": 5.27,
            "gross_profit": 251205,
            "gross_margin": 53.25,
            "gross_margin_4q_avg": 48.3,
            "net_income": 70482,
            "revenue": 471759,
            "common_shares": 2735515,
            "book_valuer_per_share": 15.14,
            "book_valuer_per_share_4q_avg": 14.87,
            "equity": 4140335,
            "current_ratio": 266.03,
            "debt_ratio": 34.26,
            "inventory_turnover_ratio": 0.38,
            "account_receivable_turnover_ratio": 2.73,
            "reinvestment_rate": 9.38,
            "research_to_sale_ratio": 18.43,
            "price_fair": 21.1,
            "eps_avg_yearly": 0.6,
            "eps_latest_yearly": 1.04,
            "eps_growth_yearly": 434.05
        },
        "20231": {
            "year_quarter": 20231,
            "year": 2023,
            "quarter": 1,
            "eps": 0.26,
            "eps_growth_year": 44.44,
            "eps_4q": 0.86,
            "eps_4q_growth_year": 45.06,
            "roe": 1.67,
            "roe_4q": 5.72,
            "gross_profit": 187950,
            "gross_margin": 51.58,
            "gross_margin_4q_avg": 50.71,
            "net_income": 69886,
            "revenue": 364407,
            "common_shares": 2735515,
            "book_valuer_per_share": 15.39,
            "book_valuer_per_share_4q_avg": 14.99,
            "equity": 4209356,
            "current_ratio": 257.38,
            "debt_ratio": 35.24,
            "inventory_turnover_ratio": 0.3,
            "account_receivable_turnover_ratio": 2.15,
            "reinvestment_rate": 11.84,
            "research_to_sale_ratio": 18.32,
            "price_fair": 19.9,
            "eps_avg_yearly": 0.57,
            "eps_latest_yearly": 1.04,
            "eps_growth_yearly": 434.78
        }
    },
    "months": {
        "2002-03": {
            "month": "2002-03",
            "price": "125.00",
            "revenue": 66491
        },
        "2002-04": {
            "month": "2002-04",
            "price": "130.36",
            "revenue": 69164
        },
        "2002-05": {
            "month": "2002-05",
            "price": "120.32",
            "revenue": 67372
        },
        "2002-06": {
            "month": "2002-06",
            "price": "107.65",
            "revenue": 63418
        },
        "2002-07": {
            "month": "2002-07",
            "price": "90.70",
            "revenue": 69156
        },
        "2002-08": {
            "month": "2002-08",
            "price": "57.61",
            "revenue": 82670
        },
        "2002-09": {
            "month": "2002-09",
            "price": "63.62",
            "revenue": 70740
        },
        "2002-10": {
            "month": "2002-10",
            "price": "56.04",
            "revenue": 106861
        },
        "2002-11": {
            "month": "2002-11",
            "price": "59.10",
            "revenue": 124335
        },
        "2002-12": {
            "month": "2002-12",
            "price": "60.34",
            "revenue": 114048
        },
        "2003-01": {
            "month": "2003-01",
            "price": "57.76",
            "revenue": 125220
        },
        "2003-02": {
            "month": "2003-02",
            "price": "59.19",
            "revenue": 108117
        },
        "2003-03": {
            "month": "2003-03",
            "price": "55.98",
            "revenue": 127712
        },
        "2003-04": {
            "month": "2003-04",
            "price": "61.36",
            "revenue": 137746
        },
        "2003-05": {
            "month": "2003-05",
            "price": "80.83",
            "revenue": 184907
        },
        "2003-06": {
            "month": "2003-06",
            "price": "89.28",
            "revenue": 200390
        },
        "2003-07": {
            "month": "2003-07",
            "price": "105.52",
            "revenue": 208215
        },
        "2003-08": {
            "month": "2003-08",
            "price": "117.26",
            "revenue": 211485
        },
        "2003-09": {
            "month": "2003-09",
            "price": "116.48",
            "revenue": 214377
        },
        "2003-10": {
            "month": "2003-10",
            "price": "106.91",
            "revenue": 181247
        },
        "2003-11": {
            "month": "2003-11",
            "price": "98.52",
            "revenue": 220108
        },
        "2003-12": {
            "month": "2003-12",
            "price": "108.37",
            "revenue": 210893
        },
        "2004-01": {
            "month": "2004-01",
            "price": "113.03",
            "revenue": 242204
        },
        "2004-02": {
            "month": "2004-02",
            "price": "128.45",
            "revenue": 252222
        },
        "2004-03": {
            "month": "2004-03",
            "price": "125.20",
            "revenue": 271208
        },
        "2004-04": {
            "month": "2004-04",
            "price": "129.30",
            "revenue": 285707
        },
        "2004-05": {
            "month": "2004-05",
            "price": "116.12",
            "revenue": 286881
        },
        "2004-06": {
            "month": "2004-06",
            "price": "103.81",
            "revenue": 282476
        },
        "2004-07": {
            "month": "2004-07",
            "price": "86.48",
            "revenue": 256089
        },
        "2004-08": {
            "month": "2004-08",
            "price": "85.45",
            "revenue": 222116
        },
        "2004-09": {
            "month": "2004-09",
            "price": "73.69",
            "revenue": 206085
        },
        "2004-10": {
            "month": "2004-10",
            "price": "63.38",
            "revenue": 240543
        },
        "2004-11": {
            "month": "2004-11",
            "price": "64.61",
            "revenue": 253786
        },
        "2004-12": {
            "month": "2004-12",
            "price": "69.28",
            "revenue": 272026
        },
        "2005-01": {
            "month": "2005-01",
            "price": "64.55",
            "revenue": 227498
        },
        "2005-02": {
            "month": "2005-02",
            "price": "71.42",
            "revenue": 228250
        },
        "2005-03": {
            "month": "2005-03",
            "price": "73.61",
            "revenue": 230864
        },
        "2005-04": {
            "month": "2005-04",
            "price": "67.96",
            "revenue": 235051
        },
        "2005-05": {
            "month": "2005-05",
            "price": "64.15",
            "revenue": 236436
        },
        "2005-06": {
            "month": "2005-06",
            "price": "66.17",
            "revenue": 225722
        },
        "2005-07": {
            "month": "2005-07",
            "price": "68.12",
            "revenue": 237195
        },
        "2005-08": {
            "month": "2005-08",
            "price": "68.11",
            "revenue": 249585
        },
        "2005-09": {
            "month": "2005-09",
            "price": "58.40",
            "revenue": 275876
        },
        "2005-10": {
            "month": "2005-10",
            "price": "56.66",
            "revenue": 278727
        },
        "2005-11": {
            "month": "2005-11",
            "price": "51.86",
            "revenue": 270710
        },
        "2005-12": {
            "month": "2005-12",
            "price": "52.65",
            "revenue": 246548
        },
        "2006-01": {
            "month": "2006-01",
            "price": "48.59",
            "revenue": 239762
        },
        "2006-02": {
            "month": "2006-02",
            "price": "45.44",
            "revenue": 228383
        },
        "2006-03": {
            "month": "2006-03",
            "price": "44.55",
            "revenue": 265564
        },
        "2006-04": {
            "month": "2006-04",
            "price": "48.70",
            "revenue": 279007
        },
        "2006-05": {
            "month": "2006-05",
            "price": "53.39",
            "revenue": 316488
        },
        "2006-06": {
            "month": "2006-06",
            "price": "50.16",
            "revenue": 301008
        },
        "2006-07": {
            "month": "2006-07",
            "price": "46.91",
            "revenue": 241242
        },
        "2006-08": {
            "month": "2006-08",
            "price": "48.03",
            "revenue": 262274
        },
        "2006-09": {
            "month": "2006-09",
            "price": "38.98",
            "revenue": 291075
        },
        "2006-10": {
            "month": "2006-10",
            "price": "39.27",
            "revenue": 279020
        },
        "2006-11": {
            "month": "2006-11",
            "price": "44.22",
            "revenue": 233197
        },
        "2006-12": {
            "month": "2006-12",
            "price": "49.16",
            "revenue": 207898
        },
        "2007-01": {
            "month": "2007-01",
            "price": "53.81",
            "revenue": 238014
        },
        "2007-02": {
            "month": "2007-02",
            "price": "52.12",
            "revenue": 225683
        },
        "2007-03": {
            "month": "2007-03",
            "price": "52.83",
            "revenue": 279328
        },
        "2007-04": {
            "month": "2007-04",
            "price": "59.12",
            "revenue": 281956
        },
        "2007-05": {
            "month": "2007-05",
            "price": "59.22",
            "revenue": 321004
        },
        "2007-06": {
            "month": "2007-06",
            "price": "66.34",
            "revenue": 307475
        },
        "2007-07": {
            "month": "2007-07",
            "price": "67.89",
            "revenue": 248735
        },
        "2007-08": {
            "month": "2007-08",
            "price": "58.82",
            "revenue": 268851
        },
        "2007-09": {
            "month": "2007-09",
            "price": "58.55",
            "revenue": 284053
        },
        "2007-10": {
            "month": "2007-10",
            "price": "55.68",
            "revenue": 220368
        },
        "2007-11": {
            "month": "2007-11",
            "price": "50.48",
            "revenue": 263599
        },
        "2007-12": {
            "month": "2007-12",
            "price": "47.13",
            "revenue": 243725
        },
        "2008-01": {
            "month": "2008-01",
            "price": "45.28",
            "revenue": 266204
        },
        "2008-02": {
            "month": "2008-02",
            "price": "45.77",
            "revenue": 241402
        },
        "2008-03": {
            "month": "2008-03",
            "price": "48.07",
            "revenue": 257021
        },
        "2008-04": {
            "month": "2008-04",
            "price": "51.00",
            "revenue": 227570
        },
        "2008-05": {
            "month": "2008-05",
            "price": "50.11",
            "revenue": 225393
        },
        "2008-06": {
            "month": "2008-06",
            "price": "44.43",
            "revenue": 165116
        },
        "2008-07": {
            "month": "2008-07",
            "price": "36.01",
            "revenue": 168760
        },
        "2008-08": {
            "month": "2008-08",
            "price": "35.87",
            "revenue": 184560
        },
        "2008-09": {
            "month": "2008-09",
            "price": "26.69",
            "revenue": 210065
        },
        "2008-10": {
            "month": "2008-10",
            "price": "23.83",
            "revenue": 206618
        },
        "2008-11": {
            "month": "2008-11",
            "price": "21.66",
            "revenue": 226029
        },
        "2008-12": {
            "month": "2008-12",
            "price": "22.76",
            "revenue": 214238
        },
        "2009-01": {
            "month": "2009-01",
            "price": "23.21",
            "revenue": 213634
        },
        "2009-02": {
            "month": "2009-02",
            "price": "26.58",
            "revenue": 201424
        },
        "2009-03": {
            "month": "2009-03",
            "price": "30.74",
            "revenue": 205893
        },
        "2009-04": {
            "month": "2009-04",
            "price": "36.79",
            "revenue": 183446
        },
        "2009-05": {
            "month": "2009-05",
            "price": "39.89",
            "revenue": 159848
        },
        "2009-06": {
            "month": "2009-06",
            "price": "38.07",
            "revenue": 146413
        },
        "2009-07": {
            "month": "2009-07",
            "price": "40.25",
            "revenue": 155156
        },
        "2009-08": {
            "month": "2009-08",
            "price": "41.10",
            "revenue": 140659
        },
        "2009-09": {
            "month": "2009-09",
            "price": "39.76",
            "revenue": 151336
        },
        "2009-10": {
            "month": "2009-10",
            "price": "49.91",
            "revenue": 165502
        },
        "2009-11": {
            "month": "2009-11",
            "price": "50.93",
            "revenue": 181616
        },
        "2009-12": {
            "month": "2009-12",
            "price": "53.89",
            "revenue": 174925
        },
        "2010-01": {
            "month": "2010-01",
            "price": "52.04",
            "revenue": 208270
        },
        "2010-02": {
            "month": "2010-02",
            "price": "46.92",
            "revenue": 196198
        },
        "2010-03": {
            "month": "2010-03",
            "price": "49.25",
            "revenue": 202758
        },
        "2010-04": {
            "month": "2010-04",
            "price": "49.17",
            "revenue": 183919
        },
        "2010-05": {
            "month": "2010-05",
            "price": "42.60",
            "revenue": 160157
        },
        "2010-06": {
            "month": "2010-06",
            "price": "42.85",
            "revenue": 146776
        },
        "2010-07": {
            "month": "2010-07",
            "price": "43.78",
            "revenue": 162833
        },
        "2010-08": {
            "month": "2010-08",
            "price": "41.81",
            "revenue": 141387
        },
        "2010-09": {
            "month": "2010-09",
            "price": "40.93",
            "revenue": 159482
        },
        "2010-10": {
            "month": "2010-10",
            "price": "40.08",
            "revenue": 170754
        },
        "2010-11": {
            "month": "2010-11",
            "price": "36.84",
            "revenue": 201296
        },
        "2010-12": {
            "month": "2010-12",
            "price": "38.84",
            "revenue": 208785
        },
        "2011-01": {
            "month": "2011-01",
            "price": "39.04",
            "revenue": 209883
        },
        "2011-02": {
            "month": "2011-02",
            "price": "37.03",
            "revenue": 193124
        },
        "2011-03": {
            "month": "2011-03",
            "price": "38.47",
            "revenue": 158420
        },
        "2011-04": {
            "month": "2011-04",
            "price": "37.49",
            "revenue": 177731
        },
        "2011-05": {
            "month": "2011-05",
            "price": "37.06",
            "revenue": 162447
        },
        "2011-06": {
            "month": "2011-06",
            "price": "42.72",
            "revenue": 146173
        },
        "2011-07": {
            "month": "2011-07",
            "price": "36.28",
            "revenue": 168440
        },
        "2011-08": {
            "month": "2011-08",
            "price": "30.62",
            "revenue": 141701
        },
        "2011-09": {
            "month": "2011-09",
            "price": "28.84",
            "revenue": 132802
        },
        "2011-10": {
            "month": "2011-10",
            "price": "30.04",
            "revenue": 140156
        },
        "2011-11": {
            "month": "2011-11",
            "price": "28.72",
            "revenue": 172111
        },
        "2011-12": {
            "month": "2011-12",
            "price": "23.26",
            "revenue": 134988
        },
        "2012-01": {
            "month": "2012-01",
            "price": "24.80",
            "revenue": 127976
        },
        "2012-02": {
            "month": "2012-02",
            "price": "29.11",
            "revenue": 139385
        },
        "2012-03": {
            "month": "2012-03",
            "price": "27.51",
            "revenue": 147617
        },
        "2012-04": {
            "month": "2012-04",
            "price": "23.92",
            "revenue": 155783
        },
        "2012-05": {
            "month": "2012-05",
            "price": "22.40",
            "revenue": 136839
        },
        "2012-06": {
            "month": "2012-06",
            "price": "20.12",
            "revenue": 140721
        },
        "2012-07": {
            "month": "2012-07",
            "price": "19.53",
            "revenue": 142345
        },
        "2012-08": {
            "month": "2012-08",
            "price": "19.82",
            "revenue": 136904
        },
        "2012-09": {
            "month": "2012-09",
            "price": "19.76",
            "revenue": 130021
        },
        "2012-10": {
            "month": "2012-10",
            "price": "18.62",
            "revenue": 136212
        },
        "2012-11": {
            "month": "2012-11",
            "price": "15.19",
            "revenue": 135746
        },
        "2012-12": {
            "month": "2012-12",
            "price": "15.82",
            "revenue": 143570
        },
        "2013-01": {
            "month": "2013-01",
            "price": "16.81",
            "revenue": 162043
        },
        "2013-02": {
            "month": "2013-02",
            "price": "17.52",
            "revenue": 135569
        },
        "2013-03": {
            "month": "2013-03",
            "price": "16.66",
            "revenue": 137814
        },
        "2013-04": {
            "month": "2013-04",
            "price": "15.56",
            "revenue": 139764
        },
        "2013-05": {
            "month": "2013-05",
            "price": "15.63",
            "revenue": 146551
        },
        "2013-06": {
            "month": "2013-06",
            "price": "15.12",
            "revenue": 107569
        },
        "2013-07": {
            "month": "2013-07",
            "price": "14.68",
            "revenue": 132760
        },
        "2013-08": {
            "month": "2013-08",
            "price": "14.84",
            "revenue": 123752
        },
        "2013-09": {
            "month": "2013-09",
            "price": "14.73",
            "revenue": 141348
        },
        "2013-10": {
            "month": "2013-10",
            "price": "16.44",
            "revenue": 161143
        },
        "2013-11": {
            "month": "2013-11",
            "price": "17.02",
            "revenue": 155172
        },
        "2013-12": {
            "month": "2013-12",
            "price": "20.21",
            "revenue": 156722
        },
        "2014-01": {
            "month": "2014-01",
            "price": "21.20",
            "revenue": 140541
        },
        "2014-02": {
            "month": "2014-02",
            "price": "19.39",
            "revenue": 93551
        },
        "2014-03": {
            "month": "2014-03",
            "price": "20.80",
            "revenue": 134268
        },
        "2014-04": {
            "month": "2014-04",
            "price": "20.70",
            "revenue": 128456
        },
        "2014-05": {
            "month": "2014-05",
            "price": "19.70",
            "revenue": 138432
        },
        "2014-06": {
            "month": "2014-06",
            "price": "19.78",
            "revenue": 116297
        },
        "2014-07": {
            "month": "2014-07",
            "price": "18.47",
            "revenue": 137544
        },
        "2014-08": {
            "month": "2014-08",
            "price": "17.07",
            "revenue": 117079
        },
        "2014-09": {
            "month": "2014-09",
            "price": "16.39",
            "revenue": 178556
        },
        "2014-10": {
            "month": "2014-10",
            "price": "16.73",
            "revenue": 200522
        },
        "2014-11": {
            "month": "2014-11",
            "price": "16.98",
            "revenue": 157905
        },
        "2014-12": {
            "month": "2014-12",
            "price": "17.51",
            "revenue": 176870
        },
        "2015-01": {
            "month": "2015-01",
            "price": "18.14",
            "revenue": 151262
        },
        "2015-02": {
            "month": "2015-02",
            "price": "17.33",
            "revenue": 111693
        },
        "2015-03": {
            "month": "2015-03",
            "price": "17.12",
            "revenue": 129571
        },
        "2015-04": {
            "month": "2015-04",
            "price": "17.66",
            "revenue": 142379
        },
        "2015-05": {
            "month": "2015-05",
            "price": "16.48",
            "revenue": 124548
        },
        "2015-06": {
            "month": "2015-06",
            "price": "14.63",
            "revenue": 140757
        },
        "2015-07": {
            "month": "2015-07",
            "price": "14.35",
            "revenue": 144763
        },
        "2015-08": {
            "month": "2015-08",
            "price": "13.62",
            "revenue": 129920
        },
        "2015-09": {
            "month": "2015-09",
            "price": "13.57",
            "revenue": 148721
        },
        "2015-10": {
            "month": "2015-10",
            "price": "14.25",
            "revenue": 162055
        },
        "2015-11": {
            "month": "2015-11",
            "price": "14.14",
            "revenue": 214182
        },
        "2015-12": {
            "month": "2015-12",
            "price": "16.42",
            "revenue": 187522
        },
        "2016-01": {
            "month": "2016-01",
            "price": "16.95",
            "revenue": 141840
        },
        "2016-02": {
            "month": "2016-02",
            "price": "16.77",
            "revenue": 108418
        },
        "2016-03": {
            "month": "2016-03",
            "price": "17.44",
            "revenue": 141636
        },
        "2016-04": {
            "month": "2016-04",
            "price": "16.53",
            "revenue": 132990
        },
        "2016-05": {
            "month": "2016-05",
            "price": "15.49",
            "revenue": 161570
        },
        "2016-06": {
            "month": "2016-06",
            "price": "15.97",
            "revenue": 158187
        },
        "2016-07": {
            "month": "2016-07",
            "price": "16.72",
            "revenue": 141982
        },
        "2016-08": {
            "month": "2016-08",
            "price": "15.92",
            "revenue": 161807
        },
        "2016-09": {
            "month": "2016-09",
            "price": "16.36",
            "revenue": 148021
        },
        "2016-10": {
            "month": "2016-10",
            "price": "16.10",
            "revenue": 183522
        },
        "2016-11": {
            "month": "2016-11",
            "price": "15.11",
            "revenue": 255226
        },
        "2016-12": {
            "month": "2016-12",
            "price": "15.79",
            "revenue": 220229
        },
        "2017-01": {
            "month": "2017-01",
            "price": "16.09",
            "revenue": 157683
        },
        "2017-02": {
            "month": "2017-02",
            "price": "16.27",
            "revenue": 101724
        },
        "2017-03": {
            "month": "2017-03",
            "price": "16.80",
            "revenue": 143072
        },
        "2017-04": {
            "month": "2017-04",
            "price": "16.78",
            "revenue": 114431
        },
        "2017-05": {
            "month": "2017-05",
            "price": "15.92",
            "revenue": 160239
        },
        "2017-06": {
            "month": "2017-06",
            "price": "15.84",
            "revenue": 146140
        },
        "2017-07": {
            "month": "2017-07",
            "price": "15.90",
            "revenue": 127088
        },
        "2017-08": {
            "month": "2017-08",
            "price": "14.66",
            "revenue": 119856
        },
        "2017-09": {
            "month": "2017-09",
            "price": "14.55",
            "revenue": 123599
        },
        "2017-10": {
            "month": "2017-10",
            "price": "14.11",
            "revenue": 118811
        },
        "2017-11": {
            "month": "2017-11",
            "price": "14.29",
            "revenue": 157149
        },
        "2017-12": {
            "month": "2017-12",
            "price": "14.13",
            "revenue": 156441
        },
        "2018-01": {
            "month": "2018-01",
            "price": "14.42",
            "revenue": 106155
        },
        "2018-02": {
            "month": "2018-02",
            "price": "13.60",
            "revenue": 78038
        },
        "2018-03": {
            "month": "2018-03",
            "price": "13.42",
            "revenue": 115603
        },
        "2018-04": {
            "month": "2018-04",
            "price": "13.09",
            "revenue": 100477
        },
        "2018-05": {
            "month": "2018-05",
            "price": "12.68",
            "revenue": 112175
        },
        "2018-06": {
            "month": "2018-06",
            "price": "13.10",
            "revenue": 127568
        },
        "2018-07": {
            "month": "2018-07",
            "price": "12.41",
            "revenue": 91429
        },
        "2018-08": {
            "month": "2018-08",
            "price": "12.05",
            "revenue": 107774
        },
        "2018-09": {
            "month": "2018-09",
            "price": "11.78",
            "revenue": 100226
        },
        "2018-10": {
            "month": "2018-10",
            "price": "11.20",
            "revenue": 147015
        },
        "2018-11": {
            "month": "2018-11",
            "price": "11.20",
            "revenue": 164231
        },
        "2018-12": {
            "month": "2018-12",
            "price": "11.66",
            "revenue": 133410
        },
        "2019-01": {
            "month": "2019-01",
            "price": "11.49",
            "revenue": 137503
        },
        "2019-02": {
            "month": "2019-02",
            "price": "11.79",
            "revenue": 84166
        },
        "2019-03": {
            "month": "2019-03",
            "price": "12.32",
            "revenue": 100992
        },
        "2019-04": {
            "month": "2019-04",
            "price": "13.02",
            "revenue": 94197
        },
        "2019-05": {
            "month": "2019-05",
            "price": "13.05",
            "revenue": 111649
        },
        "2019-06": {
            "month": "2019-06",
            "price": "13.46",
            "revenue": 119317
        },
        "2019-07": {
            "month": "2019-07",
            "price": "13.43",
            "revenue": 114386
        },
        "2019-08": {
            "month": "2019-08",
            "price": "12.85",
            "revenue": 117712
        },
        "2019-09": {
            "month": "2019-09",
            "price": "14.32",
            "revenue": 127168
        },
        "2019-10": {
            "month": "2019-10",
            "price": "15.04",
            "revenue": 124880
        },
        "2019-11": {
            "month": "2019-11",
            "price": "14.21",
            "revenue": 130683
        },
        "2019-12": {
            "month": "2019-12",
            "price": "13.81",
            "revenue": 114453
        },
        "2020-01": {
            "month": "2020-01",
            "price": "13.49",
            "revenue": 79868
        },
        "2020-02": {
            "month": "2020-02",
            "price": "12.73",
            "revenue": 88489
        },
        "2020-03": {
            "month": "2020-03",
            "price": "11.27",
            "revenue": 73654
        },
        "2020-04": {
            "month": "2020-04",
            "price": "11.36",
            "revenue": 97463
        },
        "2020-05": {
            "month": "2020-05",
            "price": "11.55",
            "revenue": 95399
        },
        "2020-06": {
            "month": "2020-06",
            "price": "12.63",
            "revenue": 108935
        },
        "2020-07": {
            "month": "2020-07",
            "price": "13.34",
            "revenue": 114658
        },
        "2020-08": {
            "month": "2020-08",
            "price": "12.57",
            "revenue": 85214
        },
        "2020-09": {
            "month": "2020-09",
            "price": "12.51",
            "revenue": 96067
        },
        "2020-10": {
            "month": "2020-10",
            "price": "12.27",
            "revenue": 100469
        },
        "2020-11": {
            "month": "2020-11",
            "price": "12.47",
            "revenue": 89680
        },
        "2020-12": {
            "month": "2020-12",
            "price": "12.56",
            "revenue": 100651
        },
        "2021-01": {
            "month": "2021-01",
            "price": "12.38",
            "revenue": 74334
        },
        "2021-02": {
            "month": "2021-02",
            "price": "11.95",
            "revenue": 72378
        },
        "2021-03": {
            "month": "2021-03",
            "price": "12.55",
            "revenue": 98296
        },
        "2021-04": {
            "month": "2021-04",
            "price": "15.55",
            "revenue": 95003
        },
        "2021-05": {
            "month": "2021-05",
            "price": "22.09",
            "revenue": 103888
        },
        "2021-06": {
            "month": "2021-06",
            "price": "20.49",
            "revenue": 112344
        },
        "2021-07": {
            "month": "2021-07",
            "price": "18.38",
            "revenue": 78501
        },
        "2021-08": {
            "month": "2021-08",
            "price": "16.71",
            "revenue": 100707
        },
        "2021-09": {
            "month": "2021-09",
            "price": "15.09",
            "revenue": 98023
        },
        "2021-10": {
            "month": "2021-10",
            "price": "14.03",
            "revenue": 109002
        },
        "2021-11": {
            "month": "2021-11",
            "price": "15.33",
            "revenue": 137510
        },
        "2021-12": {
            "month": "2021-12",
            "price": "18.04",
            "revenue": 109502
        },
        "2022-01": {
            "month": "2022-01",
            "price": "17.78",
            "revenue": 83601
        },
        "2022-02": {
            "month": "2022-02",
            "price": "16.86",
            "revenue": 63365
        },
        "2022-03": {
            "month": "2022-03",
            "price": "15.65",
            "revenue": 106072
        },
        "2022-04": {
            "month": "2022-04",
            "price": "15.64",
            "revenue": 85739
        },
        "2022-05": {
            "month": "2022-05",
            "price": "15.07",
            "revenue": 131148
        },
        "2022-06": {
            "month": "2022-06",
            "price": "15.32",
            "revenue": 120424
        },
        "2022-07": {
            "month": "2022-07",
            "price": "14.51",
            "revenue": 129078
        },
        "2022-08": {
            "month": "2022-08",
            "price": "16.07",
            "revenue": 134145
        },
        "2022-09": {
            "month": "2022-09",
            "price": "16.39",
            "revenue": 137299
        },
        "2022-10": {
            "month": "2022-10",
            "price": "16.37",
            "revenue": 171566
        },
        "2022-11": {
            "month": "2022-11",
            "price": "19.00",
            "revenue": 184246
        },
        "2022-12": {
            "month": "2022-12",
            "price": "21.40",
            "revenue": 110741
        },
        "2023-01": {
            "month": "2023-01",
            "price": "18.06",
            "revenue": 114568
        },
        "2023-02": {
            "month": "2023-02",
            "price": "18.55",
            "revenue": 121847
        },
        "2023-03": {
            "month": "2023-03",
            "price": "21.54",
            "revenue": 127992
        },
        "2023-04": {
            "month": "2023-04",
            "price": "25.00",
            "revenue": 93525
        }
    }
}
