{
    "summary": {
        "stock_name": "卓越",
        "stock_id": "2496",
        "category": "其他",
        "main_business": "短期補習班及教育諮詢服務",
        "website_url": "https://www.chenliedu2496.com/tw/",
        "ceo": "曾淑鈴",
        "pe_ratio": 13,
        "report_year_from": 2001,
        "report_year_to": 2023,
        "age": 23,
        "eps_negative_percentage": 57,
        "eps_growth_avg": {
            "last_all": -18.81,
            "last_2y": 5.27,
            "last_4y": -9.44,
            "last_8y": 4.38,
            "last_12y": -8.67,
            "last_16y": -8.67,
            "last_20y": -8.67,
            "at_2006_last_3y": null,
            "at_2007_last_3y": null,
            "at_2008_last_3y": null,
            "at_2009_last_3y": null,
            "at_2010_last_3y": null,
            "at_2011_last_3y": null,
            "at_2012_last_3y": null,
            "at_2013_last_3y": -100,
            "at_2014_last_3y": -100,
            "at_2015_last_3y": -100,
            "at_2016_last_3y": -100,
            "at_2017_last_3y": 100,
            "at_2018_last_3y": 38.93,
            "at_2019_last_3y": 12.81,
            "at_2020_last_3y": 3.71,
            "at_2021_last_3y": -23.88,
            "at_2022_last_3y": -8.91,
            "at_2023_last_3y": -1.94,
            "at_2024_last_3y": -1.94,
            "at_2006_last_all": -100,
            "at_2007_last_all": -100,
            "at_2008_last_all": -100,
            "at_2009_last_all": -100,
            "at_2010_last_all": -100,
            "at_2011_last_all": -100,
            "at_2012_last_all": -100,
            "at_2013_last_all": -100,
            "at_2014_last_all": -100,
            "at_2015_last_all": -100,
            "at_2016_last_all": -100,
            "at_2017_last_all": -33.33,
            "at_2018_last_all": -30.53,
            "at_2019_last_all": -32.31,
            "at_2020_last_all": -30.86,
            "at_2021_last_all": -27.93,
            "at_2022_last_all": -19.72,
            "at_2023_last_all": -18.81,
            "at_2024_last_all": -18.81
        },
        "latest_eps": 4.73,
        "latest_price": 62.1,
        "latest_roe": 11.12,
        "latest_gross_margin": 55.9,
        "latest_equity": 820325,
        "latest_revenue": 212862,
        "latest_gross_profit": 118984,
        "latest_net_income": 33341,
        "latest_debt_ratio": 36.69,
        "latest_current_ratio": 75.54,
        "latest_account_receivable_turnover_ratio": 28.27,
        "latest_inventory_turnover_ratio": 25.59,
        "latest_reinvestment_rate": 1.31,
        "latest_research_to_sale_ratio": null
    },
    "eps_dividends": {
        "2001": {
            "cash": 0,
            "stock": 0,
            "eps": 3.87
        },
        "2002": {
            "cash": 1.5,
            "stock": 1.5,
            "eps": -2.32
        },
        "2003": {
            "cash": 0,
            "stock": 0,
            "eps": -2.96
        },
        "2004": {
            "cash": 0,
            "stock": 0,
            "eps": -3.49
        },
        "2005": {
            "cash": 0,
            "stock": 0,
            "eps": -3.48
        },
        "2006": {
            "cash": 0,
            "stock": 0,
            "eps": -2.4
        },
        "2007": {
            "cash": 0,
            "stock": 0,
            "eps": -4.14
        },
        "2008": {
            "cash": 0,
            "stock": 0,
            "eps": -2.32
        },
        "2009": {
            "cash": 0,
            "stock": 0,
            "eps": -0.22
        },
        "2010": {
            "cash": 0,
            "stock": 0,
            "eps": -1.56
        },
        "2011": {
            "cash": 0,
            "stock": 0,
            "eps": -1.72
        },
        "2012": {
            "cash": 0,
            "stock": 0,
            "eps": 0.57
        },
        "2013": {
            "cash": 0,
            "stock": 0,
            "eps": -0.68
        },
        "2014": {
            "cash": 0,
            "stock": 0,
            "eps": -2.32
        },
        "2015": {
            "cash": 0,
            "stock": 0,
            "eps": -0.62
        },
        "2016": {
            "cash": 0,
            "stock": 0,
            "eps": 2.22
        },
        "2017": {
            "cash": 2.5,
            "stock": 0.5,
            "eps": 9.35
        },
        "2018": {
            "cash": 6.5,
            "stock": 0.5,
            "eps": 7.28
        },
        "2019": {
            "cash": 4,
            "stock": 0,
            "eps": 4.41
        },
        "2020": {
            "cash": 1.5,
            "stock": 1,
            "eps": 3.37
        },
        "2021": {
            "cash": 4.5,
            "stock": 0,
            "eps": 3.02
        },
        "2022": {
            "cash": 3,
            "stock": 0,
            "eps": 4.16
        },
        "2023": {
            "cash": 3.3,
            "stock": 0,
            "eps": 3.68
        }
    },
    "dividends": {
        "2002-06-26": {
            "cash": 1.5,
            "stock": 1.5
        },
        "2017-08-16": {
            "cash": 2.5,
            "stock": 0.5
        },
        "2018-08-13": {
            "cash": 6.5,
            "stock": 0.5
        },
        "2019-08-15": {
            "cash": 4,
            "stock": 0
        },
        "2020-08-17": {
            "cash": 1.5,
            "stock": 1
        },
        "2021-08-09": {
            "cash": 4.5,
            "stock": 0
        },
        "2022-07-19": {
            "cash": 3,
            "stock": 0
        },
        "2023-05-09": {
            "cash": 3.3,
            "stock": 0
        }
    },
    "prices": {
        "200101": "無",
        "200102": "無",
        "200103": "無",
        "200104": "無",
        "200105": "無",
        "200106": "無",
        "200107": "無",
        "200108": "無",
        "200109": "無",
        "200110": "無",
        "200111": "無",
        "200112": "無",
        "200201": "無",
        "200202": "無",
        "200203": "38.94",
        "200204": "33.68",
        "200205": "21.31",
        "200206": "19.14",
        "200207": "16.69",
        "200208": "13.69",
        "200209": "11.72",
        "200210": "12.80",
        "200211": "12.47",
        "200212": "11.65",
        "200301": "13.21",
        "200302": "13.86",
        "200303": "12.56",
        "200304": "11.52",
        "200305": "7.39",
        "200306": "9.65",
        "200307": "10.01",
        "200308": "8.94",
        "200309": "7.79",
        "200310": "7.91",
        "200311": "7.94",
        "200312": "7.89",
        "200401": "8.08",
        "200402": "9.32",
        "200403": "8.84",
        "200404": "8.78",
        "200405": "5.92",
        "200406": "4.49",
        "200407": "3.65",
        "200408": "3.51",
        "200409": "3.01",
        "200410": "2.95",
        "200411": "4.47",
        "200412": "4.03",
        "200501": "4.71",
        "200502": "5.43",
        "200503": "5.08",
        "200504": "4.29",
        "200505": "3.87",
        "200506": "4.16",
        "200507": "5.62",
        "200508": "4.50",
        "200509": "2.56",
        "200510": "1.56",
        "200511": "1.70",
        "200512": "2.24",
        "200601": "2.20",
        "200602": "2.11",
        "200603": "2.04",
        "200604": "1.62",
        "200605": "1.58",
        "200606": "2.04",
        "200607": "1.52",
        "200608": "1.47",
        "200609": "0.95",
        "200610": "0.94",
        "200611": "1.06",
        "200612": "2.08",
        "200701": "2.85",
        "200702": "3.27",
        "200703": "6.26",
        "200704": "6.50",
        "200705": "5.12",
        "200706": "5.67",
        "200707": "5.06",
        "200708": "4.04",
        "200709": "3.52",
        "200710": "2.43",
        "200711": "2.52",
        "200712": "2.22",
        "200801": "2.31",
        "200802": "2.41",
        "200803": "2.07",
        "200804": "2.96",
        "200805": "2.93",
        "200806": "2.81",
        "200807": "2.13",
        "200808": "1.94",
        "200809": "1.74",
        "200810": "1.37",
        "200811": "1.39",
        "200812": "1.62",
        "200901": "1.86",
        "200902": "1.86",
        "200903": "2.38",
        "200904": "2.19",
        "200905": "2.06",
        "200906": "1.97",
        "200907": "1.86",
        "200908": "1.89",
        "200909": "1.76",
        "200910": "2.19",
        "200911": "3.09",
        "200912": "3.23",
        "201001": "4.33",
        "201002": "3.28",
        "201003": "2.97",
        "201004": "17.32",
        "201005": "13.57",
        "201006": "10.12",
        "201007": "8.51",
        "201008": "9.83",
        "201009": "9.28",
        "201010": "7.98",
        "201011": "7.40",
        "201012": "7.12",
        "201101": "6.06",
        "201102": "5.15",
        "201103": "7.15",
        "201104": "7.25",
        "201105": "6.20",
        "201106": "6.14",
        "201107": "5.48",
        "201108": "5.27",
        "201109": "4.21",
        "201110": "3.82",
        "201111": "3.90",
        "201112": "4.25",
        "201201": "4.45",
        "201202": "7.99",
        "201203": "7.78",
        "201204": "7.15",
        "201205": "7.02",
        "201206": "9.55",
        "201207": "11.40",
        "201208": "11.47",
        "201209": "11.28",
        "201210": "10.60",
        "201211": "9.52",
        "201212": "10.01",
        "201301": "9.48",
        "201302": "8.75",
        "201303": "8.65",
        "201304": "8.72",
        "201305": "8.71",
        "201306": "9.50",
        "201307": "9.64",
        "201308": "9.42",
        "201309": "8.65",
        "201310": "8.00",
        "201311": "8.32",
        "201312": "6.63",
        "201401": "6.89",
        "201402": "6.95",
        "201403": "6.99",
        "201404": "5.91",
        "201405": "5.36",
        "201406": "5.89",
        "201407": "7.39",
        "201408": "7.49",
        "201409": "7.65",
        "201410": "7.51",
        "201411": "7.53",
        "201412": "7.12",
        "201501": "6.96",
        "201502": "7.20",
        "201503": "7.47",
        "201504": "7.59",
        "201505": "7.96",
        "201506": "7.13",
        "201507": "7.29",
        "201508": "7.68",
        "201509": "7.05",
        "201510": "6.87",
        "201511": "11.07",
        "201512": "14.78",
        "201601": "17.30",
        "201602": "16.52",
        "201603": "15.65",
        "201604": "13.99",
        "201605": "14.20",
        "201606": "14.61",
        "201607": "14.92",
        "201608": "15.50",
        "201609": "96.12",
        "201610": "99.74",
        "201611": "100.67",
        "201612": "102.40",
        "201701": "100.70",
        "201702": "96.15",
        "201703": "108.60",
        "201704": "222.33",
        "201705": "283.62",
        "201706": "230.41",
        "201707": "219.88",
        "201708": "198.80",
        "201709": "210.50",
        "201710": "179.61",
        "201711": "161.64",
        "201712": "160.69",
        "201801": "179.95",
        "201802": "153.31",
        "201803": "159.02",
        "201804": "152.94",
        "201805": "145.23",
        "201806": "141.00",
        "201807": "127.11",
        "201808": "115.74",
        "201809": "99.82",
        "201810": "85.32",
        "201811": "80.36",
        "201812": "93.27",
        "201901": "91.19",
        "201902": "97.28",
        "201903": "95.98",
        "201904": "95.70",
        "201905": "85.96",
        "201906": "82.40",
        "201907": "82.19",
        "201908": "80.14",
        "201909": "70.97",
        "201910": "65.54",
        "201911": "66.12",
        "201912": "64.46",
        "202001": "63.56",
        "202002": "69.81",
        "202003": "58.42",
        "202004": "58.86",
        "202005": "65.89",
        "202006": "70.58",
        "202007": "66.15",
        "202008": "62.47",
        "202009": "61.22",
        "202010": "60.56",
        "202011": "59.54",
        "202012": "55.39",
        "202101": "54.29",
        "202102": "50.25",
        "202103": "57.05",
        "202104": "59.25",
        "202105": "58.22",
        "202106": "56.60",
        "202107": "55.35",
        "202108": "50.52",
        "202109": "49.49",
        "202110": "49.20",
        "202111": "49.53",
        "202112": "49.41",
        "202201": "49.48",
        "202202": "49.84",
        "202203": "49.25",
        "202204": "48.81",
        "202205": "48.34",
        "202206": "48.19",
        "202207": "46.50",
        "202208": "46.69",
        "202209": "46.68",
        "202210": "45.83",
        "202211": "45.81",
        "202212": "47.29",
        "202301": "47.69",
        "202302": "51.09",
        "202303": "51.84",
        "202304": "51.71",
        "202305": "51.50",
        "202306": "52.86",
        "202307": "52.36",
        "202308": "51.93",
        "202309": "53.83",
        "202310": "54.10",
        "202311": "56.39",
        "202312": "61.83"
    },
    "quarters": {
        "20011": {
            "year_quarter": 20011,
            "year": 2001,
            "quarter": 1,
            "eps": 1.17,
            "eps_growth_year": null,
            "eps_4q": null,
            "eps_4q_growth_year": null,
            "roe": 11.29,
            "roe_4q": 11.29,
            "gross_profit": 90296,
            "gross_margin": 38.87,
            "gross_margin_4q_avg": 38.87,
            "net_income": 72376,
            "net_income_4q": null,
            "revenue": 232329,
            "revenue_4q": null,
            "common_shares": 620000,
            "book_valuer_per_share": 10.92,
            "book_valuer_per_share_4q_avg": 10.92,
            "equity": 677035,
            "current_ratio": 322.72,
            "debt_ratio": 24.56,
            "inventory_turnover_ratio": 1.5,
            "account_receivable_turnover_ratio": null,
            "reinvestment_rate": null,
            "research_to_sale_ratio": null,
            "price_fair": 0,
            "eps_avg_yearly": 0,
            "eps_latest_yearly": 0,
            "eps_growth_yearly": 0
        },
        "20012": {
            "year_quarter": 20012,
            "year": 2001,
            "quarter": 2,
            "eps": 1.99,
            "eps_growth_year": null,
            "eps_4q": null,
            "eps_4q_growth_year": null,
            "roe": 16.7,
            "roe_4q": 27.99,
            "gross_profit": 154657,
            "gross_margin": 49.16,
            "gross_margin_4q_avg": 44.02,
            "net_income": 123335,
            "net_income_4q": null,
            "revenue": 314592,
            "revenue_4q": null,
            "common_shares": 620000,
            "book_valuer_per_share": 12.91,
            "book_valuer_per_share_4q_avg": 11.92,
            "equity": 800370,
            "current_ratio": 356.82,
            "debt_ratio": 22.68,
            "inventory_turnover_ratio": 1.76,
            "account_receivable_turnover_ratio": null,
            "reinvestment_rate": null,
            "research_to_sale_ratio": null,
            "price_fair": 0,
            "eps_avg_yearly": 0,
            "eps_latest_yearly": 0,
            "eps_growth_yearly": 0
        },
        "20013": {
            "year_quarter": 20013,
            "year": 2001,
            "quarter": 3,
            "eps": 0.39,
            "eps_growth_year": null,
            "eps_4q": null,
            "eps_4q_growth_year": null,
            "roe": 2.98,
            "roe_4q": 30.97,
            "gross_profit": 50692,
            "gross_margin": 30.99,
            "gross_margin_4q_avg": 39.67,
            "net_income": 24222,
            "net_income_4q": null,
            "revenue": 163594,
            "revenue_4q": null,
            "common_shares": 620000,
            "book_valuer_per_share": 13.3,
            "book_valuer_per_share_4q_avg": 12.38,
            "equity": 824592,
            "current_ratio": 359.99,
            "debt_ratio": 22.43,
            "inventory_turnover_ratio": 0.87,
            "account_receivable_turnover_ratio": null,
            "reinvestment_rate": null,
            "research_to_sale_ratio": null,
            "price_fair": 0,
            "eps_avg_yearly": 0,
            "eps_latest_yearly": 0,
            "eps_growth_yearly": 0
        },
        "20014": {
            "year_quarter": 20014,
            "year": 2001,
            "quarter": 4,
            "eps": 0.32,
            "eps_growth_year": null,
            "eps_4q": 3.86,
            "eps_4q_growth_year": null,
            "roe": 2.38,
            "roe_4q": 33.349999999999994,
            "gross_profit": 12430,
            "gross_margin": 15.54,
            "gross_margin_4q_avg": 33.64,
            "net_income": 19871,
            "net_income_4q": null,
            "revenue": 79968,
            "revenue_4q": null,
            "common_shares": 620000,
            "book_valuer_per_share": 13.62,
            "book_valuer_per_share_4q_avg": 12.69,
            "equity": 844702,
            "current_ratio": 434.52,
            "debt_ratio": 18.51,
            "inventory_turnover_ratio": 0.34,
            "account_receivable_turnover_ratio": null,
            "reinvestment_rate": null,
            "research_to_sale_ratio": null,
            "price_fair": 0,
            "eps_avg_yearly": 0,
            "eps_latest_yearly": 0,
            "eps_growth_yearly": 0
        },
        "20021": {
            "year_quarter": 20021,
            "year": 2002,
            "quarter": 1,
            "eps": -0.31,
            "eps_growth_year": -126.5,
            "eps_4q": 2.36,
            "eps_4q_growth_year": null,
            "roe": -2.33,
            "roe_4q": 19.73,
            "gross_profit": -1264,
            "gross_margin": -1.08,
            "gross_margin_4q_avg": 23.65,
            "net_income": -19475,
            "net_income_4q": null,
            "revenue": 116518,
            "revenue_4q": null,
            "common_shares": 620000,
            "book_valuer_per_share": 13.31,
            "book_valuer_per_share_4q_avg": 13.29,
            "equity": 825252,
            "current_ratio": 401.9,
            "debt_ratio": 18.74,
            "inventory_turnover_ratio": 0.5,
            "account_receivable_turnover_ratio": null,
            "reinvestment_rate": null,
            "research_to_sale_ratio": null,
            "price_fair": 0,
            "eps_avg_yearly": 0,
            "eps_latest_yearly": 0,
            "eps_growth_yearly": 0
        },
        "20022": {
            "year_quarter": 20022,
            "year": 2002,
            "quarter": 2,
            "eps": -0.99,
            "eps_growth_year": -149.75,
            "eps_4q": -0.78,
            "eps_4q_growth_year": null,
            "roe": -9.34,
            "roe_4q": -6.309999999999999,
            "gross_profit": -841,
            "gross_margin": -2.27,
            "gross_margin_4q_avg": 10.8,
            "net_income": -73284,
            "net_income_4q": null,
            "revenue": 37098,
            "revenue_4q": null,
            "common_shares": 620000,
            "book_valuer_per_share": 12,
            "book_valuer_per_share_4q_avg": 13.06,
            "equity": 743710,
            "current_ratio": 267.49,
            "debt_ratio": 27.8,
            "inventory_turnover_ratio": 0.13,
            "account_receivable_turnover_ratio": null,
            "reinvestment_rate": null,
            "research_to_sale_ratio": null,
            "price_fair": 0,
            "eps_avg_yearly": 0,
            "eps_latest_yearly": 0,
            "eps_growth_yearly": 0
        },
        "20023": {
            "year_quarter": 20023,
            "year": 2002,
            "quarter": 3,
            "eps": -0.09,
            "eps_growth_year": -123.08,
            "eps_4q": -1.07,
            "eps_4q_growth_year": null,
            "roe": -0.86,
            "roe_4q": -10.149999999999999,
            "gross_profit": -1100,
            "gross_margin": -5.09,
            "gross_margin_4q_avg": 1.78,
            "net_income": -6362,
            "net_income_4q": null,
            "revenue": 21618,
            "revenue_4q": null,
            "common_shares": 743300,
            "book_valuer_per_share": 9.95,
            "book_valuer_per_share_4q_avg": 12.22,
            "equity": 739424,
            "current_ratio": 334.37,
            "debt_ratio": 21.61,
            "inventory_turnover_ratio": 0.06,
            "account_receivable_turnover_ratio": null,
            "reinvestment_rate": null,
            "research_to_sale_ratio": null,
            "price_fair": 0,
            "eps_avg_yearly": 0,
            "eps_latest_yearly": 0,
            "eps_growth_yearly": 0
        },
        "20024": {
            "year_quarter": 20024,
            "year": 2002,
            "quarter": 4,
            "eps": -0.93,
            "eps_growth_year": -390.62,
            "eps_4q": -2.26,
            "eps_4q_growth_year": -158.52,
            "roe": -9.77,
            "roe_4q": -22.299999999999997,
            "gross_profit": -36460,
            "gross_margin": -98.55,
            "gross_margin_4q_avg": -26.75,
            "net_income": -68872,
            "net_income_4q": null,
            "revenue": 36996,
            "revenue_4q": null,
            "common_shares": 743300,
            "book_valuer_per_share": 9.02,
            "book_valuer_per_share_4q_avg": 11.07,
            "equity": 670297,
            "current_ratio": 348.16,
            "debt_ratio": 20.01,
            "inventory_turnover_ratio": 0.2,
            "account_receivable_turnover_ratio": null,
            "reinvestment_rate": null,
            "research_to_sale_ratio": null,
            "price_fair": 0,
            "eps_avg_yearly": 0,
            "eps_latest_yearly": 0,
            "eps_growth_yearly": 0
        },
        "20031": {
            "year_quarter": 20031,
            "year": 2003,
            "quarter": 1,
            "eps": -1.06,
            "eps_growth_year": null,
            "eps_4q": -3.06,
            "eps_4q_growth_year": -230.04,
            "roe": -12.46,
            "roe_4q": -32.43,
            "gross_profit": -61280,
            "gross_margin": -118.32,
            "gross_margin_4q_avg": -56.06,
            "net_income": -78612,
            "net_income_4q": null,
            "revenue": 51792,
            "revenue_4q": null,
            "common_shares": 743300,
            "book_valuer_per_share": 7.96,
            "book_valuer_per_share_4q_avg": 9.73,
            "equity": 591685,
            "current_ratio": 251.38,
            "debt_ratio": 24.18,
            "inventory_turnover_ratio": 0.36,
            "account_receivable_turnover_ratio": null,
            "reinvestment_rate": null,
            "research_to_sale_ratio": null,
            "price_fair": 0,
            "eps_avg_yearly": 0,
            "eps_latest_yearly": 0,
            "eps_growth_yearly": 0
        },
        "20032": {
            "year_quarter": 20032,
            "year": 2003,
            "quarter": 2,
            "eps": -0.96,
            "eps_growth_year": null,
            "eps_4q": -3.03,
            "eps_4q_growth_year": null,
            "roe": -12.87,
            "roe_4q": -35.959999999999994,
            "gross_profit": -51035,
            "gross_margin": -112.17,
            "gross_margin_4q_avg": -83.53,
            "net_income": -71507,
            "net_income_4q": null,
            "revenue": 45498,
            "revenue_4q": null,
            "common_shares": 743300,
            "book_valuer_per_share": 6.99,
            "book_valuer_per_share_4q_avg": 8.48,
            "equity": 519895,
            "current_ratio": 577.16,
            "debt_ratio": 47.54,
            "inventory_turnover_ratio": 0.39,
            "account_receivable_turnover_ratio": null,
            "reinvestment_rate": null,
            "research_to_sale_ratio": null,
            "price_fair": 0,
            "eps_avg_yearly": 0,
            "eps_latest_yearly": 0,
            "eps_growth_yearly": 0
        },
        "20033": {
            "year_quarter": 20033,
            "year": 2003,
            "quarter": 3,
            "eps": -0.58,
            "eps_growth_year": null,
            "eps_4q": -3.53,
            "eps_4q_growth_year": null,
            "roe": -8.7,
            "roe_4q": -43.8,
            "gross_profit": -48254,
            "gross_margin": -99.7,
            "gross_margin_4q_avg": -107.19,
            "net_income": -43314,
            "net_income_4q": null,
            "revenue": 48397,
            "revenue_4q": null,
            "common_shares": 743300,
            "book_valuer_per_share": 6.4,
            "book_valuer_per_share_4q_avg": 7.59,
            "equity": 475374,
            "current_ratio": 565.03,
            "debt_ratio": 48.86,
            "inventory_turnover_ratio": 0.48,
            "account_receivable_turnover_ratio": null,
            "reinvestment_rate": null,
            "research_to_sale_ratio": null,
            "price_fair": 0,
            "eps_avg_yearly": 0,
            "eps_latest_yearly": 0,
            "eps_growth_yearly": 0
        },
        "20034": {
            "year_quarter": 20034,
            "year": 2003,
            "quarter": 4,
            "eps": -0.36,
            "eps_growth_year": null,
            "eps_4q": -2.96,
            "eps_4q_growth_year": null,
            "roe": -5.74,
            "roe_4q": -39.769999999999996,
            "gross_profit": -21839,
            "gross_margin": -64.78,
            "gross_margin_4q_avg": -98.74,
            "net_income": -26522,
            "net_income_4q": null,
            "revenue": 33710,
            "revenue_4q": null,
            "common_shares": 743300,
            "book_valuer_per_share": 6.04,
            "book_valuer_per_share_4q_avg": 6.85,
            "equity": 448852,
            "current_ratio": 534.54,
            "debt_ratio": 50.54,
            "inventory_turnover_ratio": 0.3,
            "account_receivable_turnover_ratio": null,
            "reinvestment_rate": null,
            "research_to_sale_ratio": null,
            "price_fair": 0,
            "eps_avg_yearly": 0,
            "eps_latest_yearly": 0,
            "eps_growth_yearly": 0
        },
        "20041": {
            "year_quarter": 20041,
            "year": 2004,
            "quarter": 1,
            "eps": -0.6,
            "eps_growth_year": null,
            "eps_4q": -2.51,
            "eps_4q_growth_year": null,
            "roe": -10.4,
            "roe_4q": -37.71,
            "gross_profit": -20849,
            "gross_margin": -60.05,
            "gross_margin_4q_avg": -84.18,
            "net_income": -44317,
            "net_income_4q": null,
            "revenue": 34718,
            "revenue_4q": null,
            "common_shares": 743300,
            "book_valuer_per_share": 5.43,
            "book_valuer_per_share_4q_avg": 6.22,
            "equity": 403381,
            "current_ratio": 481.45,
            "debt_ratio": 52.4,
            "inventory_turnover_ratio": 0.3,
            "account_receivable_turnover_ratio": null,
            "reinvestment_rate": null,
            "research_to_sale_ratio": null,
            "price_fair": 0,
            "eps_avg_yearly": 0,
            "eps_latest_yearly": 0,
            "eps_growth_yearly": 0
        },
        "20042": {
            "year_quarter": 20042,
            "year": 2004,
            "quarter": 2,
            "eps": -0.43,
            "eps_growth_year": null,
            "eps_4q": -1.96,
            "eps_4q_growth_year": null,
            "roe": -8.16,
            "roe_4q": -33,
            "gross_profit": -19495,
            "gross_margin": -66.86,
            "gross_margin_4q_avg": -72.85,
            "net_income": -31684,
            "net_income_4q": null,
            "revenue": 29160,
            "revenue_4q": null,
            "common_shares": 743300,
            "book_valuer_per_share": 5.02,
            "book_valuer_per_share_4q_avg": 5.72,
            "equity": 372788,
            "current_ratio": 559.96,
            "debt_ratio": 53.31,
            "inventory_turnover_ratio": 0.28,
            "account_receivable_turnover_ratio": null,
            "reinvestment_rate": null,
            "research_to_sale_ratio": null,
            "price_fair": 0,
            "eps_avg_yearly": 0,
            "eps_latest_yearly": 0,
            "eps_growth_yearly": 0
        },
        "20043": {
            "year_quarter": 20043,
            "year": 2004,
            "quarter": 3,
            "eps": -0.98,
            "eps_growth_year": null,
            "eps_4q": -3.37,
            "eps_4q_growth_year": null,
            "roe": -11.88,
            "roe_4q": -36.18,
            "gross_profit": -19892,
            "gross_margin": -59.32,
            "gross_margin_4q_avg": -62.75,
            "net_income": -41816,
            "net_income_4q": null,
            "revenue": 33536,
            "revenue_4q": null,
            "common_shares": 428010,
            "book_valuer_per_share": 7.74,
            "book_valuer_per_share_4q_avg": 6.06,
            "equity": 331376,
            "current_ratio": 389.7,
            "debt_ratio": 57.52,
            "inventory_turnover_ratio": 0.32,
            "account_receivable_turnover_ratio": null,
            "reinvestment_rate": null,
            "research_to_sale_ratio": null,
            "price_fair": 0,
            "eps_avg_yearly": 0,
            "eps_latest_yearly": 0,
            "eps_growth_yearly": 0
        },
        "20044": {
            "year_quarter": 20044,
            "year": 2004,
            "quarter": 4,
            "eps": -1.48,
            "eps_growth_year": null,
            "eps_4q": -4.23,
            "eps_4q_growth_year": null,
            "roe": -21.25,
            "roe_4q": -51.690000000000005,
            "gross_profit": -27615,
            "gross_margin": -115.57,
            "gross_margin_4q_avg": -75.45,
            "net_income": -63391,
            "net_income_4q": null,
            "revenue": 23895,
            "revenue_4q": null,
            "common_shares": 428010,
            "book_valuer_per_share": 6.2,
            "book_valuer_per_share_4q_avg": 6.1,
            "equity": 265320,
            "current_ratio": 253.27,
            "debt_ratio": 62.74,
            "inventory_turnover_ratio": 0.36,
            "account_receivable_turnover_ratio": null,
            "reinvestment_rate": null,
            "research_to_sale_ratio": null,
            "price_fair": 0,
            "eps_avg_yearly": 0,
            "eps_latest_yearly": 0,
            "eps_growth_yearly": 0
        },
        "20051": {
            "year_quarter": 20051,
            "year": 2005,
            "quarter": 1,
            "eps": -1.14,
            "eps_growth_year": null,
            "eps_4q": -4.33,
            "eps_4q_growth_year": null,
            "roe": -20.32,
            "roe_4q": -61.61,
            "gross_profit": -44186,
            "gross_margin": -143.86,
            "gross_margin_4q_avg": -96.4,
            "net_income": -48929,
            "net_income_4q": null,
            "revenue": 30714,
            "revenue_4q": null,
            "common_shares": 428010,
            "book_valuer_per_share": 5.05,
            "book_valuer_per_share_4q_avg": 6,
            "equity": 216220,
            "current_ratio": 368.65,
            "debt_ratio": 64.57,
            "inventory_turnover_ratio": 0.67,
            "account_receivable_turnover_ratio": null,
            "reinvestment_rate": null,
            "research_to_sale_ratio": null,
            "price_fair": 0,
            "eps_avg_yearly": 0,
            "eps_latest_yearly": 0,
            "eps_growth_yearly": 0
        },
        "20052": {
            "year_quarter": 20052,
            "year": 2005,
            "quarter": 2,
            "eps": -0.78,
            "eps_growth_year": null,
            "eps_4q": -4.38,
            "eps_4q_growth_year": null,
            "roe": -16.72,
            "roe_4q": -70.17,
            "gross_profit": -16632,
            "gross_margin": -75.76,
            "gross_margin_4q_avg": -98.63,
            "net_income": -33368,
            "net_income_4q": null,
            "revenue": 21954,
            "revenue_4q": null,
            "common_shares": 428010,
            "book_valuer_per_share": 4.27,
            "book_valuer_per_share_4q_avg": 5.82,
            "equity": 182926,
            "current_ratio": 84.89,
            "debt_ratio": 68.69,
            "inventory_turnover_ratio": 0.42,
            "account_receivable_turnover_ratio": null,
            "reinvestment_rate": null,
            "research_to_sale_ratio": null,
            "price_fair": 0,
            "eps_avg_yearly": 0,
            "eps_latest_yearly": 0,
            "eps_growth_yearly": 0
        },
        "20053": {
            "year_quarter": 20053,
            "year": 2005,
            "quarter": 3,
            "eps": -1.14,
            "eps_growth_year": null,
            "eps_4q": -4.55,
            "eps_4q_growth_year": null,
            "roe": -30.77,
            "roe_4q": -89.06,
            "gross_profit": -12854,
            "gross_margin": -57.73,
            "gross_margin_4q_avg": -98.23,
            "net_income": -49003,
            "net_income_4q": null,
            "revenue": 22265,
            "revenue_4q": null,
            "common_shares": 428010,
            "book_valuer_per_share": 3.17,
            "book_valuer_per_share_4q_avg": 4.67,
            "equity": 135590,
            "current_ratio": 30.68,
            "debt_ratio": 75.78,
            "inventory_turnover_ratio": 0.38,
            "account_receivable_turnover_ratio": null,
            "reinvestment_rate": null,
            "research_to_sale_ratio": null,
            "price_fair": 0,
            "eps_avg_yearly": 0,
            "eps_latest_yearly": 0,
            "eps_growth_yearly": 0
        },
        "20054": {
            "year_quarter": 20054,
            "year": 2005,
            "quarter": 4,
            "eps": -0.42,
            "eps_growth_year": null,
            "eps_4q": -3.49,
            "eps_4q_growth_year": null,
            "roe": -14.13,
            "roe_4q": -81.94,
            "gross_profit": -8184,
            "gross_margin": -38.87,
            "gross_margin_4q_avg": -79.06,
            "net_income": -17867,
            "net_income_4q": null,
            "revenue": 21054,
            "revenue_4q": null,
            "common_shares": 428010,
            "book_valuer_per_share": 2.74,
            "book_valuer_per_share_4q_avg": 3.81,
            "equity": 117372,
            "current_ratio": 31.94,
            "debt_ratio": 79.04,
            "inventory_turnover_ratio": 0.32,
            "account_receivable_turnover_ratio": null,
            "reinvestment_rate": null,
            "research_to_sale_ratio": null,
            "price_fair": 0,
            "eps_avg_yearly": 0,
            "eps_latest_yearly": 0,
            "eps_growth_yearly": 0
        },
        "20061": {
            "year_quarter": 20061,
            "year": 2006,
            "quarter": 1,
            "eps": -0.51,
            "eps_growth_year": null,
            "eps_4q": -2.85,
            "eps_4q_growth_year": null,
            "roe": -20.61,
            "roe_4q": -82.23,
            "gross_profit": -10437,
            "gross_margin": -38.49,
            "gross_margin_4q_avg": -52.71,
            "net_income": -21891,
            "net_income_4q": null,
            "revenue": 27116,
            "revenue_4q": null,
            "common_shares": 428010,
            "book_valuer_per_share": 2.22,
            "book_valuer_per_share_4q_avg": 3.1,
            "equity": 95065,
            "current_ratio": 28.69,
            "debt_ratio": 82.13,
            "inventory_turnover_ratio": 0.44,
            "account_receivable_turnover_ratio": null,
            "reinvestment_rate": null,
            "research_to_sale_ratio": null,
            "price_fair": 0,
            "eps_avg_yearly": 0,
            "eps_latest_yearly": 0,
            "eps_growth_yearly": 0
        },
        "20062": {
            "year_quarter": 20062,
            "year": 2006,
            "quarter": 2,
            "eps": -0.55,
            "eps_growth_year": null,
            "eps_4q": -2.63,
            "eps_4q_growth_year": null,
            "roe": -28.39,
            "roe_4q": -93.9,
            "gross_profit": -9681,
            "gross_margin": -29.99,
            "gross_margin_4q_avg": -41.27,
            "net_income": -23622,
            "net_income_4q": null,
            "revenue": 32277,
            "revenue_4q": null,
            "common_shares": 428010,
            "book_valuer_per_share": 1.67,
            "book_valuer_per_share_4q_avg": 2.45,
            "equity": 71346,
            "current_ratio": 28.11,
            "debt_ratio": 86.34,
            "inventory_turnover_ratio": 0.54,
            "account_receivable_turnover_ratio": null,
            "reinvestment_rate": null,
            "research_to_sale_ratio": null,
            "price_fair": 0,
            "eps_avg_yearly": 0,
            "eps_latest_yearly": 0,
            "eps_growth_yearly": 0
        },
        "20063": {
            "year_quarter": 20063,
            "year": 2006,
            "quarter": 3,
            "eps": -0.7,
            "eps_growth_year": null,
            "eps_4q": -2.18,
            "eps_4q_growth_year": null,
            "roe": -53.03,
            "roe_4q": -116.16,
            "gross_profit": -5751,
            "gross_margin": -24.01,
            "gross_margin_4q_avg": -32.84,
            "net_income": -30068,
            "net_income_4q": null,
            "revenue": 23952,
            "revenue_4q": null,
            "common_shares": 428010,
            "book_valuer_per_share": 0.98,
            "book_valuer_per_share_4q_avg": 1.9,
            "equity": 42055,
            "current_ratio": 24.62,
            "debt_ratio": 91.59,
            "inventory_turnover_ratio": 0.39,
            "account_receivable_turnover_ratio": null,
            "reinvestment_rate": null,
            "research_to_sale_ratio": null,
            "price_fair": 0,
            "eps_avg_yearly": 0,
            "eps_latest_yearly": 0,
            "eps_growth_yearly": 0
        },
        "20064": {
            "year_quarter": 20064,
            "year": 2006,
            "quarter": 4,
            "eps": -0.64,
            "eps_growth_year": null,
            "eps_4q": -2.41,
            "eps_4q_growth_year": null,
            "roe": -97.89,
            "roe_4q": -199.92000000000002,
            "gross_profit": -1034,
            "gross_margin": -3.75,
            "gross_margin_4q_avg": -24.06,
            "net_income": -27446,
            "net_income_4q": null,
            "revenue": 27545,
            "revenue_4q": null,
            "common_shares": 428010,
            "book_valuer_per_share": 0.33,
            "book_valuer_per_share_4q_avg": 1.3,
            "equity": 14019,
            "current_ratio": 20.83,
            "debt_ratio": 97.03,
            "inventory_turnover_ratio": 0.39,
            "account_receivable_turnover_ratio": null,
            "reinvestment_rate": null,
            "research_to_sale_ratio": null,
            "price_fair": 0,
            "eps_avg_yearly": 0,
            "eps_latest_yearly": 0,
            "eps_growth_yearly": 0
        },
        "20071": {
            "year_quarter": 20071,
            "year": 2007,
            "quarter": 1,
            "eps": -3.44,
            "eps_growth_year": null,
            "eps_4q": -5.21,
            "eps_4q_growth_year": null,
            "roe": -411.61,
            "roe_4q": -590.92,
            "gross_profit": -10367,
            "gross_margin": -40.41,
            "gross_margin_4q_avg": -24.54,
            "net_income": -157917,
            "net_income_4q": null,
            "revenue": 25657,
            "revenue_4q": null,
            "common_shares": 665211,
            "book_valuer_per_share": 0.94,
            "book_valuer_per_share_4q_avg": 0.98,
            "equity": 62712,
            "current_ratio": 20.96,
            "debt_ratio": 86,
            "inventory_turnover_ratio": 0.57,
            "account_receivable_turnover_ratio": null,
            "reinvestment_rate": null,
            "research_to_sale_ratio": null,
            "price_fair": 0,
            "eps_avg_yearly": 0,
            "eps_latest_yearly": 0,
            "eps_growth_yearly": 0
        },
        "20072": {
            "year_quarter": 20072,
            "year": 2007,
            "quarter": 2,
            "eps": -0.84,
            "eps_growth_year": null,
            "eps_4q": -3.93,
            "eps_4q_growth_year": null,
            "roe": -110.41,
            "roe_4q": -672.9399999999999,
            "gross_profit": -6998,
            "gross_margin": -19.25,
            "gross_margin_4q_avg": -21.86,
            "net_income": -46111,
            "net_income_4q": null,
            "revenue": 36351,
            "revenue_4q": null,
            "common_shares": 665211,
            "book_valuer_per_share": 0.31,
            "book_valuer_per_share_4q_avg": 0.64,
            "equity": 20815,
            "current_ratio": 16.98,
            "debt_ratio": 94.66,
            "inventory_turnover_ratio": 0.98,
            "account_receivable_turnover_ratio": null,
            "reinvestment_rate": null,
            "research_to_sale_ratio": null,
            "price_fair": 0,
            "eps_avg_yearly": 0,
            "eps_latest_yearly": 0,
            "eps_growth_yearly": 0
        },
        "20073": {
            "year_quarter": 20073,
            "year": 2007,
            "quarter": 3,
            "eps": -0.23,
            "eps_growth_year": null,
            "eps_4q": -3.68,
            "eps_4q_growth_year": null,
            "roe": -97.1,
            "roe_4q": -717.01,
            "gross_profit": -9781,
            "gross_margin": -59.86,
            "gross_margin_4q_avg": -30.82,
            "net_income": -13308,
            "net_income_4q": null,
            "revenue": 16341,
            "revenue_4q": null,
            "common_shares": 665211,
            "book_valuer_per_share": 0.1,
            "book_valuer_per_share_4q_avg": 0.42,
            "equity": 6597,
            "current_ratio": 17.03,
            "debt_ratio": 98.27,
            "inventory_turnover_ratio": 0.74,
            "account_receivable_turnover_ratio": null,
            "reinvestment_rate": null,
            "research_to_sale_ratio": null,
            "price_fair": 0,
            "eps_avg_yearly": 0,
            "eps_latest_yearly": 0,
            "eps_growth_yearly": 0
        },
        "20074": {
            "year_quarter": 20074,
            "year": 2007,
            "quarter": 4,
            "eps": 0.37,
            "eps_growth_year": null,
            "eps_4q": -3.22,
            "eps_4q_growth_year": null,
            "roe": 131.42,
            "roe_4q": -487.70000000000005,
            "gross_profit": -6191,
            "gross_margin": -44.78,
            "gross_margin_4q_avg": -41.08,
            "net_income": 22391,
            "net_income_4q": null,
            "revenue": 13825,
            "revenue_4q": null,
            "common_shares": 665211,
            "book_valuer_per_share": 0.41,
            "book_valuer_per_share_4q_avg": 0.44,
            "equity": 27478,
            "current_ratio": 16.2,
            "debt_ratio": 92.43,
            "inventory_turnover_ratio": 0.53,
            "account_receivable_turnover_ratio": null,
            "reinvestment_rate": null,
            "research_to_sale_ratio": null,
            "price_fair": 0,
            "eps_avg_yearly": 0,
            "eps_latest_yearly": 0,
            "eps_growth_yearly": 0
        },
        "20081": {
            "year_quarter": 20081,
            "year": 2008,
            "quarter": 1,
            "eps": -1.82,
            "eps_growth_year": null,
            "eps_4q": -2.07,
            "eps_4q_growth_year": null,
            "roe": -183.41,
            "roe_4q": -259.5,
            "gross_profit": -9141,
            "gross_margin": -78.74,
            "gross_margin_4q_avg": -50.66,
            "net_income": -264484,
            "net_income_4q": null,
            "revenue": 11609,
            "revenue_4q": null,
            "common_shares": 2069252,
            "book_valuer_per_share": 1.26,
            "book_valuer_per_share_4q_avg": 0.52,
            "equity": 260935,
            "current_ratio": 61.51,
            "debt_ratio": 22.43,
            "inventory_turnover_ratio": 0.65,
            "account_receivable_turnover_ratio": null,
            "reinvestment_rate": null,
            "research_to_sale_ratio": null,
            "price_fair": 0,
            "eps_avg_yearly": 0,
            "eps_latest_yearly": 0,
            "eps_growth_yearly": 0
        },
        "20082": {
            "year_quarter": 20082,
            "year": 2008,
            "quarter": 2,
            "eps": -0.1,
            "eps_growth_year": null,
            "eps_4q": -1.31,
            "eps_4q_growth_year": null,
            "roe": -6.07,
            "roe_4q": -155.16,
            "gross_profit": -12644,
            "gross_margin": -73.59,
            "gross_margin_4q_avg": -64.24,
            "net_income": -15351,
            "net_income_4q": null,
            "revenue": 17182,
            "revenue_4q": null,
            "common_shares": 2069252,
            "book_valuer_per_share": 1.18,
            "book_valuer_per_share_4q_avg": 0.74,
            "equity": 245143,
            "current_ratio": 77.09,
            "debt_ratio": 23.14,
            "inventory_turnover_ratio": 1.02,
            "account_receivable_turnover_ratio": null,
            "reinvestment_rate": null,
            "research_to_sale_ratio": null,
            "price_fair": 0,
            "eps_avg_yearly": 0,
            "eps_latest_yearly": 0,
            "eps_growth_yearly": 0
        },
        "20083": {
            "year_quarter": 20083,
            "year": 2008,
            "quarter": 3,
            "eps": -0.15,
            "eps_growth_year": null,
            "eps_4q": -1.37,
            "eps_4q_growth_year": null,
            "roe": -10.84,
            "roe_4q": -68.9,
            "gross_profit": -18089,
            "gross_margin": -63.66,
            "gross_margin_4q_avg": -65.19,
            "net_income": -25382,
            "net_income_4q": null,
            "revenue": 28414,
            "revenue_4q": null,
            "common_shares": 2069252,
            "book_valuer_per_share": 1.08,
            "book_valuer_per_share_4q_avg": 0.98,
            "equity": 223033,
            "current_ratio": 59.23,
            "debt_ratio": 26.3,
            "inventory_turnover_ratio": 1.64,
            "account_receivable_turnover_ratio": null,
            "reinvestment_rate": null,
            "research_to_sale_ratio": null,
            "price_fair": 0,
            "eps_avg_yearly": 0,
            "eps_latest_yearly": 0,
            "eps_growth_yearly": 0
        },
        "20084": {
            "year_quarter": 20084,
            "year": 2008,
            "quarter": 4,
            "eps": -0.25,
            "eps_growth_year": -167.57,
            "eps_4q": -1.96,
            "eps_4q_growth_year": null,
            "roe": -20.99,
            "roe_4q": -221.31,
            "gross_profit": -8608,
            "gross_margin": -24.01,
            "gross_margin_4q_avg": -60,
            "net_income": -43943,
            "net_income_4q": null,
            "revenue": 35856,
            "revenue_4q": null,
            "common_shares": 2210277,
            "book_valuer_per_share": 0.88,
            "book_valuer_per_share_4q_avg": 1.1,
            "equity": 195590,
            "current_ratio": 150.39,
            "debt_ratio": 33.05,
            "inventory_turnover_ratio": 1.62,
            "account_receivable_turnover_ratio": 9.76,
            "reinvestment_rate": null,
            "research_to_sale_ratio": null,
            "price_fair": 0,
            "eps_avg_yearly": 0,
            "eps_latest_yearly": 0,
            "eps_growth_yearly": 0
        },
        "20091": {
            "year_quarter": 20091,
            "year": 2009,
            "quarter": 1,
            "eps": -0.05,
            "eps_growth_year": null,
            "eps_4q": -0.43,
            "eps_4q_growth_year": null,
            "roe": -5.44,
            "roe_4q": -43.339999999999996,
            "gross_profit": -3131,
            "gross_margin": -8.45,
            "gross_margin_4q_avg": -42.43,
            "net_income": -10351,
            "net_income_4q": null,
            "revenue": 37070,
            "revenue_4q": null,
            "common_shares": 2210277,
            "book_valuer_per_share": 0.84,
            "book_valuer_per_share_4q_avg": 1,
            "equity": 185239,
            "current_ratio": 182.57,
            "debt_ratio": 17.48,
            "inventory_turnover_ratio": 1.29,
            "account_receivable_turnover_ratio": 3.55,
            "reinvestment_rate": null,
            "research_to_sale_ratio": null,
            "price_fair": 0,
            "eps_avg_yearly": 0,
            "eps_latest_yearly": 0,
            "eps_growth_yearly": 0
        },
        "20092": {
            "year_quarter": 20092,
            "year": 2009,
            "quarter": 2,
            "eps": -0.05,
            "eps_growth_year": null,
            "eps_4q": -0.42,
            "eps_4q_growth_year": null,
            "roe": -6.74,
            "roe_4q": -44.010000000000005,
            "gross_profit": -894,
            "gross_margin": -1.9,
            "gross_margin_4q_avg": -24.51,
            "net_income": -12084,
            "net_income_4q": null,
            "revenue": 46960,
            "revenue_4q": null,
            "common_shares": 2210277,
            "book_valuer_per_share": 0.78,
            "book_valuer_per_share_4q_avg": 0.9,
            "equity": 173155,
            "current_ratio": 182.49,
            "debt_ratio": 20.43,
            "inventory_turnover_ratio": 1.48,
            "account_receivable_turnover_ratio": 3.57,
            "reinvestment_rate": null,
            "research_to_sale_ratio": null,
            "price_fair": 0,
            "eps_avg_yearly": 0,
            "eps_latest_yearly": 0,
            "eps_growth_yearly": 0
        },
        "20093": {
            "year_quarter": 20093,
            "year": 2009,
            "quarter": 3,
            "eps": -0.06,
            "eps_growth_year": null,
            "eps_4q": -0.36,
            "eps_4q_growth_year": null,
            "roe": -7.41,
            "roe_4q": -40.58,
            "gross_profit": 515,
            "gross_margin": 1.16,
            "gross_margin_4q_avg": -8.3,
            "net_income": -12380,
            "net_income_4q": null,
            "revenue": 44209,
            "revenue_4q": null,
            "common_shares": 2210277,
            "book_valuer_per_share": 0.73,
            "book_valuer_per_share_4q_avg": 0.81,
            "equity": 160774,
            "current_ratio": 168.02,
            "debt_ratio": 19.81,
            "inventory_turnover_ratio": 1.35,
            "account_receivable_turnover_ratio": 3.16,
            "reinvestment_rate": null,
            "research_to_sale_ratio": null,
            "price_fair": 0,
            "eps_avg_yearly": 0,
            "eps_latest_yearly": 0,
            "eps_growth_yearly": 0
        },
        "20094": {
            "year_quarter": 20094,
            "year": 2009,
            "quarter": 4,
            "eps": -0.06,
            "eps_growth_year": null,
            "eps_4q": -0.2,
            "eps_4q_growth_year": null,
            "roe": -7.36,
            "roe_4q": -26.95,
            "gross_profit": -464,
            "gross_margin": -1.33,
            "gross_margin_4q_avg": -2.63,
            "net_income": -12472,
            "net_income_4q": null,
            "revenue": 34912,
            "revenue_4q": null,
            "common_shares": 2376023,
            "book_valuer_per_share": 0.75,
            "book_valuer_per_share_4q_avg": 0.78,
            "equity": 178303,
            "current_ratio": 222.51,
            "debt_ratio": 17.65,
            "inventory_turnover_ratio": 1.03,
            "account_receivable_turnover_ratio": 5.2,
            "reinvestment_rate": null,
            "research_to_sale_ratio": null,
            "price_fair": 0,
            "eps_avg_yearly": 0,
            "eps_latest_yearly": 0,
            "eps_growth_yearly": 0
        },
        "20101": {
            "year_quarter": 20101,
            "year": 2010,
            "quarter": 1,
            "eps": -0.25,
            "eps_growth_year": null,
            "eps_4q": -1.27,
            "eps_4q_growth_year": null,
            "roe": -5.11,
            "roe_4q": -26.620000000000005,
            "gross_profit": 1294,
            "gross_margin": 4.28,
            "gross_margin_4q_avg": 0.55,
            "net_income": -8885,
            "net_income_4q": null,
            "revenue": 30217,
            "revenue_4q": null,
            "common_shares": 361336,
            "book_valuer_per_share": 4.69,
            "book_valuer_per_share_4q_avg": 1.74,
            "equity": 169419,
            "current_ratio": 234.02,
            "debt_ratio": 15.37,
            "inventory_turnover_ratio": 0.89,
            "account_receivable_turnover_ratio": 2.17,
            "reinvestment_rate": null,
            "research_to_sale_ratio": 7.26,
            "price_fair": 0,
            "eps_avg_yearly": 0,
            "eps_latest_yearly": 0,
            "eps_growth_yearly": 0
        },
        "20102": {
            "year_quarter": 20102,
            "year": 2010,
            "quarter": 2,
            "eps": -0.26,
            "eps_growth_year": null,
            "eps_4q": -1.2,
            "eps_4q_growth_year": null,
            "roe": -5.75,
            "roe_4q": -25.63,
            "gross_profit": 1177,
            "gross_margin": 3.83,
            "gross_margin_4q_avg": 1.99,
            "net_income": -9468,
            "net_income_4q": null,
            "revenue": 30741,
            "revenue_4q": null,
            "common_shares": 361336,
            "book_valuer_per_share": 4.43,
            "book_valuer_per_share_4q_avg": 2.65,
            "equity": 159950,
            "current_ratio": 164.51,
            "debt_ratio": 23.45,
            "inventory_turnover_ratio": 0.89,
            "account_receivable_turnover_ratio": 2.03,
            "reinvestment_rate": null,
            "research_to_sale_ratio": 6.61,
            "price_fair": 0,
            "eps_avg_yearly": 0,
            "eps_latest_yearly": 0,
            "eps_growth_yearly": 0
        },
        "20103": {
            "year_quarter": 20103,
            "year": 2010,
            "quarter": 3,
            "eps": -0.47,
            "eps_growth_year": null,
            "eps_4q": -1.32,
            "eps_4q_growth_year": null,
            "roe": -11.09,
            "roe_4q": -29.31,
            "gross_profit": -3484,
            "gross_margin": -14.81,
            "gross_margin_4q_avg": -2.01,
            "net_income": -16806,
            "net_income_4q": null,
            "revenue": 23520,
            "revenue_4q": null,
            "common_shares": 361336,
            "book_valuer_per_share": 3.96,
            "book_valuer_per_share_4q_avg": 3.46,
            "equity": 143144,
            "current_ratio": 252.89,
            "debt_ratio": 34.12,
            "inventory_turnover_ratio": 0.71,
            "account_receivable_turnover_ratio": 1.42,
            "reinvestment_rate": null,
            "research_to_sale_ratio": 18.93,
            "price_fair": 0,
            "eps_avg_yearly": 0,
            "eps_latest_yearly": 0,
            "eps_growth_yearly": 0
        },
        "20104": {
            "year_quarter": 20104,
            "year": 2010,
            "quarter": 4,
            "eps": -0.58,
            "eps_growth_year": null,
            "eps_4q": -1.55,
            "eps_4q_growth_year": null,
            "roe": -15.68,
            "roe_4q": -37.629999999999995,
            "gross_profit": -2446,
            "gross_margin": -33.02,
            "gross_margin_4q_avg": -9.93,
            "net_income": -20811,
            "net_income_4q": null,
            "revenue": 7408,
            "revenue_4q": null,
            "common_shares": 361336,
            "book_valuer_per_share": 3.39,
            "book_valuer_per_share_4q_avg": 4.12,
            "equity": 122333,
            "current_ratio": 279.52,
            "debt_ratio": 45.38,
            "inventory_turnover_ratio": 0.22,
            "account_receivable_turnover_ratio": 0.44,
            "reinvestment_rate": null,
            "research_to_sale_ratio": 62.77,
            "price_fair": 0,
            "eps_avg_yearly": 0,
            "eps_latest_yearly": 0,
            "eps_growth_yearly": 0
        },
        "20111": {
            "year_quarter": 20111,
            "year": 2011,
            "quarter": 1,
            "eps": -0.35,
            "eps_growth_year": null,
            "eps_4q": -1.65,
            "eps_4q_growth_year": null,
            "roe": -10.77,
            "roe_4q": -43.29,
            "gross_profit": -2366,
            "gross_margin": -16.82,
            "gross_margin_4q_avg": -15.21,
            "net_income": -12499,
            "net_income_4q": null,
            "revenue": 14067,
            "revenue_4q": null,
            "common_shares": 361336,
            "book_valuer_per_share": 3.04,
            "book_valuer_per_share_4q_avg": 3.71,
            "equity": 109834,
            "current_ratio": 371.86,
            "debt_ratio": 40.16,
            "inventory_turnover_ratio": 0.33,
            "account_receivable_turnover_ratio": 0.8,
            "reinvestment_rate": null,
            "research_to_sale_ratio": 21.53,
            "price_fair": 0,
            "eps_avg_yearly": 0,
            "eps_latest_yearly": 0,
            "eps_growth_yearly": 0
        },
        "20112": {
            "year_quarter": 20112,
            "year": 2011,
            "quarter": 2,
            "eps": -0.44,
            "eps_growth_year": null,
            "eps_4q": -1.83,
            "eps_4q_growth_year": null,
            "roe": -15.62,
            "roe_4q": -53.16,
            "gross_profit": -1398,
            "gross_margin": -3.05,
            "gross_margin_4q_avg": -16.93,
            "net_income": -15910,
            "net_income_4q": null,
            "revenue": 45828,
            "revenue_4q": null,
            "common_shares": 361336,
            "book_valuer_per_share": 2.6,
            "book_valuer_per_share_4q_avg": 3.25,
            "equity": 93924,
            "current_ratio": 278.1,
            "debt_ratio": 47.55,
            "inventory_turnover_ratio": 1.1,
            "account_receivable_turnover_ratio": 1.72,
            "reinvestment_rate": null,
            "research_to_sale_ratio": 12.53,
            "price_fair": 0,
            "eps_avg_yearly": 0,
            "eps_latest_yearly": 0,
            "eps_growth_yearly": 0
        },
        "20113": {
            "year_quarter": 20113,
            "year": 2011,
            "quarter": 3,
            "eps": -0.47,
            "eps_growth_year": null,
            "eps_4q": -1.83,
            "eps_4q_growth_year": null,
            "roe": -19.94,
            "roe_4q": -62.01,
            "gross_profit": -5912,
            "gross_margin": -17.89,
            "gross_margin_4q_avg": -17.7,
            "net_income": -17034,
            "net_income_4q": null,
            "revenue": 33045,
            "revenue_4q": null,
            "common_shares": 361336,
            "book_valuer_per_share": 2.13,
            "book_valuer_per_share_4q_avg": 2.79,
            "equity": 76890,
            "current_ratio": 220.43,
            "debt_ratio": 54.66,
            "inventory_turnover_ratio": 1.04,
            "account_receivable_turnover_ratio": 1.09,
            "reinvestment_rate": null,
            "research_to_sale_ratio": 17.03,
            "price_fair": 0,
            "eps_avg_yearly": 0,
            "eps_latest_yearly": 0,
            "eps_growth_yearly": 0
        },
        "20114": {
            "year_quarter": 20114,
            "year": 2011,
            "quarter": 4,
            "eps": -0.46,
            "eps_growth_year": null,
            "eps_4q": -1.72,
            "eps_4q_growth_year": null,
            "roe": -24.52,
            "roe_4q": -70.85,
            "gross_profit": -2258,
            "gross_margin": -7.14,
            "gross_margin_4q_avg": -11.23,
            "net_income": -16797,
            "net_income_4q": null,
            "revenue": 31603,
            "revenue_4q": null,
            "common_shares": 361336,
            "book_valuer_per_share": 1.66,
            "book_valuer_per_share_4q_avg": 2.36,
            "equity": 60093,
            "current_ratio": 297.95,
            "debt_ratio": 53.97,
            "inventory_turnover_ratio": 0.87,
            "account_receivable_turnover_ratio": 1.15,
            "reinvestment_rate": null,
            "research_to_sale_ratio": 11.9,
            "price_fair": 0,
            "eps_avg_yearly": 0,
            "eps_latest_yearly": 0,
            "eps_growth_yearly": 0
        },
        "20121": {
            "year_quarter": 20121,
            "year": 2012,
            "quarter": 1,
            "eps": -0.23,
            "eps_growth_year": null,
            "eps_4q": -1.61,
            "eps_4q_growth_year": null,
            "roe": -14.86,
            "roe_4q": -74.94,
            "gross_profit": 1536,
            "gross_margin": 4.06,
            "gross_margin_4q_avg": -6.01,
            "net_income": -8311,
            "net_income_4q": null,
            "revenue": 37800,
            "revenue_4q": null,
            "common_shares": 361336,
            "book_valuer_per_share": 1.43,
            "book_valuer_per_share_4q_avg": 1.96,
            "equity": 51783,
            "current_ratio": 279.44,
            "debt_ratio": 60.88,
            "inventory_turnover_ratio": 0.84,
            "account_receivable_turnover_ratio": 1.12,
            "reinvestment_rate": null,
            "research_to_sale_ratio": 6.21,
            "price_fair": 0,
            "eps_avg_yearly": 0,
            "eps_latest_yearly": 0,
            "eps_growth_yearly": 0
        },
        "20122": {
            "year_quarter": 20122,
            "year": 2012,
            "quarter": 2,
            "eps": -0.13,
            "eps_growth_year": null,
            "eps_4q": -1.3,
            "eps_4q_growth_year": null,
            "roe": -9.73,
            "roe_4q": -69.05,
            "gross_profit": 9470,
            "gross_margin": 18.24,
            "gross_margin_4q_avg": -0.68,
            "net_income": -4807,
            "net_income_4q": null,
            "revenue": 51929,
            "revenue_4q": null,
            "common_shares": 361336,
            "book_valuer_per_share": 1.3,
            "book_valuer_per_share_4q_avg": 1.63,
            "equity": 46975,
            "current_ratio": 206.04,
            "debt_ratio": 68.14,
            "inventory_turnover_ratio": 0.94,
            "account_receivable_turnover_ratio": 1.25,
            "reinvestment_rate": null,
            "research_to_sale_ratio": 3.78,
            "price_fair": 0,
            "eps_avg_yearly": 0,
            "eps_latest_yearly": 0,
            "eps_growth_yearly": 0
        },
        "20123": {
            "year_quarter": 20123,
            "year": 2012,
            "quarter": 3,
            "eps": 0.22,
            "eps_growth_year": null,
            "eps_4q": -0.61,
            "eps_4q_growth_year": null,
            "roe": 15.26,
            "roe_4q": -33.85,
            "gross_profit": 24015,
            "gross_margin": 31.27,
            "gross_margin_4q_avg": 11.61,
            "net_income": 7878,
            "net_income_4q": null,
            "revenue": 76800,
            "revenue_4q": null,
            "common_shares": 361336,
            "book_valuer_per_share": 1.56,
            "book_valuer_per_share_4q_avg": 1.49,
            "equity": 56265,
            "current_ratio": 214.99,
            "debt_ratio": 64.92,
            "inventory_turnover_ratio": 1.15,
            "account_receivable_turnover_ratio": 1.54,
            "reinvestment_rate": null,
            "research_to_sale_ratio": 2.31,
            "price_fair": 0,
            "eps_avg_yearly": 0,
            "eps_latest_yearly": 0,
            "eps_growth_yearly": 0
        },
        "20124": {
            "year_quarter": 20124,
            "year": 2012,
            "quarter": 4,
            "eps": 0.71,
            "eps_growth_year": null,
            "eps_4q": 0.56,
            "eps_4q_growth_year": null,
            "roe": 36.65,
            "roe_4q": 27.319999999999993,
            "gross_profit": 27234,
            "gross_margin": 43.77,
            "gross_margin_4q_avg": 24.34,
            "net_income": 25572,
            "net_income_4q": null,
            "revenue": 62214,
            "revenue_4q": null,
            "common_shares": 361336,
            "book_valuer_per_share": 2.31,
            "book_valuer_per_share_4q_avg": 1.65,
            "equity": 83293,
            "current_ratio": 335.5,
            "debt_ratio": 43.18,
            "inventory_turnover_ratio": 0.72,
            "account_receivable_turnover_ratio": 1.45,
            "reinvestment_rate": null,
            "research_to_sale_ratio": 4.82,
            "price_fair": 99.4,
            "eps_avg_yearly": 2.84,
            "eps_latest_yearly": 2.84,
            "eps_growth_yearly": 890.91
        },
        "20131": {
            "year_quarter": 20131,
            "year": 2013,
            "quarter": 1,
            "eps": 0.05,
            "eps_growth_year": null,
            "eps_4q": 0.84,
            "eps_4q_growth_year": null,
            "roe": 1.72,
            "roe_4q": 43.89999999999999,
            "gross_profit": 14252,
            "gross_margin": 30.25,
            "gross_margin_4q_avg": 30.88,
            "net_income": 1657,
            "net_income_4q": null,
            "revenue": 47111,
            "revenue_4q": null,
            "common_shares": 361336,
            "book_valuer_per_share": 3.03,
            "book_valuer_per_share_4q_avg": 2.05,
            "equity": 109533,
            "current_ratio": 285.58,
            "debt_ratio": 36.01,
            "inventory_turnover_ratio": 0.58,
            "account_receivable_turnover_ratio": 1.12,
            "reinvestment_rate": null,
            "research_to_sale_ratio": 6.2,
            "price_fair": 53.2,
            "eps_avg_yearly": 1.52,
            "eps_latest_yearly": 0.2,
            "eps_growth_yearly": 259.54
        },
        "20132": {
            "year_quarter": 20132,
            "year": 2013,
            "quarter": 2,
            "eps": -0.08,
            "eps_growth_year": null,
            "eps_4q": 0.9,
            "eps_4q_growth_year": null,
            "roe": -2.52,
            "roe_4q": 51.11,
            "gross_profit": 9915,
            "gross_margin": 27.13,
            "gross_margin_4q_avg": 33.11,
            "net_income": -2752,
            "net_income_4q": null,
            "revenue": 36545,
            "revenue_4q": null,
            "common_shares": 361336,
            "book_valuer_per_share": 3.01,
            "book_valuer_per_share_4q_avg": 2.48,
            "equity": 108870,
            "current_ratio": 266.22,
            "debt_ratio": 38.61,
            "inventory_turnover_ratio": 0.38,
            "account_receivable_turnover_ratio": 0.61,
            "reinvestment_rate": null,
            "research_to_sale_ratio": 6.3,
            "price_fair": 53.2,
            "eps_avg_yearly": 1.52,
            "eps_latest_yearly": 0.2,
            "eps_growth_yearly": 259.54
        },
        "20133": {
            "year_quarter": 20133,
            "year": 2013,
            "quarter": 3,
            "eps": -0.49,
            "eps_growth_year": -324.75,
            "eps_4q": 0.15,
            "eps_4q_growth_year": null,
            "roe": -16.32,
            "roe_4q": 19.529999999999998,
            "gross_profit": -4348,
            "gross_margin": -14.1,
            "gross_margin_4q_avg": 21.76,
            "net_income": -18790,
            "net_income_4q": null,
            "revenue": 30839,
            "revenue_4q": null,
            "common_shares": 391336,
            "book_valuer_per_share": 3.1,
            "book_valuer_per_share_4q_avg": 2.86,
            "equity": 121428,
            "current_ratio": 287.8,
            "debt_ratio": 30.75,
            "inventory_turnover_ratio": 0.47,
            "account_receivable_turnover_ratio": 0.48,
            "reinvestment_rate": null,
            "research_to_sale_ratio": 9.27,
            "price_fair": 53.2,
            "eps_avg_yearly": 1.52,
            "eps_latest_yearly": 0.2,
            "eps_growth_yearly": 259.54
        },
        "20134": {
            "year_quarter": 20134,
            "year": 2013,
            "quarter": 4,
            "eps": -0.16,
            "eps_growth_year": -121.91,
            "eps_4q": -0.66,
            "eps_4q_growth_year": -217.86,
            "roe": -5.13,
            "roe_4q": -22.25,
            "gross_profit": 5857,
            "gross_margin": 15.65,
            "gross_margin_4q_avg": 14.73,
            "net_income": -6067,
            "net_income_4q": null,
            "revenue": 37432,
            "revenue_4q": null,
            "common_shares": 391336,
            "book_valuer_per_share": 2.94,
            "book_valuer_per_share_4q_avg": 3.02,
            "equity": 115116,
            "current_ratio": 239.48,
            "debt_ratio": 42.58,
            "inventory_turnover_ratio": 0.4,
            "account_receivable_turnover_ratio": 0.53,
            "reinvestment_rate": null,
            "research_to_sale_ratio": 5.05,
            "price_fair": 53.2,
            "eps_avg_yearly": 1.52,
            "eps_latest_yearly": 0.2,
            "eps_growth_yearly": 259.54
        },
        "20141": {
            "year_quarter": 20141,
            "year": 2014,
            "quarter": 1,
            "eps": -0.32,
            "eps_growth_year": -740,
            "eps_4q": -1.03,
            "eps_4q_growth_year": -222.38,
            "roe": -11.46,
            "roe_4q": -35.43,
            "gross_profit": -4377,
            "gross_margin": -13.04,
            "gross_margin_4q_avg": 3.91,
            "net_income": -12552,
            "net_income_4q": null,
            "revenue": 33572,
            "revenue_4q": null,
            "common_shares": 391336,
            "book_valuer_per_share": 2.66,
            "book_valuer_per_share_4q_avg": 2.93,
            "equity": 103938,
            "current_ratio": 314.9,
            "debt_ratio": 52.32,
            "inventory_turnover_ratio": 0.46,
            "account_receivable_turnover_ratio": 0.47,
            "reinvestment_rate": null,
            "research_to_sale_ratio": 1.11,
            "price_fair": 53.2,
            "eps_avg_yearly": 1.52,
            "eps_latest_yearly": 0.2,
            "eps_growth_yearly": 259.54
        },
        "20142": {
            "year_quarter": 20142,
            "year": 2014,
            "quarter": 2,
            "eps": -0.76,
            "eps_growth_year": null,
            "eps_4q": -1.71,
            "eps_4q_growth_year": -291.14,
            "roe": -32.92,
            "roe_4q": -65.83000000000001,
            "gross_profit": -7432,
            "gross_margin": -26.85,
            "gross_margin_4q_avg": -9.59,
            "net_income": -29568,
            "net_income_4q": null,
            "revenue": 27680,
            "revenue_4q": null,
            "common_shares": 391336,
            "book_valuer_per_share": 1.93,
            "book_valuer_per_share_4q_avg": 2.66,
            "equity": 75675,
            "current_ratio": 174.48,
            "debt_ratio": 50.62,
            "inventory_turnover_ratio": 0.45,
            "account_receivable_turnover_ratio": 0.5,
            "reinvestment_rate": null,
            "research_to_sale_ratio": 8.16,
            "price_fair": 53.2,
            "eps_avg_yearly": 1.52,
            "eps_latest_yearly": 0.2,
            "eps_growth_yearly": 259.54
        },
        "20143": {
            "year_quarter": 20143,
            "year": 2014,
            "quarter": 3,
            "eps": -0.78,
            "eps_growth_year": null,
            "eps_4q": -2.02,
            "eps_4q_growth_year": -1486.84,
            "roe": -51.18,
            "roe_4q": -100.69,
            "gross_profit": -17639,
            "gross_margin": -101.34,
            "gross_margin_4q_avg": -31.4,
            "net_income": -30683,
            "net_income_4q": null,
            "revenue": 17405,
            "revenue_4q": null,
            "common_shares": 391336,
            "book_valuer_per_share": 1.13,
            "book_valuer_per_share_4q_avg": 2.17,
            "equity": 44223,
            "current_ratio": 298.72,
            "debt_ratio": 70.7,
            "inventory_turnover_ratio": 0.51,
            "account_receivable_turnover_ratio": 0.43,
            "reinvestment_rate": null,
            "research_to_sale_ratio": 18.81,
            "price_fair": 53.2,
            "eps_avg_yearly": 1.52,
            "eps_latest_yearly": 0.2,
            "eps_growth_yearly": 259.54
        },
        "20144": {
            "year_quarter": 20144,
            "year": 2014,
            "quarter": 4,
            "eps": -0.46,
            "eps_growth_year": null,
            "eps_4q": -2.32,
            "eps_4q_growth_year": null,
            "roe": -51.37,
            "roe_4q": -146.93,
            "gross_profit": -9373,
            "gross_margin": -31.71,
            "gross_margin_4q_avg": -43.24,
            "net_income": -18077,
            "net_income_4q": null,
            "revenue": 29557,
            "revenue_4q": null,
            "common_shares": 391336,
            "book_valuer_per_share": 0.67,
            "book_valuer_per_share_4q_avg": 1.6,
            "equity": 26151,
            "current_ratio": 325.31,
            "debt_ratio": 80.03,
            "inventory_turnover_ratio": 0.72,
            "account_receivable_turnover_ratio": 0.8,
            "reinvestment_rate": null,
            "research_to_sale_ratio": 3.55,
            "price_fair": 53.2,
            "eps_avg_yearly": 1.52,
            "eps_latest_yearly": 0.2,
            "eps_growth_yearly": 259.54
        },
        "20151": {
            "year_quarter": 20151,
            "year": 2015,
            "quarter": 1,
            "eps": 0.04,
            "eps_growth_year": null,
            "eps_4q": -1.96,
            "eps_4q_growth_year": null,
            "roe": 5.48,
            "roe_4q": -129.99,
            "gross_profit": 10425,
            "gross_margin": 35.32,
            "gross_margin_4q_avg": -31.15,
            "net_income": 1499,
            "net_income_4q": null,
            "revenue": 29512,
            "revenue_4q": null,
            "common_shares": 391336,
            "book_valuer_per_share": 0.73,
            "book_valuer_per_share_4q_avg": 1.12,
            "equity": 28527,
            "current_ratio": 110.81,
            "debt_ratio": 78.3,
            "inventory_turnover_ratio": 0.43,
            "account_receivable_turnover_ratio": 0.72,
            "reinvestment_rate": null,
            "research_to_sale_ratio": 7.64,
            "price_fair": 53.2,
            "eps_avg_yearly": 1.52,
            "eps_latest_yearly": 0.2,
            "eps_growth_yearly": 259.54
        },
        "20152": {
            "year_quarter": 20152,
            "year": 2015,
            "quarter": 2,
            "eps": -0.19,
            "eps_growth_year": null,
            "eps_4q": -1.19,
            "eps_4q_growth_year": null,
            "roe": -15.8,
            "roe_4q": -112.87,
            "gross_profit": 3240,
            "gross_margin": 12.5,
            "gross_margin_4q_avg": -21.31,
            "net_income": -7419,
            "net_income_4q": null,
            "revenue": 25910,
            "revenue_4q": null,
            "common_shares": 461336,
            "book_valuer_per_share": 1.42,
            "book_valuer_per_share_4q_avg": 0.99,
            "equity": 65387,
            "current_ratio": 152.5,
            "debt_ratio": 57.98,
            "inventory_turnover_ratio": 0.45,
            "account_receivable_turnover_ratio": 0.64,
            "reinvestment_rate": null,
            "research_to_sale_ratio": 8.8,
            "price_fair": 53.2,
            "eps_avg_yearly": 1.52,
            "eps_latest_yearly": 0.2,
            "eps_growth_yearly": 259.54
        },
        "20153": {
            "year_quarter": 20153,
            "year": 2015,
            "quarter": 3,
            "eps": -0.04,
            "eps_growth_year": null,
            "eps_4q": -0.56,
            "eps_4q_growth_year": null,
            "roe": -2.85,
            "roe_4q": -64.53999999999999,
            "gross_profit": 6673,
            "gross_margin": 19.73,
            "gross_margin_4q_avg": 8.96,
            "net_income": -1838,
            "net_income_4q": null,
            "revenue": 33829,
            "revenue_4q": null,
            "common_shares": 461336,
            "book_valuer_per_share": 1.38,
            "book_valuer_per_share_4q_avg": 1.05,
            "equity": 63549,
            "current_ratio": 151.02,
            "debt_ratio": 58.88,
            "inventory_turnover_ratio": 0.48,
            "account_receivable_turnover_ratio": 0.81,
            "reinvestment_rate": null,
            "research_to_sale_ratio": 8.64,
            "price_fair": 53.2,
            "eps_avg_yearly": 1.52,
            "eps_latest_yearly": 0.2,
            "eps_growth_yearly": 259.54
        },
        "20154": {
            "year_quarter": 20154,
            "year": 2015,
            "quarter": 4,
            "eps": -0.43,
            "eps_growth_year": null,
            "eps_4q": -0.59,
            "eps_4q_growth_year": null,
            "roe": -36.1,
            "roe_4q": -49.269999999999996,
            "gross_profit": -2747,
            "gross_margin": -4.85,
            "gross_margin_4q_avg": 15.68,
            "net_income": -19862,
            "net_income_4q": null,
            "revenue": 56603,
            "revenue_4q": null,
            "common_shares": 464996,
            "book_valuer_per_share": 1,
            "book_valuer_per_share_4q_avg": 1.13,
            "equity": 46504,
            "current_ratio": 135.77,
            "debt_ratio": 65.51,
            "inventory_turnover_ratio": 1.23,
            "account_receivable_turnover_ratio": 1.67,
            "reinvestment_rate": null,
            "research_to_sale_ratio": 10.94,
            "price_fair": 53.2,
            "eps_avg_yearly": 1.52,
            "eps_latest_yearly": 0.2,
            "eps_growth_yearly": 259.54
        },
        "20161": {
            "year_quarter": 20161,
            "year": 2016,
            "quarter": 1,
            "eps": 0.11,
            "eps_growth_year": 175,
            "eps_4q": -0.52,
            "eps_4q_growth_year": null,
            "roe": 9.84,
            "roe_4q": -44.910000000000004,
            "gross_profit": 17933,
            "gross_margin": 32.22,
            "gross_margin_4q_avg": 14.9,
            "net_income": 4941,
            "net_income_4q": null,
            "revenue": 55652,
            "revenue_4q": null,
            "common_shares": 467576,
            "book_valuer_per_share": 1.15,
            "book_valuer_per_share_4q_avg": 1.24,
            "equity": 53883,
            "current_ratio": 137.39,
            "debt_ratio": 66.48,
            "inventory_turnover_ratio": 1.09,
            "account_receivable_turnover_ratio": 1.96,
            "reinvestment_rate": null,
            "research_to_sale_ratio": 6.27,
            "price_fair": 53.2,
            "eps_avg_yearly": 1.52,
            "eps_latest_yearly": 0.2,
            "eps_growth_yearly": 259.54
        },
        "20162": {
            "year_quarter": 20162,
            "year": 2016,
            "quarter": 2,
            "eps": -0.28,
            "eps_growth_year": null,
            "eps_4q": -0.63,
            "eps_4q_growth_year": null,
            "roe": -26.6,
            "roe_4q": -55.71,
            "gross_profit": 2158,
            "gross_margin": 5.84,
            "gross_margin_4q_avg": 13.24,
            "net_income": -12799,
            "net_income_4q": null,
            "revenue": 36975,
            "revenue_4q": null,
            "common_shares": 467576,
            "book_valuer_per_share": 0.9,
            "book_valuer_per_share_4q_avg": 1.11,
            "equity": 42365,
            "current_ratio": 136.24,
            "debt_ratio": 64.85,
            "inventory_turnover_ratio": 1.12,
            "account_receivable_turnover_ratio": 1.1,
            "reinvestment_rate": null,
            "research_to_sale_ratio": 13.54,
            "price_fair": 53.2,
            "eps_avg_yearly": 1.52,
            "eps_latest_yearly": 0.2,
            "eps_growth_yearly": 259.54
        },
        "20163": {
            "year_quarter": 20163,
            "year": 2016,
            "quarter": 3,
            "eps": 0.01,
            "eps_growth_year": null,
            "eps_4q": -1.75,
            "eps_4q_growth_year": null,
            "roe": 0.04,
            "roe_4q": -52.82000000000001,
            "gross_profit": 10625,
            "gross_margin": 30.63,
            "gross_margin_4q_avg": 15.96,
            "net_income": 139,
            "net_income_4q": null,
            "revenue": 34691,
            "revenue_4q": null,
            "common_shares": 157600,
            "book_valuer_per_share": 40.83,
            "book_valuer_per_share_4q_avg": 10.97,
            "equity": 643529,
            "current_ratio": 726.49,
            "debt_ratio": 13.55,
            "inventory_turnover_ratio": 0.74,
            "account_receivable_turnover_ratio": 1.19,
            "reinvestment_rate": null,
            "research_to_sale_ratio": 8.56,
            "price_fair": 53.2,
            "eps_avg_yearly": 1.52,
            "eps_latest_yearly": 0.2,
            "eps_growth_yearly": 259.54
        },
        "20164": {
            "year_quarter": 20164,
            "year": 2016,
            "quarter": 4,
            "eps": 2.38,
            "eps_growth_year": null,
            "eps_4q": 1.89,
            "eps_4q_growth_year": null,
            "roe": 5.64,
            "roe_4q": -11.080000000000002,
            "gross_profit": 46729,
            "gross_margin": 51.23,
            "gross_margin_4q_avg": 29.98,
            "net_income": 37431,
            "net_income_4q": null,
            "revenue": 91207,
            "revenue_4q": null,
            "common_shares": 157600,
            "book_valuer_per_share": 43.44,
            "book_valuer_per_share_4q_avg": 21.58,
            "equity": 684559,
            "current_ratio": 510.65,
            "debt_ratio": 17.14,
            "inventory_turnover_ratio": 1.5,
            "account_receivable_turnover_ratio": 3,
            "reinvestment_rate": null,
            "research_to_sale_ratio": 1.7,
            "price_fair": 170.1,
            "eps_avg_yearly": 4.86,
            "eps_latest_yearly": 9.52,
            "eps_growth_yearly": 47214.08
        },
        "20171": {
            "year_quarter": 20171,
            "year": 2017,
            "quarter": 1,
            "eps": 2.22,
            "eps_growth_year": 1918.18,
            "eps_4q": 3.8,
            "eps_4q_growth_year": null,
            "roe": 4.91,
            "roe_4q": -16.01,
            "gross_profit": 65808,
            "gross_margin": 52.81,
            "gross_margin_4q_avg": 35.13,
            "net_income": 36213,
            "net_income_4q": null,
            "revenue": 124610,
            "revenue_4q": null,
            "common_shares": 157600,
            "book_valuer_per_share": 45.57,
            "book_valuer_per_share_4q_avg": 32.69,
            "equity": 791045,
            "current_ratio": 87.66,
            "debt_ratio": 39.85,
            "inventory_turnover_ratio": 1.91,
            "account_receivable_turnover_ratio": 3.6,
            "reinvestment_rate": null,
            "research_to_sale_ratio": 1.83,
            "price_fair": 322,
            "eps_avg_yearly": 9.2,
            "eps_latest_yearly": 8.88,
            "eps_growth_yearly": 47386.55
        },
        "20172": {
            "year_quarter": 20172,
            "year": 2017,
            "quarter": 2,
            "eps": 2.5,
            "eps_growth_year": null,
            "eps_4q": 6.89,
            "eps_4q_growth_year": null,
            "roe": 5.54,
            "roe_4q": 16.13,
            "gross_profit": 118101,
            "gross_margin": 51.78,
            "gross_margin_4q_avg": 46.61,
            "net_income": 43930,
            "net_income_4q": null,
            "revenue": 228062,
            "revenue_4q": null,
            "common_shares": 157600,
            "book_valuer_per_share": 45.84,
            "book_valuer_per_share_4q_avg": 43.92,
            "equity": 796035,
            "current_ratio": 89.23,
            "debt_ratio": 41.19,
            "inventory_turnover_ratio": 2.92,
            "account_receivable_turnover_ratio": 6.06,
            "reinvestment_rate": null,
            "research_to_sale_ratio": 1.2,
            "price_fair": 331.33,
            "eps_avg_yearly": 9.47,
            "eps_latest_yearly": 10,
            "eps_growth_yearly": 31607.85
        },
        "20173": {
            "year_quarter": 20173,
            "year": 2017,
            "quarter": 3,
            "eps": 2.39,
            "eps_growth_year": 23800,
            "eps_4q": 9.26,
            "eps_4q_growth_year": null,
            "roe": 5.12,
            "roe_4q": 21.21,
            "gross_profit": 113044,
            "gross_margin": 50.1,
            "gross_margin_4q_avg": 51.48,
            "net_income": 39494,
            "net_income_4q": null,
            "revenue": 225631,
            "revenue_4q": null,
            "common_shares": 165480,
            "book_valuer_per_share": 45.03,
            "book_valuer_per_share_4q_avg": 44.97,
            "equity": 745192,
            "current_ratio": 69.12,
            "debt_ratio": 34.62,
            "inventory_turnover_ratio": 3,
            "account_receivable_turnover_ratio": 6.27,
            "reinvestment_rate": 1226.91,
            "research_to_sale_ratio": 0.9,
            "price_fair": 332.15,
            "eps_avg_yearly": 9.49,
            "eps_latest_yearly": 9.56,
            "eps_growth_yearly": 23701.49
        },
        "20174": {
            "year_quarter": 20174,
            "year": 2017,
            "quarter": 4,
            "eps": 2.24,
            "eps_growth_year": -5.65,
            "eps_4q": 9.24,
            "eps_4q_growth_year": 390.24,
            "roe": 4.86,
            "roe_4q": 20.43,
            "gross_profit": 109536,
            "gross_margin": 44.87,
            "gross_margin_4q_avg": 49.89,
            "net_income": 37081,
            "net_income_4q": null,
            "revenue": 244106,
            "revenue_4q": null,
            "common_shares": 165480,
            "book_valuer_per_share": 47.24,
            "book_valuer_per_share_4q_avg": 45.92,
            "equity": 781760,
            "current_ratio": 77.64,
            "debt_ratio": 37.96,
            "inventory_turnover_ratio": 4.22,
            "account_receivable_turnover_ratio": 7.79,
            "reinvestment_rate": 400.4,
            "research_to_sale_ratio": 0.98,
            "price_fair": 328.44,
            "eps_avg_yearly": 9.38,
            "eps_latest_yearly": 8.96,
            "eps_growth_yearly": 18956.17
        },
        "20181": {
            "year_quarter": 20181,
            "year": 2018,
            "quarter": 1,
            "eps": 2.01,
            "eps_growth_year": -9.46,
            "eps_4q": 9.1,
            "eps_4q_growth_year": 139.58,
            "roe": 4.22,
            "roe_4q": 19.74,
            "gross_profit": 111552,
            "gross_margin": 50.84,
            "gross_margin_4q_avg": 49.4,
            "net_income": 33955,
            "net_income_4q": null,
            "revenue": 219400,
            "revenue_4q": null,
            "common_shares": 166280,
            "book_valuer_per_share": 49.32,
            "book_valuer_per_share_4q_avg": 46.86,
            "equity": 825658,
            "current_ratio": 81.83,
            "debt_ratio": 30.78,
            "inventory_turnover_ratio": 3.32,
            "account_receivable_turnover_ratio": 5.03,
            "reinvestment_rate": 227.95,
            "research_to_sale_ratio": 1.03,
            "price_fair": 320.6,
            "eps_avg_yearly": 9.16,
            "eps_latest_yearly": 8.04,
            "eps_growth_yearly": 15789.96
        },
        "20182": {
            "year_quarter": 20182,
            "year": 2018,
            "quarter": 2,
            "eps": 1.56,
            "eps_growth_year": -37.6,
            "eps_4q": 7.86,
            "eps_4q_growth_year": 14.12,
            "roe": 3.51,
            "roe_4q": 17.71,
            "gross_profit": 116478,
            "gross_margin": 51.28,
            "gross_margin_4q_avg": 49.27,
            "net_income": 27544,
            "net_income_4q": null,
            "revenue": 227148,
            "revenue_4q": null,
            "common_shares": 166280,
            "book_valuer_per_share": 44.45,
            "book_valuer_per_share_4q_avg": 46.51,
            "equity": 744835,
            "current_ratio": 71.57,
            "debt_ratio": 46.05,
            "inventory_turnover_ratio": 2.58,
            "account_receivable_turnover_ratio": 5.06,
            "reinvestment_rate": 169.69,
            "research_to_sale_ratio": 1.56,
            "price_fair": 306,
            "eps_avg_yearly": 8.74,
            "eps_latest_yearly": 6.24,
            "eps_growth_yearly": 13521.46
        },
        "20183": {
            "year_quarter": 20183,
            "year": 2018,
            "quarter": 3,
            "eps": 1.42,
            "eps_growth_year": -40.59,
            "eps_4q": 7.09,
            "eps_4q_growth_year": -23.45,
            "roe": 3.4,
            "roe_4q": 15.989999999999998,
            "gross_profit": 101255,
            "gross_margin": 44.22,
            "gross_margin_4q_avg": 47.8,
            "net_income": 25366,
            "net_income_4q": null,
            "revenue": 228975,
            "revenue_4q": null,
            "common_shares": 174594,
            "book_valuer_per_share": 42.93,
            "book_valuer_per_share_4q_avg": 45.99,
            "equity": 747400,
            "current_ratio": 58.92,
            "debt_ratio": 37.46,
            "inventory_turnover_ratio": 2.24,
            "account_receivable_turnover_ratio": 5.96,
            "reinvestment_rate": 131.36,
            "research_to_sale_ratio": 1.34,
            "price_fair": 292.6,
            "eps_avg_yearly": 8.36,
            "eps_latest_yearly": 5.68,
            "eps_growth_yearly": 11826.79
        },
        "20184": {
            "year_quarter": 20184,
            "year": 2018,
            "quarter": 4,
            "eps": 2.29,
            "eps_growth_year": 2.26,
            "eps_4q": 7.23,
            "eps_4q_growth_year": -21.73,
            "roe": 5.16,
            "roe_4q": 16.29,
            "gross_profit": 101290,
            "gross_margin": 41.85,
            "gross_margin_4q_avg": 47.05,
            "net_income": 39589,
            "net_income_4q": null,
            "revenue": 242056,
            "revenue_4q": null,
            "common_shares": 174594,
            "book_valuer_per_share": 45.21,
            "book_valuer_per_share_4q_avg": 45.48,
            "equity": 786812,
            "current_ratio": 69.75,
            "debt_ratio": 40.09,
            "inventory_turnover_ratio": 2.3,
            "account_receivable_turnover_ratio": 4.15,
            "reinvestment_rate": 104.13,
            "research_to_sale_ratio": 2.41,
            "price_fair": 295.71,
            "eps_avg_yearly": 8.45,
            "eps_latest_yearly": 9.16,
            "eps_growth_yearly": 10539.93
        },
        "20191": {
            "year_quarter": 20191,
            "year": 2019,
            "quarter": 1,
            "eps": 1.25,
            "eps_growth_year": -37.81,
            "eps_4q": 6.55,
            "eps_4q_growth_year": -27.97,
            "roe": 2.73,
            "roe_4q": 14.8,
            "gross_profit": 93786,
            "gross_margin": 43.68,
            "gross_margin_4q_avg": 45.26,
            "net_income": 21798,
            "net_income_4q": null,
            "revenue": 214710,
            "revenue_4q": null,
            "common_shares": 174594,
            "book_valuer_per_share": 46.5,
            "book_valuer_per_share_4q_avg": 44.77,
            "equity": 809350,
            "current_ratio": 59.11,
            "debt_ratio": 46.86,
            "inventory_turnover_ratio": 2.36,
            "account_receivable_turnover_ratio": 3.01,
            "reinvestment_rate": 97.38,
            "research_to_sale_ratio": 2.34,
            "price_fair": 283.64,
            "eps_avg_yearly": 8.1,
            "eps_latest_yearly": 5,
            "eps_growth_yearly": 9467.77
        },
        "20192": {
            "year_quarter": 20192,
            "year": 2019,
            "quarter": 2,
            "eps": 0.66,
            "eps_growth_year": -57.69,
            "eps_4q": 5.63,
            "eps_4q_growth_year": -28.3,
            "roe": 1.42,
            "roe_4q": 12.71,
            "gross_profit": 92582,
            "gross_margin": 43.33,
            "gross_margin_4q_avg": 43.27,
            "net_income": 11054,
            "net_income_4q": null,
            "revenue": 213669,
            "revenue_4q": null,
            "common_shares": 174594,
            "book_valuer_per_share": 43.14,
            "book_valuer_per_share_4q_avg": 44.45,
            "equity": 749591,
            "current_ratio": 53.11,
            "debt_ratio": 51.28,
            "inventory_turnover_ratio": 2.99,
            "account_receivable_turnover_ratio": 3.51,
            "reinvestment_rate": 95.61,
            "research_to_sale_ratio": 3.1,
            "price_fair": 266.25,
            "eps_avg_yearly": 7.61,
            "eps_latest_yearly": 2.64,
            "eps_growth_yearly": 8589.9
        },
        "20193": {
            "year_quarter": 20193,
            "year": 2019,
            "quarter": 3,
            "eps": 1.54,
            "eps_growth_year": 8.45,
            "eps_4q": 5.74,
            "eps_4q_growth_year": -19.03,
            "roe": 3.55,
            "roe_4q": 12.86,
            "gross_profit": 107216,
            "gross_margin": 47.13,
            "gross_margin_4q_avg": 44,
            "net_income": 27076,
            "net_income_4q": null,
            "revenue": 227478,
            "revenue_4q": null,
            "common_shares": 174594,
            "book_valuer_per_share": 44.62,
            "book_valuer_per_share_4q_avg": 44.87,
            "equity": 775631,
            "current_ratio": 51.42,
            "debt_ratio": 47.57,
            "inventory_turnover_ratio": 3.54,
            "account_receivable_turnover_ratio": 4.49,
            "reinvestment_rate": 87.6,
            "research_to_sale_ratio": 3.09,
            "price_fair": 262.03,
            "eps_avg_yearly": 7.49,
            "eps_latest_yearly": 6.16,
            "eps_growth_yearly": 7918.52
        },
        "20194": {
            "year_quarter": 20194,
            "year": 2019,
            "quarter": 4,
            "eps": 0.96,
            "eps_growth_year": -58.12,
            "eps_4q": 4.41,
            "eps_4q_growth_year": -39.04,
            "roe": 2.18,
            "roe_4q": 9.88,
            "gross_profit": 101388,
            "gross_margin": 44.91,
            "gross_margin_4q_avg": 44.76,
            "net_income": 17049,
            "net_income_4q": null,
            "revenue": 225753,
            "revenue_4q": null,
            "common_shares": 174594,
            "book_valuer_per_share": 45.52,
            "book_valuer_per_share_4q_avg": 44.95,
            "equity": 791546,
            "current_ratio": 56.87,
            "debt_ratio": 46.82,
            "inventory_turnover_ratio": 4.73,
            "account_receivable_turnover_ratio": 4.2,
            "reinvestment_rate": 78.25,
            "research_to_sale_ratio": 4,
            "price_fair": 252.22,
            "eps_avg_yearly": 7.21,
            "eps_latest_yearly": 3.84,
            "eps_growth_yearly": 7297.82
        },
        "20201": {
            "year_quarter": 20201,
            "year": 2020,
            "quarter": 1,
            "eps": 0.82,
            "eps_growth_year": -34.4,
            "eps_4q": 3.98,
            "eps_4q_growth_year": -39.31,
            "roe": 1.79,
            "roe_4q": 8.94,
            "gross_profit": 88904,
            "gross_margin": 44.47,
            "gross_margin_4q_avg": 44.96,
            "net_income": 14341,
            "net_income_4q": null,
            "revenue": 199927,
            "revenue_4q": null,
            "common_shares": 174594,
            "book_valuer_per_share": 46.32,
            "book_valuer_per_share_4q_avg": 44.9,
            "equity": 809614,
            "current_ratio": 55.01,
            "debt_ratio": 42.71,
            "inventory_turnover_ratio": 4.48,
            "account_receivable_turnover_ratio": 3.52,
            "reinvestment_rate": 77.28,
            "research_to_sale_ratio": 3.31,
            "price_fair": 242.4,
            "eps_avg_yearly": 6.93,
            "eps_latest_yearly": 3.28,
            "eps_growth_yearly": 6772.38
        },
        "20202": {
            "year_quarter": 20202,
            "year": 2020,
            "quarter": 2,
            "eps": 0.45,
            "eps_growth_year": -31.82,
            "eps_4q": 3.49,
            "eps_4q_growth_year": -37.97,
            "roe": 1.03,
            "roe_4q": 8.55,
            "gross_profit": 95711,
            "gross_margin": 45.39,
            "gross_margin_4q_avg": 45.48,
            "net_income": 8203,
            "net_income_4q": null,
            "revenue": 210877,
            "revenue_4q": null,
            "common_shares": 174594,
            "book_valuer_per_share": 45.04,
            "book_valuer_per_share_4q_avg": 45.38,
            "equity": 778439,
            "current_ratio": 59.23,
            "debt_ratio": 46.47,
            "inventory_turnover_ratio": 3.65,
            "account_receivable_turnover_ratio": 3.66,
            "reinvestment_rate": 72.84,
            "research_to_sale_ratio": 3.55,
            "price_fair": 230.44,
            "eps_avg_yearly": 6.58,
            "eps_latest_yearly": 1.8,
            "eps_growth_yearly": 6308.85
        },
        "20203": {
            "year_quarter": 20203,
            "year": 2020,
            "quarter": 3,
            "eps": 1.65,
            "eps_growth_year": 7.14,
            "eps_4q": 3.74,
            "eps_4q_growth_year": -34.94,
            "roe": 4.03,
            "roe_4q": 9.030000000000001,
            "gross_profit": 98398,
            "gross_margin": 51.81,
            "gross_margin_4q_avg": 46.65,
            "net_income": 31830,
            "net_income_4q": null,
            "revenue": 189907,
            "revenue_4q": null,
            "common_shares": 191854,
            "book_valuer_per_share": 42.44,
            "book_valuer_per_share_4q_avg": 44.83,
            "equity": 801816,
            "current_ratio": 53.38,
            "debt_ratio": 33.32,
            "inventory_turnover_ratio": 4.9,
            "account_receivable_turnover_ratio": 4.46,
            "reinvestment_rate": 65.03,
            "research_to_sale_ratio": 0,
            "price_fair": 230.48,
            "eps_avg_yearly": 6.59,
            "eps_latest_yearly": 6.6,
            "eps_growth_yearly": 5981.22
        },
        "20204": {
            "year_quarter": 20204,
            "year": 2020,
            "quarter": 4,
            "eps": 0.45,
            "eps_growth_year": -52.67,
            "eps_4q": 3.31,
            "eps_4q_growth_year": -24.97,
            "roe": 1.06,
            "roe_4q": 7.91,
            "gross_profit": 88959,
            "gross_margin": 50.64,
            "gross_margin_4q_avg": 48.08,
            "net_income": 8539,
            "net_income_4q": null,
            "revenue": 175686,
            "revenue_4q": null,
            "common_shares": 191854,
            "book_valuer_per_share": 42.95,
            "book_valuer_per_share_4q_avg": 44.19,
            "equity": 811447,
            "current_ratio": 63.17,
            "debt_ratio": 35.78,
            "inventory_turnover_ratio": 34.18,
            "account_receivable_turnover_ratio": 9.2,
            "reinvestment_rate": 46.74,
            "research_to_sale_ratio": 0,
            "price_fair": 213.59,
            "eps_avg_yearly": 6.1,
            "eps_latest_yearly": 1.8,
            "eps_growth_yearly": 38.04
        },
        "20211": {
            "year_quarter": 20211,
            "year": 2021,
            "quarter": 1,
            "eps": 0.79,
            "eps_growth_year": -3.66,
            "eps_4q": 3.36,
            "eps_4q_growth_year": -15.47,
            "roe": 1.81,
            "roe_4q": 7.930000000000001,
            "gross_profit": 75752,
            "gross_margin": 48.45,
            "gross_margin_4q_avg": 49.07,
            "net_income": 14811,
            "net_income_4q": null,
            "revenue": 156348,
            "revenue_4q": null,
            "common_shares": 191854,
            "book_valuer_per_share": 43.69,
            "book_valuer_per_share_4q_avg": 43.53,
            "equity": 822189,
            "current_ratio": 59.01,
            "debt_ratio": 34.2,
            "inventory_turnover_ratio": 32.56,
            "account_receivable_turnover_ratio": 11.96,
            "reinvestment_rate": 6.17,
            "research_to_sale_ratio": 0,
            "price_fair": 201.08,
            "eps_avg_yearly": 5.75,
            "eps_latest_yearly": 3.16,
            "eps_growth_yearly": 58.6
        },
        "20212": {
            "year_quarter": 20212,
            "year": 2021,
            "quarter": 2,
            "eps": 0.47,
            "eps_growth_year": 4.44,
            "eps_4q": 3.38,
            "eps_4q_growth_year": -3.43,
            "roe": 1.11,
            "roe_4q": 8.01,
            "gross_profit": 72206,
            "gross_margin": 47.35,
            "gross_margin_4q_avg": 49.56,
            "net_income": 8672,
            "net_income_4q": null,
            "revenue": 152502,
            "revenue_4q": null,
            "common_shares": 191854,
            "book_valuer_per_share": 39.62,
            "book_valuer_per_share_4q_avg": 42.18,
            "equity": 745291,
            "current_ratio": 69.1,
            "debt_ratio": 43.37,
            "inventory_turnover_ratio": 35.11,
            "account_receivable_turnover_ratio": 14.4,
            "reinvestment_rate": 7.77,
            "research_to_sale_ratio": 0,
            "price_fair": 183.31,
            "eps_avg_yearly": 5.24,
            "eps_latest_yearly": 1.88,
            "eps_growth_yearly": 45.33
        },
        "20213": {
            "year_quarter": 20213,
            "year": 2021,
            "quarter": 3,
            "eps": 1.23,
            "eps_growth_year": -25.45,
            "eps_4q": 2.93,
            "eps_4q_growth_year": -21.67,
            "roe": 3.06,
            "roe_4q": 7.040000000000001,
            "gross_profit": 85172,
            "gross_margin": 48.85,
            "gross_margin_4q_avg": 48.82,
            "net_income": 23305,
            "net_income_4q": null,
            "revenue": 174359,
            "revenue_4q": null,
            "common_shares": 191004,
            "book_valuer_per_share": 41.02,
            "book_valuer_per_share_4q_avg": 41.82,
            "equity": 779844,
            "current_ratio": 67.25,
            "debt_ratio": 35.21,
            "inventory_turnover_ratio": 41.83,
            "account_receivable_turnover_ratio": 16.71,
            "reinvestment_rate": 6.3,
            "research_to_sale_ratio": 0,
            "price_fair": 173.16,
            "eps_avg_yearly": 4.95,
            "eps_latest_yearly": 4.92,
            "eps_growth_yearly": 86.85
        },
        "20214": {
            "year_quarter": 20214,
            "year": 2021,
            "quarter": 4,
            "eps": 0.53,
            "eps_growth_year": 17.27,
            "eps_4q": 3.01,
            "eps_4q_growth_year": -9.12,
            "roe": 1.25,
            "roe_4q": 7.23,
            "gross_profit": 87391,
            "gross_margin": 48.9,
            "gross_margin_4q_avg": 48.39,
            "net_income": 9835,
            "net_income_4q": null,
            "revenue": 178711,
            "revenue_4q": null,
            "common_shares": 191004,
            "book_valuer_per_share": 41.56,
            "book_valuer_per_share_4q_avg": 41.47,
            "equity": 789792,
            "current_ratio": 75.54,
            "debt_ratio": 34.98,
            "inventory_turnover_ratio": 33.69,
            "account_receivable_turnover_ratio": 19.87,
            "reinvestment_rate": 3.62,
            "research_to_sale_ratio": 0,
            "price_fair": 158.2,
            "eps_avg_yearly": 4.52,
            "eps_latest_yearly": 2.12,
            "eps_growth_yearly": 74.19
        },
        "20221": {
            "year_quarter": 20221,
            "year": 2022,
            "quarter": 1,
            "eps": 0.84,
            "eps_growth_year": 6.33,
            "eps_4q": 3.06,
            "eps_4q_growth_year": -8.89,
            "roe": 2,
            "roe_4q": 7.420000000000001,
            "gross_profit": 75048,
            "gross_margin": 48.04,
            "gross_margin_4q_avg": 48.29,
            "net_income": 15993,
            "net_income_4q": null,
            "revenue": 156229,
            "revenue_4q": null,
            "common_shares": 191004,
            "book_valuer_per_share": 42.4,
            "book_valuer_per_share_4q_avg": 41.15,
            "equity": 805795,
            "current_ratio": 75.19,
            "debt_ratio": 34.27,
            "inventory_turnover_ratio": 24.99,
            "account_receivable_turnover_ratio": 19.81,
            "reinvestment_rate": 5.12,
            "research_to_sale_ratio": null,
            "price_fair": 147.96,
            "eps_avg_yearly": 4.23,
            "eps_latest_yearly": 3.36,
            "eps_growth_yearly": 91.38
        },
        "20222": {
            "year_quarter": 20222,
            "year": 2022,
            "quarter": 2,
            "eps": 0.59,
            "eps_growth_year": 25.53,
            "eps_4q": 3.19,
            "eps_4q_growth_year": -5.47,
            "roe": 1.45,
            "roe_4q": 7.76,
            "gross_profit": 75499,
            "gross_margin": 48.6,
            "gross_margin_4q_avg": 48.6,
            "net_income": 11316,
            "net_income_4q": null,
            "revenue": 155352,
            "revenue_4q": null,
            "common_shares": 191004,
            "book_valuer_per_share": 39.99,
            "book_valuer_per_share_4q_avg": 41.24,
            "equity": 759074,
            "current_ratio": 69.01,
            "debt_ratio": 42.85,
            "inventory_turnover_ratio": 26.06,
            "account_receivable_turnover_ratio": 21.96,
            "reinvestment_rate": -4,
            "research_to_sale_ratio": null,
            "price_fair": 139.48,
            "eps_avg_yearly": 3.99,
            "eps_latest_yearly": 2.36,
            "eps_growth_yearly": 89.54
        },
        "20223": {
            "year_quarter": 20223,
            "year": 2022,
            "quarter": 3,
            "eps": 1.68,
            "eps_growth_year": 36.59,
            "eps_4q": 3.65,
            "eps_4q_growth_year": 24.62,
            "roe": 4.13,
            "roe_4q": 8.83,
            "gross_profit": 107063,
            "gross_margin": 53.88,
            "gross_margin_4q_avg": 49.86,
            "net_income": 31994,
            "net_income_4q": null,
            "revenue": 198724,
            "revenue_4q": null,
            "common_shares": 191004,
            "book_valuer_per_share": 41.68,
            "book_valuer_per_share_4q_avg": 41.41,
            "equity": 791068,
            "current_ratio": 66.37,
            "debt_ratio": 38.17,
            "inventory_turnover_ratio": 31.85,
            "account_receivable_turnover_ratio": 29.48,
            "reinvestment_rate": -4.06,
            "research_to_sale_ratio": null,
            "price_fair": 141.75,
            "eps_avg_yearly": 4.05,
            "eps_latest_yearly": 6.72,
            "eps_growth_yearly": 137.97
        },
        "20224": {
            "year_quarter": 20224,
            "year": 2022,
            "quarter": 4,
            "eps": 1.05,
            "eps_growth_year": 96.35,
            "eps_4q": 4.16,
            "eps_4q_growth_year": 38.32,
            "roe": 2.49,
            "roe_4q": 10.07,
            "gross_profit": 94591,
            "gross_margin": 49.28,
            "gross_margin_4q_avg": 49.95,
            "net_income": 19958,
            "net_income_4q": null,
            "revenue": 191952,
            "revenue_4q": null,
            "common_shares": 191004,
            "book_valuer_per_share": 42.71,
            "book_valuer_per_share_4q_avg": 41.7,
            "equity": 810870,
            "current_ratio": 71.92,
            "debt_ratio": 38.31,
            "inventory_turnover_ratio": 34.82,
            "account_receivable_turnover_ratio": 28.53,
            "reinvestment_rate": 8.34,
            "research_to_sale_ratio": null,
            "price_fair": 130.9,
            "eps_avg_yearly": 3.74,
            "eps_latest_yearly": 4.2,
            "eps_growth_yearly": 113.28
        },
        "20231": {
            "year_quarter": 20231,
            "year": 2023,
            "quarter": 1,
            "eps": 0.96,
            "eps_growth_year": 14.29,
            "eps_4q": 4.28,
            "eps_4q_growth_year": 39.76,
            "roe": 2.32,
            "roe_4q": 10.39,
            "gross_profit": 83479,
            "gross_margin": 49.57,
            "gross_margin_4q_avg": 50.33,
            "net_income": 18311,
            "net_income_4q": null,
            "revenue": 168417,
            "revenue_4q": null,
            "common_shares": 191004,
            "book_valuer_per_share": 40.37,
            "book_valuer_per_share_4q_avg": 41.19,
            "equity": 766738,
            "current_ratio": 63.13,
            "debt_ratio": 40.18,
            "inventory_turnover_ratio": 29.5,
            "account_receivable_turnover_ratio": 32.06,
            "reinvestment_rate": 8.98,
            "research_to_sale_ratio": null,
            "price_fair": 128.36,
            "eps_avg_yearly": 3.67,
            "eps_latest_yearly": 3.84,
            "eps_growth_yearly": 122.49
        },
        "20232": {
            "year_quarter": 20232,
            "year": 2023,
            "quarter": 2,
            "eps": 0.93,
            "eps_growth_year": 57.63,
            "eps_4q": 4.62,
            "eps_4q_growth_year": 44.92,
            "roe": 2.31,
            "roe_4q": 11.25,
            "gross_profit": 92105,
            "gross_margin": 52.26,
            "gross_margin_4q_avg": 51.25,
            "net_income": 17943,
            "net_income_4q": null,
            "revenue": 176258,
            "revenue_4q": null,
            "common_shares": 191004,
            "book_valuer_per_share": 41.31,
            "book_valuer_per_share_4q_avg": 41.52,
            "equity": 784166,
            "current_ratio": 70.24,
            "debt_ratio": 41.03,
            "inventory_turnover_ratio": 26.13,
            "account_receivable_turnover_ratio": 41.35,
            "reinvestment_rate": 2.9,
            "research_to_sale_ratio": null,
            "price_fair": 130.73,
            "eps_avg_yearly": 3.74,
            "eps_latest_yearly": 3.72,
            "eps_growth_yearly": 133.51
        },
        "20233": {
            "year_quarter": 20233,
            "year": 2023,
            "quarter": 3,
            "eps": 1.79,
            "eps_growth_year": 6.55,
            "eps_4q": 4.73,
            "eps_4q_growth_year": 29.73,
            "roe": 4.16,
            "roe_4q": 11.280000000000001,
            "gross_profit": 118984,
            "gross_margin": 55.9,
            "gross_margin_4q_avg": 51.75,
            "net_income": 33341,
            "net_income_4q": null,
            "revenue": 212862,
            "revenue_4q": null,
            "common_shares": 191004,
            "book_valuer_per_share": 43.1,
            "book_valuer_per_share_4q_avg": 41.87,
            "equity": 820325,
            "current_ratio": 75.54,
            "debt_ratio": 36.69,
            "inventory_turnover_ratio": 25.59,
            "account_receivable_turnover_ratio": 28.27,
            "reinvestment_rate": 1.31,
            "research_to_sale_ratio": null,
            "price_fair": 132.91,
            "eps_avg_yearly": 3.8,
            "eps_latest_yearly": 7.16,
            "eps_growth_yearly": 123.29
        }
    },
    "months": {
        "2002-03": {
            "month": "2002-03",
            "price": "38.94",
            "revenue": 44374
        },
        "2002-04": {
            "month": "2002-04",
            "price": "33.68",
            "revenue": 17261
        },
        "2002-05": {
            "month": "2002-05",
            "price": "21.31",
            "revenue": 14052
        },
        "2002-06": {
            "month": "2002-06",
            "price": "19.14",
            "revenue": 5786
        },
        "2002-07": {
            "month": "2002-07",
            "price": "16.69",
            "revenue": 11048
        },
        "2002-08": {
            "month": "2002-08",
            "price": "13.69",
            "revenue": 5157
        },
        "2002-09": {
            "month": "2002-09",
            "price": "11.72",
            "revenue": 5412
        },
        "2002-10": {
            "month": "2002-10",
            "price": "12.80",
            "revenue": 9452
        },
        "2002-11": {
            "month": "2002-11",
            "price": "12.47",
            "revenue": 13079
        },
        "2002-12": {
            "month": "2002-12",
            "price": "11.65",
            "revenue": 14465
        },
        "2003-01": {
            "month": "2003-01",
            "price": "13.21",
            "revenue": 25807
        },
        "2003-02": {
            "month": "2003-02",
            "price": "13.86",
            "revenue": 15433
        },
        "2003-03": {
            "month": "2003-03",
            "price": "12.56",
            "revenue": 10552
        },
        "2003-04": {
            "month": "2003-04",
            "price": "11.52",
            "revenue": 17483
        },
        "2003-05": {
            "month": "2003-05",
            "price": "7.39",
            "revenue": 9474
        },
        "2003-06": {
            "month": "2003-06",
            "price": "9.65",
            "revenue": 17142
        },
        "2003-07": {
            "month": "2003-07",
            "price": "10.01",
            "revenue": 14070
        },
        "2003-08": {
            "month": "2003-08",
            "price": "8.94",
            "revenue": 20131
        },
        "2003-09": {
            "month": "2003-09",
            "price": "7.79",
            "revenue": 13921
        },
        "2003-10": {
            "month": "2003-10",
            "price": "7.91",
            "revenue": 15741
        },
        "2003-11": {
            "month": "2003-11",
            "price": "7.94",
            "revenue": 9228
        },
        "2003-12": {
            "month": "2003-12",
            "price": "7.89",
            "revenue": 8752
        },
        "2004-01": {
            "month": "2004-01",
            "price": "8.08",
            "revenue": 12695
        },
        "2004-02": {
            "month": "2004-02",
            "price": "9.32",
            "revenue": 9478
        },
        "2004-03": {
            "month": "2004-03",
            "price": "8.84",
            "revenue": 12546
        },
        "2004-04": {
            "month": "2004-04",
            "price": "8.78",
            "revenue": 10144
        },
        "2004-05": {
            "month": "2004-05",
            "price": "5.92",
            "revenue": 8486
        },
        "2004-06": {
            "month": "2004-06",
            "price": "4.49",
            "revenue": 10529
        },
        "2004-07": {
            "month": "2004-07",
            "price": "3.65",
            "revenue": 14418
        },
        "2004-08": {
            "month": "2004-08",
            "price": "3.51",
            "revenue": 11970
        },
        "2004-09": {
            "month": "2004-09",
            "price": "3.01",
            "revenue": 7152
        },
        "2004-10": {
            "month": "2004-10",
            "price": "2.95",
            "revenue": 8559
        },
        "2004-11": {
            "month": "2004-11",
            "price": "4.47",
            "revenue": 8290
        },
        "2004-12": {
            "month": "2004-12",
            "price": "4.03",
            "revenue": 7047
        },
        "2005-01": {
            "month": "2005-01",
            "price": "4.71",
            "revenue": 10125
        },
        "2005-02": {
            "month": "2005-02",
            "price": "5.43",
            "revenue": 8855
        },
        "2005-03": {
            "month": "2005-03",
            "price": "5.08",
            "revenue": 11774
        },
        "2005-04": {
            "month": "2005-04",
            "price": "4.29",
            "revenue": 7472
        },
        "2005-05": {
            "month": "2005-05",
            "price": "3.87",
            "revenue": 9467
        },
        "2005-06": {
            "month": "2005-06",
            "price": "4.16",
            "revenue": 5014
        },
        "2005-07": {
            "month": "2005-07",
            "price": "5.62",
            "revenue": 7794
        },
        "2005-08": {
            "month": "2005-08",
            "price": "4.50",
            "revenue": 7851
        },
        "2005-09": {
            "month": "2005-09",
            "price": "2.56",
            "revenue": 6620
        },
        "2005-10": {
            "month": "2005-10",
            "price": "1.56",
            "revenue": 9082
        },
        "2005-11": {
            "month": "2005-11",
            "price": "1.70",
            "revenue": 7060
        },
        "2005-12": {
            "month": "2005-12",
            "price": "2.24",
            "revenue": 4911
        },
        "2006-01": {
            "month": "2006-01",
            "price": "2.20",
            "revenue": 7296
        },
        "2006-02": {
            "month": "2006-02",
            "price": "2.11",
            "revenue": 7528
        },
        "2006-03": {
            "month": "2006-03",
            "price": "2.04",
            "revenue": 12292
        },
        "2006-04": {
            "month": "2006-04",
            "price": "1.62",
            "revenue": 9547
        },
        "2006-05": {
            "month": "2006-05",
            "price": "1.58",
            "revenue": 10435
        },
        "2006-06": {
            "month": "2006-06",
            "price": "2.04",
            "revenue": 12295
        },
        "2006-07": {
            "month": "2006-07",
            "price": "1.52",
            "revenue": 5644
        },
        "2006-08": {
            "month": "2006-08",
            "price": "1.47",
            "revenue": 10356
        },
        "2006-09": {
            "month": "2006-09",
            "price": "0.95",
            "revenue": 7953
        },
        "2006-10": {
            "month": "2006-10",
            "price": "0.94",
            "revenue": 5831
        },
        "2006-11": {
            "month": "2006-11",
            "price": "1.06",
            "revenue": 4161
        },
        "2006-12": {
            "month": "2006-12",
            "price": "2.08",
            "revenue": 17525
        },
        "2007-01": {
            "month": "2007-01",
            "price": "2.85",
            "revenue": 5609
        },
        "2007-02": {
            "month": "2007-02",
            "price": "3.27",
            "revenue": 10744
        },
        "2007-03": {
            "month": "2007-03",
            "price": "6.26",
            "revenue": 9304
        },
        "2007-04": {
            "month": "2007-04",
            "price": "6.50",
            "revenue": 15019
        },
        "2007-05": {
            "month": "2007-05",
            "price": "5.12",
            "revenue": 13741
        },
        "2007-06": {
            "month": "2007-06",
            "price": "5.67",
            "revenue": 7591
        },
        "2007-07": {
            "month": "2007-07",
            "price": "5.06",
            "revenue": 3999
        },
        "2007-08": {
            "month": "2007-08",
            "price": "4.04",
            "revenue": 9905
        },
        "2007-09": {
            "month": "2007-09",
            "price": "3.52",
            "revenue": 2437
        },
        "2007-10": {
            "month": "2007-10",
            "price": "2.43",
            "revenue": 4335
        },
        "2007-11": {
            "month": "2007-11",
            "price": "2.52",
            "revenue": 5824
        },
        "2007-12": {
            "month": "2007-12",
            "price": "2.22",
            "revenue": 3667
        },
        "2008-01": {
            "month": "2008-01",
            "price": "2.31",
            "revenue": 4570
        },
        "2008-02": {
            "month": "2008-02",
            "price": "2.41",
            "revenue": 2441
        },
        "2008-03": {
            "month": "2008-03",
            "price": "2.07",
            "revenue": 4757
        },
        "2008-04": {
            "month": "2008-04",
            "price": "2.96",
            "revenue": 7775
        },
        "2008-05": {
            "month": "2008-05",
            "price": "2.93",
            "revenue": 4076
        },
        "2008-06": {
            "month": "2008-06",
            "price": "2.81",
            "revenue": 5332
        },
        "2008-07": {
            "month": "2008-07",
            "price": "2.13",
            "revenue": 8574
        },
        "2008-08": {
            "month": "2008-08",
            "price": "1.94",
            "revenue": 9088
        },
        "2008-09": {
            "month": "2008-09",
            "price": "1.74",
            "revenue": 10752
        },
        "2008-10": {
            "month": "2008-10",
            "price": "1.37",
            "revenue": 11149
        },
        "2008-11": {
            "month": "2008-11",
            "price": "1.39",
            "revenue": 13366
        },
        "2008-12": {
            "month": "2008-12",
            "price": "1.62",
            "revenue": 11466
        },
        "2009-01": {
            "month": "2009-01",
            "price": "1.86",
            "revenue": 9987
        },
        "2009-02": {
            "month": "2009-02",
            "price": "1.86",
            "revenue": 12004
        },
        "2009-03": {
            "month": "2009-03",
            "price": "2.38",
            "revenue": 15078
        },
        "2009-04": {
            "month": "2009-04",
            "price": "2.19",
            "revenue": 15178
        },
        "2009-05": {
            "month": "2009-05",
            "price": "2.06",
            "revenue": 15499
        },
        "2009-06": {
            "month": "2009-06",
            "price": "1.97",
            "revenue": 16283
        },
        "2009-07": {
            "month": "2009-07",
            "price": "1.86",
            "revenue": 16234
        },
        "2009-08": {
            "month": "2009-08",
            "price": "1.89",
            "revenue": 14111
        },
        "2009-09": {
            "month": "2009-09",
            "price": "1.76",
            "revenue": 13863
        },
        "2009-10": {
            "month": "2009-10",
            "price": "2.19",
            "revenue": 13959
        },
        "2009-11": {
            "month": "2009-11",
            "price": "3.09",
            "revenue": 13712
        },
        "2009-12": {
            "month": "2009-12",
            "price": "3.23",
            "revenue": 7572
        },
        "2010-01": {
            "month": "2010-01",
            "price": "4.33",
            "revenue": 9703
        },
        "2010-02": {
            "month": "2010-02",
            "price": "3.28",
            "revenue": 9004
        },
        "2010-03": {
            "month": "2010-03",
            "price": "2.97",
            "revenue": 11510
        },
        "2010-04": {
            "month": "2010-04",
            "price": "17.32",
            "revenue": 8568
        },
        "2010-05": {
            "month": "2010-05",
            "price": "13.57",
            "revenue": 13211
        },
        "2010-06": {
            "month": "2010-06",
            "price": "10.12",
            "revenue": 8962
        },
        "2010-07": {
            "month": "2010-07",
            "price": "8.51",
            "revenue": 8159
        },
        "2010-08": {
            "month": "2010-08",
            "price": "9.83",
            "revenue": 10269
        },
        "2010-09": {
            "month": "2010-09",
            "price": "9.28",
            "revenue": 5091
        },
        "2010-10": {
            "month": "2010-10",
            "price": "7.98",
            "revenue": 7249
        },
        "2010-11": {
            "month": "2010-11",
            "price": "7.40",
            "revenue": 3461
        },
        "2010-12": {
            "month": "2010-12",
            "price": "7.12",
            "revenue": -3301
        },
        "2011-01": {
            "month": "2011-01",
            "price": "6.06",
            "revenue": 4130
        },
        "2011-02": {
            "month": "2011-02",
            "price": "5.15",
            "revenue": 4145
        },
        "2011-03": {
            "month": "2011-03",
            "price": "7.15",
            "revenue": 5791
        },
        "2011-04": {
            "month": "2011-04",
            "price": "7.25",
            "revenue": 15075
        },
        "2011-05": {
            "month": "2011-05",
            "price": "6.20",
            "revenue": 16309
        },
        "2011-06": {
            "month": "2011-06",
            "price": "6.14",
            "revenue": 14446
        },
        "2011-07": {
            "month": "2011-07",
            "price": "5.48",
            "revenue": 12913
        },
        "2011-08": {
            "month": "2011-08",
            "price": "5.27",
            "revenue": 11218
        },
        "2011-09": {
            "month": "2011-09",
            "price": "4.21",
            "revenue": 8912
        },
        "2011-10": {
            "month": "2011-10",
            "price": "3.82",
            "revenue": 16037
        },
        "2011-11": {
            "month": "2011-11",
            "price": "3.90",
            "revenue": 13307
        },
        "2011-12": {
            "month": "2011-12",
            "price": "4.25",
            "revenue": 2259
        },
        "2012-01": {
            "month": "2012-01",
            "price": "4.45",
            "revenue": 15892
        },
        "2012-02": {
            "month": "2012-02",
            "price": "7.99",
            "revenue": 8017
        },
        "2012-03": {
            "month": "2012-03",
            "price": "7.78",
            "revenue": 13891
        },
        "2012-04": {
            "month": "2012-04",
            "price": "7.15",
            "revenue": 9103
        },
        "2012-05": {
            "month": "2012-05",
            "price": "7.02",
            "revenue": 17153
        },
        "2012-06": {
            "month": "2012-06",
            "price": "9.55",
            "revenue": 25672
        },
        "2012-07": {
            "month": "2012-07",
            "price": "11.40",
            "revenue": 30780
        },
        "2012-08": {
            "month": "2012-08",
            "price": "11.47",
            "revenue": 24355
        },
        "2012-09": {
            "month": "2012-09",
            "price": "11.28",
            "revenue": 21664
        },
        "2012-10": {
            "month": "2012-10",
            "price": "10.60",
            "revenue": 20674
        },
        "2012-11": {
            "month": "2012-11",
            "price": "9.52",
            "revenue": 14494
        },
        "2012-12": {
            "month": "2012-12",
            "price": "10.01",
            "revenue": 28806
        },
        "2013-01": {
            "month": "2013-01",
            "price": "9.48",
            "revenue": 13319
        },
        "2013-02": {
            "month": "2013-02",
            "price": "8.75",
            "revenue": 9889
        },
        "2013-03": {
            "month": "2013-03",
            "price": "8.65",
            "revenue": 23903
        },
        "2013-04": {
            "month": "2013-04",
            "price": "8.72",
            "revenue": 13339
        },
        "2013-05": {
            "month": "2013-05",
            "price": "8.71",
            "revenue": 10653
        },
        "2013-06": {
            "month": "2013-06",
            "price": "9.50",
            "revenue": 11696
        },
        "2013-07": {
            "month": "2013-07",
            "price": "9.64",
            "revenue": 6415
        },
        "2013-08": {
            "month": "2013-08",
            "price": "9.42",
            "revenue": 9211
        },
        "2013-09": {
            "month": "2013-09",
            "price": "8.65",
            "revenue": 15213
        },
        "2013-10": {
            "month": "2013-10",
            "price": "8.00",
            "revenue": 14843
        },
        "2013-11": {
            "month": "2013-11",
            "price": "8.32",
            "revenue": 10123
        },
        "2013-12": {
            "month": "2013-12",
            "price": "6.63",
            "revenue": 12433
        },
        "2014-01": {
            "month": "2014-01",
            "price": "6.89",
            "revenue": 7314
        },
        "2014-02": {
            "month": "2014-02",
            "price": "6.95",
            "revenue": 11019
        },
        "2014-03": {
            "month": "2014-03",
            "price": "6.99",
            "revenue": 15651
        },
        "2014-04": {
            "month": "2014-04",
            "price": "5.91",
            "revenue": 9335
        },
        "2014-05": {
            "month": "2014-05",
            "price": "5.36",
            "revenue": 9339
        },
        "2014-06": {
            "month": "2014-06",
            "price": "5.89",
            "revenue": 9314
        },
        "2014-07": {
            "month": "2014-07",
            "price": "7.39",
            "revenue": 5644
        },
        "2014-08": {
            "month": "2014-08",
            "price": "7.49",
            "revenue": 8602
        },
        "2014-09": {
            "month": "2014-09",
            "price": "7.65",
            "revenue": 3159
        },
        "2014-10": {
            "month": "2014-10",
            "price": "7.51",
            "revenue": 11043
        },
        "2014-11": {
            "month": "2014-11",
            "price": "7.53",
            "revenue": 6169
        },
        "2014-12": {
            "month": "2014-12",
            "price": "7.12",
            "revenue": 12345
        },
        "2015-01": {
            "month": "2015-01",
            "price": "6.96",
            "revenue": 9790
        },
        "2015-02": {
            "month": "2015-02",
            "price": "7.20",
            "revenue": 9157
        },
        "2015-03": {
            "month": "2015-03",
            "price": "7.47",
            "revenue": 10566
        },
        "2015-04": {
            "month": "2015-04",
            "price": "7.59",
            "revenue": 10833
        },
        "2015-05": {
            "month": "2015-05",
            "price": "7.96",
            "revenue": 8149
        },
        "2015-06": {
            "month": "2015-06",
            "price": "7.13",
            "revenue": 6928
        },
        "2015-07": {
            "month": "2015-07",
            "price": "7.29",
            "revenue": 7979
        },
        "2015-08": {
            "month": "2015-08",
            "price": "7.68",
            "revenue": 10957
        },
        "2015-09": {
            "month": "2015-09",
            "price": "7.05",
            "revenue": 14893
        },
        "2015-10": {
            "month": "2015-10",
            "price": "6.87",
            "revenue": 12861
        },
        "2015-11": {
            "month": "2015-11",
            "price": "11.07",
            "revenue": 19083
        },
        "2015-12": {
            "month": "2015-12",
            "price": "14.78",
            "revenue": 24659
        },
        "2016-01": {
            "month": "2016-01",
            "price": "17.30",
            "revenue": 20811
        },
        "2016-02": {
            "month": "2016-02",
            "price": "16.52",
            "revenue": 20382
        },
        "2016-03": {
            "month": "2016-03",
            "price": "15.65",
            "revenue": 14459
        },
        "2016-04": {
            "month": "2016-04",
            "price": "13.99",
            "revenue": 11466
        },
        "2016-05": {
            "month": "2016-05",
            "price": "14.20",
            "revenue": 15374
        },
        "2016-06": {
            "month": "2016-06",
            "price": "14.61",
            "revenue": 10135
        },
        "2016-07": {
            "month": "2016-07",
            "price": "14.92",
            "revenue": 11006
        },
        "2016-08": {
            "month": "2016-08",
            "price": "15.50",
            "revenue": 7591
        },
        "2016-09": {
            "month": "2016-09",
            "price": "96.12",
            "revenue": 16094
        },
        "2016-10": {
            "month": "2016-10",
            "price": "99.74",
            "revenue": 16114
        },
        "2016-11": {
            "month": "2016-11",
            "price": "100.67",
            "revenue": 29262
        },
        "2016-12": {
            "month": "2016-12",
            "price": "102.40",
            "revenue": 45839
        },
        "2017-01": {
            "month": "2017-01",
            "price": "100.70",
            "revenue": 15671
        },
        "2017-02": {
            "month": "2017-02",
            "price": "96.15",
            "revenue": 68049
        },
        "2017-03": {
            "month": "2017-03",
            "price": "108.60",
            "revenue": 87969
        },
        "2017-04": {
            "month": "2017-04",
            "price": "222.33",
            "revenue": 77173
        },
        "2017-05": {
            "month": "2017-05",
            "price": "283.62",
            "revenue": 77200
        },
        "2017-06": {
            "month": "2017-06",
            "price": "230.41",
            "revenue": 75988
        },
        "2017-07": {
            "month": "2017-07",
            "price": "219.88",
            "revenue": 73996
        },
        "2017-08": {
            "month": "2017-08",
            "price": "198.80",
            "revenue": 79721
        },
        "2017-09": {
            "month": "2017-09",
            "price": "210.50",
            "revenue": 71982
        },
        "2017-10": {
            "month": "2017-10",
            "price": "179.61",
            "revenue": 74146
        },
        "2017-11": {
            "month": "2017-11",
            "price": "161.64",
            "revenue": 80660
        },
        "2017-12": {
            "month": "2017-12",
            "price": "160.69",
            "revenue": 89135
        },
        "2018-01": {
            "month": "2018-01",
            "price": "179.95",
            "revenue": 50632
        },
        "2018-02": {
            "month": "2018-02",
            "price": "153.31",
            "revenue": 74122
        },
        "2018-03": {
            "month": "2018-03",
            "price": "159.02",
            "revenue": 96633
        },
        "2018-04": {
            "month": "2018-04",
            "price": "152.94",
            "revenue": 80315
        },
        "2018-05": {
            "month": "2018-05",
            "price": "145.23",
            "revenue": 74773
        },
        "2018-06": {
            "month": "2018-06",
            "price": "141.00",
            "revenue": 72073
        },
        "2018-07": {
            "month": "2018-07",
            "price": "127.11",
            "revenue": 81175
        },
        "2018-08": {
            "month": "2018-08",
            "price": "115.74",
            "revenue": 75295
        },
        "2018-09": {
            "month": "2018-09",
            "price": "99.82",
            "revenue": 72212
        },
        "2018-10": {
            "month": "2018-10",
            "price": "85.32",
            "revenue": 83987
        },
        "2018-11": {
            "month": "2018-11",
            "price": "80.36",
            "revenue": 88488
        },
        "2018-12": {
            "month": "2018-12",
            "price": "93.27",
            "revenue": 70801
        },
        "2019-01": {
            "month": "2019-01",
            "price": "91.19",
            "revenue": 51446
        },
        "2019-02": {
            "month": "2019-02",
            "price": "97.28",
            "revenue": 80678
        },
        "2019-03": {
            "month": "2019-03",
            "price": "95.98",
            "revenue": 82604
        },
        "2019-04": {
            "month": "2019-04",
            "price": "95.70",
            "revenue": 74330
        },
        "2019-05": {
            "month": "2019-05",
            "price": "85.96",
            "revenue": 68807
        },
        "2019-06": {
            "month": "2019-06",
            "price": "82.40",
            "revenue": 70526
        },
        "2019-07": {
            "month": "2019-07",
            "price": "82.19",
            "revenue": 84916
        },
        "2019-08": {
            "month": "2019-08",
            "price": "80.14",
            "revenue": 75328
        },
        "2019-09": {
            "month": "2019-09",
            "price": "70.97",
            "revenue": 67170
        },
        "2019-10": {
            "month": "2019-10",
            "price": "65.54",
            "revenue": 83297
        },
        "2019-11": {
            "month": "2019-11",
            "price": "66.12",
            "revenue": 70357
        },
        "2019-12": {
            "month": "2019-12",
            "price": "64.46",
            "revenue": 70508
        },
        "2020-01": {
            "month": "2020-01",
            "price": "63.56",
            "revenue": 70252
        },
        "2020-02": {
            "month": "2020-02",
            "price": "69.81",
            "revenue": 62045
        },
        "2020-03": {
            "month": "2020-03",
            "price": "58.42",
            "revenue": 67631
        },
        "2020-04": {
            "month": "2020-04",
            "price": "58.86",
            "revenue": 72651
        },
        "2020-05": {
            "month": "2020-05",
            "price": "65.89",
            "revenue": 75738
        },
        "2020-06": {
            "month": "2020-06",
            "price": "70.58",
            "revenue": 62487
        },
        "2020-07": {
            "month": "2020-07",
            "price": "66.15",
            "revenue": 65879
        },
        "2020-08": {
            "month": "2020-08",
            "price": "62.47",
            "revenue": 63927
        },
        "2020-09": {
            "month": "2020-09",
            "price": "61.22",
            "revenue": 60102
        },
        "2020-10": {
            "month": "2020-10",
            "price": "60.56",
            "revenue": 59017
        },
        "2020-11": {
            "month": "2020-11",
            "price": "59.54",
            "revenue": 57846
        },
        "2020-12": {
            "month": "2020-12",
            "price": "55.39",
            "revenue": 58832
        },
        "2021-01": {
            "month": "2021-01",
            "price": "54.29",
            "revenue": 48608
        },
        "2021-02": {
            "month": "2021-02",
            "price": "50.25",
            "revenue": 49015
        },
        "2021-03": {
            "month": "2021-03",
            "price": "57.05",
            "revenue": 58725
        },
        "2021-04": {
            "month": "2021-04",
            "price": "59.25",
            "revenue": 55209
        },
        "2021-05": {
            "month": "2021-05",
            "price": "58.22",
            "revenue": 52813
        },
        "2021-06": {
            "month": "2021-06",
            "price": "56.60",
            "revenue": 44480
        },
        "2021-07": {
            "month": "2021-07",
            "price": "55.35",
            "revenue": 54171
        },
        "2021-08": {
            "month": "2021-08",
            "price": "50.52",
            "revenue": 62106
        },
        "2021-09": {
            "month": "2021-09",
            "price": "49.49",
            "revenue": 58082
        },
        "2021-10": {
            "month": "2021-10",
            "price": "49.20",
            "revenue": 59874
        },
        "2021-11": {
            "month": "2021-11",
            "price": "49.53",
            "revenue": 59461
        },
        "2021-12": {
            "month": "2021-12",
            "price": "49.41",
            "revenue": 59376
        },
        "2022-01": {
            "month": "2022-01",
            "price": "49.48",
            "revenue": 49984
        },
        "2022-02": {
            "month": "2022-02",
            "price": "49.84",
            "revenue": 49731
        },
        "2022-03": {
            "month": "2022-03",
            "price": "49.25",
            "revenue": 56514
        },
        "2022-04": {
            "month": "2022-04",
            "price": "48.81",
            "revenue": 55601
        },
        "2022-05": {
            "month": "2022-05",
            "price": "48.34",
            "revenue": 52721
        },
        "2022-06": {
            "month": "2022-06",
            "price": "48.19",
            "revenue": 47030
        },
        "2022-07": {
            "month": "2022-07",
            "price": "46.50",
            "revenue": 63384
        },
        "2022-08": {
            "month": "2022-08",
            "price": "46.69",
            "revenue": 71933
        },
        "2022-09": {
            "month": "2022-09",
            "price": "46.68",
            "revenue": 63407
        },
        "2022-10": {
            "month": "2022-10",
            "price": "45.83",
            "revenue": 65601
        },
        "2022-11": {
            "month": "2022-11",
            "price": "45.81",
            "revenue": 62183
        },
        "2022-12": {
            "month": "2022-12",
            "price": "47.29",
            "revenue": 64168
        },
        "2023-01": {
            "month": "2023-01",
            "price": "47.69",
            "revenue": 48646
        },
        "2023-02": {
            "month": "2023-02",
            "price": "51.09",
            "revenue": 56967
        },
        "2023-03": {
            "month": "2023-03",
            "price": "51.84",
            "revenue": 62804
        },
        "2023-04": {
            "month": "2023-04",
            "price": "51.71",
            "revenue": 62207
        },
        "2023-05": {
            "month": "2023-05",
            "price": "51.50",
            "revenue": 60315
        },
        "2023-06": {
            "month": "2023-06",
            "price": "52.86",
            "revenue": 53736
        },
        "2023-07": {
            "month": "2023-07",
            "price": "52.36",
            "revenue": 66691
        },
        "2023-08": {
            "month": "2023-08",
            "price": "51.93",
            "revenue": 75856
        },
        "2023-09": {
            "month": "2023-09",
            "price": "53.83",
            "revenue": 70315
        },
        "2023-10": {
            "month": "2023-10",
            "price": "54.10",
            "revenue": 69383
        },
        "2023-11": {
            "month": "2023-11",
            "price": "56.39",
            "revenue": 68481
        },
        "2023-12": {
            "month": "2023-12",
            "price": "61.83",
            "revenue": 69414
        }
    }
}
