{
    "summary": {
        "stock_name": "怡利電",
        "stock_id": "2497",
        "category": "汽車",
        "main_business": "汽車電子<br>其他",
        "website_url": "http://www.e-lead.com.tw",
        "ceo": "陳錫勳",
        "pe_ratio": 26,
        "report_year_from": 2001,
        "report_year_to": 2023,
        "age": 22,
        "eps_negative_percentage": 26,
        "eps_growth_avg": {
            "last_all": -19.75,
            "last_2y": 0,
            "last_4y": 0,
            "last_8y": -31.53,
            "last_12y": -0.32,
            "last_16y": -0.27,
            "last_20y": -19.75,
            "at_2006_last_3y": -88.94,
            "at_2007_last_3y": -30.08,
            "at_2008_last_3y": -33.33,
            "at_2009_last_3y": 0,
            "at_2010_last_3y": 0,
            "at_2011_last_3y": 0,
            "at_2012_last_3y": 52.22,
            "at_2013_last_3y": 62.08,
            "at_2014_last_3y": 59.23,
            "at_2015_last_3y": 19.07,
            "at_2016_last_3y": -1.84,
            "at_2017_last_3y": -47.29,
            "at_2018_last_3y": -79.94,
            "at_2019_last_3y": -89.61,
            "at_2020_last_3y": -100,
            "at_2021_last_3y": -100,
            "at_2022_last_3y": 0,
            "at_2023_last_3y": 0,
            "at_2006_last_all": -73.32,
            "at_2007_last_all": -38.66,
            "at_2008_last_all": -48.88,
            "at_2009_last_all": -48.88,
            "at_2010_last_all": -48.88,
            "at_2011_last_all": -27.61,
            "at_2012_last_all": -23.61,
            "at_2013_last_all": -11.89,
            "at_2014_last_all": -5.64,
            "at_2015_last_all": -10.64,
            "at_2016_last_all": -16.35,
            "at_2017_last_all": -22.78,
            "at_2018_last_all": -22.78,
            "at_2019_last_all": -22.78,
            "at_2020_last_all": -28.3,
            "at_2021_last_all": -28.3,
            "at_2022_last_all": -19.75,
            "at_2023_last_all": -19.75
        },
        "latest_eps": 2.68,
        "latest_price": 70.9,
        "latest_roe": 18.34,
        "latest_gross_margin": 24.38,
        "latest_equity": 2102021,
        "latest_revenue": 740433,
        "latest_gross_profit": 180529,
        "latest_net_income": 49628,
        "latest_debt_ratio": 49.29,
        "latest_current_ratio": 203.38,
        "latest_account_receivable_turnover_ratio": 1.01,
        "latest_inventory_turnover_ratio": 0.49,
        "latest_reinvestment_rate": 30.97,
        "latest_research_to_sale_ratio": 9.37
    },
    "eps_dividends": {
        "2000": {
            "cash": 0,
            "stock": 3.6,
            "eps": 0
        },
        "2001": {
            "cash": 0.22,
            "stock": 2.55,
            "eps": 2.38
        },
        "2002": {
            "cash": 0.17,
            "stock": 1.97,
            "eps": 1.75
        },
        "2003": {
            "cash": 0.2,
            "stock": 1,
            "eps": 0.41
        },
        "2004": {
            "cash": 0,
            "stock": 0.4,
            "eps": 0.04
        },
        "2005": {
            "cash": 0,
            "stock": 0,
            "eps": -0.24
        },
        "2006": {
            "cash": 0,
            "stock": 0,
            "eps": 0.07
        },
        "2007": {
            "cash": 0,
            "stock": 0,
            "eps": 0.99
        },
        "2008": {
            "cash": 0.1,
            "stock": 0.5,
            "eps": -2.05
        },
        "2009": {
            "cash": 0,
            "stock": 0,
            "eps": -1.47
        },
        "2010": {
            "cash": 0,
            "stock": 0,
            "eps": 0.79
        },
        "2011": {
            "cash": 0,
            "stock": 0,
            "eps": 1.58
        },
        "2012": {
            "cash": 0,
            "stock": 0,
            "eps": 1.65
        },
        "2013": {
            "cash": 0.6,
            "stock": 0,
            "eps": 3
        },
        "2014": {
            "cash": 2,
            "stock": 0,
            "eps": 4.52
        },
        "2015": {
            "cash": 3,
            "stock": 0,
            "eps": 1.78
        },
        "2016": {
            "cash": 1.5,
            "stock": 0,
            "eps": 0.37
        },
        "2017": {
            "cash": 0.5,
            "stock": 0,
            "eps": -0.77
        },
        "2018": {
            "cash": 0,
            "stock": 0,
            "eps": -1.95
        },
        "2019": {
            "cash": 0,
            "stock": 0,
            "eps": 0
        },
        "2020": {
            "cash": 0,
            "stock": 0,
            "eps": -0.7
        },
        "2021": {
            "cash": 0,
            "stock": 0,
            "eps": 0.82
        },
        "2022": {
            "cash": 0,
            "stock": 0,
            "eps": 2.88
        },
        "2023": {
            "cash": 0.7,
            "stock": 0,
            "eps": 0.4
        }
    },
    "dividends": {
        "2000-06-08": {
            "cash": 0,
            "stock": 3.6
        },
        "2001-05-10": {
            "cash": 0.22,
            "stock": 2.55
        },
        "2002-05-31": {
            "cash": 0.17,
            "stock": 1.97
        },
        "2003-03-24": {
            "cash": 0.2,
            "stock": 1
        },
        "2004-04-01": {
            "cash": 0,
            "stock": 0.4
        },
        "2008-03-24": {
            "cash": 0.1,
            "stock": 0.5
        },
        "2013-03-22": {
            "cash": 0.6,
            "stock": 0
        },
        "2014-06-06": {
            "cash": 2,
            "stock": 0
        },
        "2015-08-20": {
            "cash": 3,
            "stock": 0
        },
        "2016-08-25": {
            "cash": 1.5,
            "stock": 0
        },
        "2017-10-25": {
            "cash": 0.5,
            "stock": 0
        },
        "2023-03-15": {
            "cash": 0.7,
            "stock": 0
        }
    },
    "prices": {
        "200101": "無",
        "200102": "無",
        "200103": "無",
        "200104": "無",
        "200105": "無",
        "200106": "無",
        "200107": "無",
        "200108": "無",
        "200109": "無",
        "200110": "無",
        "200111": "無",
        "200112": "無",
        "200201": "無",
        "200202": "46.12",
        "200203": "51.31",
        "200204": "49.80",
        "200205": "44.71",
        "200206": "43.06",
        "200207": "31.65",
        "200208": "28.17",
        "200209": "29.26",
        "200210": "30.18",
        "200211": "29.90",
        "200212": "31.78",
        "200301": "30.56",
        "200302": "28.82",
        "200303": "27.45",
        "200304": "23.83",
        "200305": "22.62",
        "200306": "25.54",
        "200307": "29.49",
        "200308": "28.77",
        "200309": "24.64",
        "200310": "23.92",
        "200311": "23.11",
        "200312": "22.83",
        "200401": "22.14",
        "200402": "22.72",
        "200403": "22.63",
        "200404": "24.18",
        "200405": "19.68",
        "200406": "18.83",
        "200407": "16.01",
        "200408": "15.18",
        "200409": "15.82",
        "200410": "14.97",
        "200411": "14.80",
        "200412": "15.31",
        "200501": "15.08",
        "200502": "15.35",
        "200503": "14.52",
        "200504": "13.47",
        "200505": "13.40",
        "200506": "14.03",
        "200507": "14.88",
        "200508": "14.53",
        "200509": "13.73",
        "200510": "13.24",
        "200511": "13.68",
        "200512": "15.65",
        "200601": "18.34",
        "200602": "19.87",
        "200603": "18.91",
        "200604": "19.27",
        "200605": "19.07",
        "200606": "18.43",
        "200607": "17.90",
        "200608": "18.89",
        "200609": "18.22",
        "200610": "18.09",
        "200611": "19.23",
        "200612": "22.33",
        "200701": "22.95",
        "200702": "23.18",
        "200703": "28.67",
        "200704": "29.11",
        "200705": "26.64",
        "200706": "33.95",
        "200707": "56.14",
        "200708": "76.20",
        "200709": "73.09",
        "200710": "69.27",
        "200711": "60.02",
        "200712": "51.73",
        "200801": "40.81",
        "200802": "34.21",
        "200803": "40.65",
        "200804": "41.74",
        "200805": "39.99",
        "200806": "29.13",
        "200807": "20.03",
        "200808": "21.89",
        "200809": "16.44",
        "200810": "12.06",
        "200811": "11.55",
        "200812": "11.63",
        "200901": "12.14",
        "200902": "12.58",
        "200903": "13.90",
        "200904": "15.34",
        "200905": "14.94",
        "200906": "14.24",
        "200907": "17.10",
        "200908": "18.53",
        "200909": "18.93",
        "200910": "24.09",
        "200911": "23.48",
        "200912": "24.52",
        "201001": "23.15",
        "201002": "19.46",
        "201003": "20.82",
        "201004": "22.89",
        "201005": "22.22",
        "201006": "22.60",
        "201007": "21.84",
        "201008": "21.42",
        "201009": "21.59",
        "201010": "21.84",
        "201011": "21.07",
        "201012": "21.59",
        "201101": "23.82",
        "201102": "23.78",
        "201103": "23.13",
        "201104": "28.85",
        "201105": "33.06",
        "201106": "31.83",
        "201107": "30.17",
        "201108": "26.98",
        "201109": "21.20",
        "201110": "19.57",
        "201111": "23.31",
        "201112": "21.43",
        "201201": "20.51",
        "201202": "25.46",
        "201203": "36.88",
        "201204": "37.94",
        "201205": "35.18",
        "201206": "31.86",
        "201207": "35.85",
        "201208": "38.94",
        "201209": "36.41",
        "201210": "32.92",
        "201211": "23.86",
        "201212": "25.33",
        "201301": "27.12",
        "201302": "27.02",
        "201303": "28.88",
        "201304": "26.68",
        "201305": "28.24",
        "201306": "30.53",
        "201307": "35.26",
        "201308": "38.18",
        "201309": "44.55",
        "201310": "47.74",
        "201311": "54.69",
        "201312": "64.19",
        "201401": "61.89",
        "201402": "65.42",
        "201403": "74.06",
        "201404": "76.42",
        "201405": "75.70",
        "201406": "77.86",
        "201407": "72.70",
        "201408": "64.52",
        "201409": "62.43",
        "201410": "59.01",
        "201411": "58.52",
        "201412": "64.32",
        "201501": "69.70",
        "201502": "74.10",
        "201503": "70.65",
        "201504": "70.66",
        "201505": "67.75",
        "201506": "55.60",
        "201507": "51.81",
        "201508": "39.82",
        "201509": "44.86",
        "201510": "45.57",
        "201511": "41.30",
        "201512": "37.21",
        "201601": "33.84",
        "201602": "37.44",
        "201603": "38.99",
        "201604": "36.09",
        "201605": "31.20",
        "201606": "31.88",
        "201607": "33.25",
        "201608": "31.90",
        "201609": "30.15",
        "201610": "29.77",
        "201611": "31.13",
        "201612": "32.08",
        "201701": "32.74",
        "201702": "33.89",
        "201703": "33.83",
        "201704": "35.63",
        "201705": "32.72",
        "201706": "31.88",
        "201707": "28.73",
        "201708": "27.86",
        "201709": "28.67",
        "201710": "30.50",
        "201711": "29.89",
        "201712": "29.14",
        "201801": "29.02",
        "201802": "28.33",
        "201803": "27.74",
        "201804": "26.22",
        "201805": "24.40",
        "201806": "24.76",
        "201807": "22.47",
        "201808": "19.98",
        "201809": "18.53",
        "201810": "15.37",
        "201811": "13.52",
        "201812": "15.43",
        "201901": "16.81",
        "201902": "17.96",
        "201903": "19.50",
        "201904": "19.80",
        "201905": "21.97",
        "201906": "24.48",
        "201907": "22.03",
        "201908": "23.58",
        "201909": "26.60",
        "201910": "24.80",
        "201911": "23.16",
        "201912": "22.64",
        "202001": "22.45",
        "202002": "19.14",
        "202003": "15.72",
        "202004": "15.05",
        "202005": "15.72",
        "202006": "16.57",
        "202007": "16.78",
        "202008": "16.25",
        "202009": "16.70",
        "202010": "16.44",
        "202011": "22.75",
        "202012": "28.99",
        "202101": "38.38",
        "202102": "36.03",
        "202103": "36.37",
        "202104": "36.64",
        "202105": "29.25",
        "202106": "30.33",
        "202107": "40.21",
        "202108": "35.75",
        "202109": "33.14",
        "202110": "34.11",
        "202111": "44.94",
        "202112": "79.88",
        "202201": "77.72",
        "202202": "101.45",
        "202203": "102.04",
        "202204": "95.31",
        "202205": "78.29",
        "202206": "81.34",
        "202207": "71.03",
        "202208": "75.09",
        "202209": "84.07",
        "202210": "69.42",
        "202211": "72.57",
        "202212": "77.36",
        "202301": "72.63",
        "202302": "76.90",
        "202303": "77.00",
        "202304": "75.74",
        "202305": "70.19"
    },
    "quarters": {
        "20011": {
            "year_quarter": 20011,
            "year": 2001,
            "quarter": 1,
            "eps": 0.95,
            "eps_growth_year": null,
            "eps_4q": null,
            "eps_4q_growth_year": null,
            "roe": 8.31,
            "roe_4q": 8.31,
            "gross_profit": 130904,
            "gross_margin": 37.73,
            "gross_margin_4q_avg": 37.73,
            "net_income": 66321,
            "revenue": 346972,
            "common_shares": 551800,
            "book_valuer_per_share": 15.07,
            "book_valuer_per_share_4q_avg": 15.07,
            "equity": 831502,
            "current_ratio": 178.06,
            "debt_ratio": 28.03,
            "inventory_turnover_ratio": 0.93,
            "account_receivable_turnover_ratio": null,
            "reinvestment_rate": null,
            "research_to_sale_ratio": null,
            "price_fair": 0,
            "eps_avg_yearly": 0,
            "eps_latest_yearly": 0,
            "eps_growth_yearly": 0
        },
        "20012": {
            "year_quarter": 20012,
            "year": 2001,
            "quarter": 2,
            "eps": 0.48,
            "eps_growth_year": null,
            "eps_4q": null,
            "eps_4q_growth_year": null,
            "roe": 4.04,
            "roe_4q": 12.350000000000001,
            "gross_profit": 86262,
            "gross_margin": 36.04,
            "gross_margin_4q_avg": 36.89,
            "net_income": 33973,
            "revenue": 239377,
            "common_shares": 700750,
            "book_valuer_per_share": 12.15,
            "book_valuer_per_share_4q_avg": 13.61,
            "equity": 851226,
            "current_ratio": 204.95,
            "debt_ratio": 21.49,
            "inventory_turnover_ratio": 0.63,
            "account_receivable_turnover_ratio": null,
            "reinvestment_rate": null,
            "research_to_sale_ratio": null,
            "price_fair": 0,
            "eps_avg_yearly": 0,
            "eps_latest_yearly": 0,
            "eps_growth_yearly": 0
        },
        "20013": {
            "year_quarter": 20013,
            "year": 2001,
            "quarter": 3,
            "eps": 0.53,
            "eps_growth_year": null,
            "eps_4q": null,
            "eps_4q_growth_year": null,
            "roe": 4.29,
            "roe_4q": 16.64,
            "gross_profit": 101812,
            "gross_margin": 36.4,
            "gross_margin_4q_avg": 36.72,
            "net_income": 37333,
            "revenue": 279738,
            "common_shares": 700750,
            "book_valuer_per_share": 12.68,
            "book_valuer_per_share_4q_avg": 13.3,
            "equity": 888572,
            "current_ratio": 184.46,
            "debt_ratio": 26.04,
            "inventory_turnover_ratio": 0.77,
            "account_receivable_turnover_ratio": null,
            "reinvestment_rate": null,
            "research_to_sale_ratio": null,
            "price_fair": 0,
            "eps_avg_yearly": 0,
            "eps_latest_yearly": 0,
            "eps_growth_yearly": 0
        },
        "20014": {
            "year_quarter": 20014,
            "year": 2001,
            "quarter": 4,
            "eps": 0.42,
            "eps_growth_year": null,
            "eps_4q": 2.36,
            "eps_4q_growth_year": null,
            "roe": 3.29,
            "roe_4q": 19.93,
            "gross_profit": 74811,
            "gross_margin": 39.84,
            "gross_margin_4q_avg": 37.5,
            "net_income": 29763,
            "revenue": 187772,
            "common_shares": 700750,
            "book_valuer_per_share": 13.12,
            "book_valuer_per_share_4q_avg": 13.26,
            "equity": 919691,
            "current_ratio": 368.68,
            "debt_ratio": 17.96,
            "inventory_turnover_ratio": 0.49,
            "account_receivable_turnover_ratio": null,
            "reinvestment_rate": null,
            "research_to_sale_ratio": null,
            "price_fair": 0,
            "eps_avg_yearly": 0,
            "eps_latest_yearly": 0,
            "eps_growth_yearly": 0
        },
        "20021": {
            "year_quarter": 20021,
            "year": 2002,
            "quarter": 1,
            "eps": 0.45,
            "eps_growth_year": -52.63,
            "eps_4q": 1.88,
            "eps_4q_growth_year": null,
            "roe": 3.39,
            "roe_4q": 15.009999999999998,
            "gross_profit": 88158,
            "gross_margin": 36.28,
            "gross_margin_4q_avg": 37.14,
            "net_income": 31743,
            "revenue": 242971,
            "common_shares": 700750,
            "book_valuer_per_share": 13.6,
            "book_valuer_per_share_4q_avg": 12.89,
            "equity": 952876,
            "current_ratio": 185.46,
            "debt_ratio": 33.43,
            "inventory_turnover_ratio": 0.71,
            "account_receivable_turnover_ratio": null,
            "reinvestment_rate": null,
            "research_to_sale_ratio": null,
            "price_fair": 63,
            "eps_avg_yearly": 1.8,
            "eps_latest_yearly": 1.8,
            "eps_growth_yearly": 28.57
        },
        "20022": {
            "year_quarter": 20022,
            "year": 2002,
            "quarter": 2,
            "eps": 0.69,
            "eps_growth_year": 43.75,
            "eps_4q": 2.11,
            "eps_4q_growth_year": null,
            "roe": 4.98,
            "roe_4q": 15.95,
            "gross_profit": 121468,
            "gross_margin": 42.62,
            "gross_margin_4q_avg": 38.79,
            "net_income": 48087,
            "revenue": 284980,
            "common_shares": 700750,
            "book_valuer_per_share": 13.95,
            "book_valuer_per_share_4q_avg": 13.34,
            "equity": 977845,
            "current_ratio": 205.78,
            "debt_ratio": 28.04,
            "inventory_turnover_ratio": 0.79,
            "account_receivable_turnover_ratio": null,
            "reinvestment_rate": null,
            "research_to_sale_ratio": null,
            "price_fair": 79.8,
            "eps_avg_yearly": 2.28,
            "eps_latest_yearly": 2.76,
            "eps_growth_yearly": 120.95
        },
        "20023": {
            "year_quarter": 20023,
            "year": 2002,
            "quarter": 3,
            "eps": 0.36,
            "eps_growth_year": -32.08,
            "eps_4q": 1.67,
            "eps_4q_growth_year": null,
            "roe": 3.04,
            "roe_4q": 14.7,
            "gross_profit": 90103,
            "gross_margin": 39.44,
            "gross_margin_4q_avg": 39.55,
            "net_income": 30124,
            "revenue": 228438,
            "common_shares": 834430,
            "book_valuer_per_share": 12.07,
            "book_valuer_per_share_4q_avg": 13.19,
            "equity": 1006868,
            "current_ratio": 180.89,
            "debt_ratio": 29.48,
            "inventory_turnover_ratio": 0.65,
            "account_receivable_turnover_ratio": null,
            "reinvestment_rate": null,
            "research_to_sale_ratio": null,
            "price_fair": 53.73,
            "eps_avg_yearly": 2,
            "eps_latest_yearly": 1.44,
            "eps_growth_yearly": 16.87
        },
        "20024": {
            "year_quarter": 20024,
            "year": 2002,
            "quarter": 4,
            "eps": 0.25,
            "eps_growth_year": -40.48,
            "eps_4q": 1.59,
            "eps_4q_growth_year": -32.67,
            "roe": 2.02,
            "roe_4q": 13.430000000000001,
            "gross_profit": 85832,
            "gross_margin": 39.37,
            "gross_margin_4q_avg": 39.43,
            "net_income": 20506,
            "revenue": 218038,
            "common_shares": 834430,
            "book_valuer_per_share": 12.26,
            "book_valuer_per_share_4q_avg": 12.97,
            "equity": 1022844,
            "current_ratio": 188.64,
            "debt_ratio": 27.45,
            "inventory_turnover_ratio": 0.6,
            "account_receivable_turnover_ratio": null,
            "reinvestment_rate": null,
            "research_to_sale_ratio": null,
            "price_fair": 5.25,
            "eps_avg_yearly": 1.75,
            "eps_latest_yearly": 1,
            "eps_growth_yearly": -17.91
        },
        "20031": {
            "year_quarter": 20031,
            "year": 2003,
            "quarter": 1,
            "eps": 0.2,
            "eps_growth_year": -55.56,
            "eps_4q": 1.39,
            "eps_4q_growth_year": -26.31,
            "roe": 1.61,
            "roe_4q": 11.65,
            "gross_profit": 82358,
            "gross_margin": 37.49,
            "gross_margin_4q_avg": 39.73,
            "net_income": 16626,
            "revenue": 219708,
            "common_shares": 834430,
            "book_valuer_per_share": 12.46,
            "book_valuer_per_share_4q_avg": 12.69,
            "equity": 1039456,
            "current_ratio": 172.22,
            "debt_ratio": 32.13,
            "inventory_turnover_ratio": 0.66,
            "account_receivable_turnover_ratio": null,
            "reinvestment_rate": null,
            "research_to_sale_ratio": null,
            "price_fair": 4.68,
            "eps_avg_yearly": 1.56,
            "eps_latest_yearly": 0.8,
            "eps_growth_yearly": -30.32
        },
        "20032": {
            "year_quarter": 20032,
            "year": 2003,
            "quarter": 2,
            "eps": 0.22,
            "eps_growth_year": -68.12,
            "eps_4q": 0.94,
            "eps_4q_growth_year": -55.37,
            "roe": 1.97,
            "roe_4q": 8.64,
            "gross_profit": 93174,
            "gross_margin": 42.33,
            "gross_margin_4q_avg": 39.66,
            "net_income": 20525,
            "revenue": 220124,
            "common_shares": 834430,
            "book_valuer_per_share": 12.46,
            "book_valuer_per_share_4q_avg": 12.31,
            "equity": 1039341,
            "current_ratio": 161.91,
            "debt_ratio": 34.38,
            "inventory_turnover_ratio": 0.65,
            "account_receivable_turnover_ratio": null,
            "reinvestment_rate": null,
            "research_to_sale_ratio": null,
            "price_fair": 4.34,
            "eps_avg_yearly": 1.45,
            "eps_latest_yearly": 0.88,
            "eps_growth_yearly": -18.6
        },
        "20033": {
            "year_quarter": 20033,
            "year": 2003,
            "quarter": 3,
            "eps": 0.1,
            "eps_growth_year": -72.22,
            "eps_4q": 0.71,
            "eps_4q_growth_year": -57.64,
            "roe": 0.91,
            "roe_4q": 6.51,
            "gross_profit": 91584,
            "gross_margin": 42.58,
            "gross_margin_4q_avg": 40.44,
            "net_income": 9495,
            "revenue": 215101,
            "common_shares": 922930,
            "book_valuer_per_share": 11.32,
            "book_valuer_per_share_4q_avg": 12.13,
            "equity": 1044328,
            "current_ratio": 160.69,
            "debt_ratio": 35.22,
            "inventory_turnover_ratio": 0.59,
            "account_receivable_turnover_ratio": null,
            "reinvestment_rate": null,
            "research_to_sale_ratio": null,
            "price_fair": 3.89,
            "eps_avg_yearly": 1.3,
            "eps_latest_yearly": 0.4,
            "eps_growth_yearly": -47.11
        },
        "20034": {
            "year_quarter": 20034,
            "year": 2003,
            "quarter": 4,
            "eps": -0.11,
            "eps_growth_year": -144,
            "eps_4q": 0.4,
            "eps_4q_growth_year": -74.85,
            "roe": -0.93,
            "roe_4q": 3.56,
            "gross_profit": 73135,
            "gross_margin": 39.72,
            "gross_margin_4q_avg": 40.53,
            "net_income": -9701,
            "revenue": 184124,
            "common_shares": 922930,
            "book_valuer_per_share": 11.22,
            "book_valuer_per_share_4q_avg": 11.87,
            "equity": 1035352,
            "current_ratio": 193.39,
            "debt_ratio": 22.44,
            "inventory_turnover_ratio": 0.48,
            "account_receivable_turnover_ratio": null,
            "reinvestment_rate": null,
            "research_to_sale_ratio": null,
            "price_fair": 3.89,
            "eps_avg_yearly": 1.3,
            "eps_latest_yearly": 0.4,
            "eps_growth_yearly": -47.11
        },
        "20041": {
            "year_quarter": 20041,
            "year": 2004,
            "quarter": 1,
            "eps": 0.09,
            "eps_growth_year": -55,
            "eps_4q": 0.32,
            "eps_4q_growth_year": -77.13,
            "roe": 0.78,
            "roe_4q": 2.73,
            "gross_profit": 65993,
            "gross_margin": 33.76,
            "gross_margin_4q_avg": 39.6,
            "net_income": 8043,
            "revenue": 195460,
            "common_shares": 922930,
            "book_valuer_per_share": 11.25,
            "book_valuer_per_share_4q_avg": 11.56,
            "equity": 1037963,
            "current_ratio": 156.93,
            "debt_ratio": 34.18,
            "inventory_turnover_ratio": 0.54,
            "account_receivable_turnover_ratio": null,
            "reinvestment_rate": null,
            "research_to_sale_ratio": null,
            "price_fair": 3.89,
            "eps_avg_yearly": 1.3,
            "eps_latest_yearly": 0.4,
            "eps_growth_yearly": -47.11
        },
        "20042": {
            "year_quarter": 20042,
            "year": 2004,
            "quarter": 2,
            "eps": 0.01,
            "eps_growth_year": -95.45,
            "eps_4q": 0.1,
            "eps_4q_growth_year": -89.8,
            "roe": 0.1,
            "roe_4q": 0.86,
            "gross_profit": 86362,
            "gross_margin": 30.99,
            "gross_margin_4q_avg": 36.76,
            "net_income": 1019,
            "revenue": 278687,
            "common_shares": 922930,
            "book_valuer_per_share": 11.3,
            "book_valuer_per_share_4q_avg": 11.27,
            "equity": 1042713,
            "current_ratio": 136.85,
            "debt_ratio": 34.54,
            "inventory_turnover_ratio": 0.63,
            "account_receivable_turnover_ratio": null,
            "reinvestment_rate": null,
            "research_to_sale_ratio": null,
            "price_fair": 3.42,
            "eps_avg_yearly": 1.14,
            "eps_latest_yearly": 0.04,
            "eps_growth_yearly": -85.67
        },
        "20043": {
            "year_quarter": 20043,
            "year": 2004,
            "quarter": 3,
            "eps": 0.03,
            "eps_growth_year": -70,
            "eps_4q": 0.02,
            "eps_4q_growth_year": -96.66,
            "roe": 0.29,
            "roe_4q": 0.23999999999999988,
            "gross_profit": 79308,
            "gross_margin": 21.71,
            "gross_margin_4q_avg": 31.55,
            "net_income": 3019,
            "revenue": 365226,
            "common_shares": 961360,
            "book_valuer_per_share": 10.89,
            "book_valuer_per_share_4q_avg": 11.17,
            "equity": 1046489,
            "current_ratio": 126.18,
            "debt_ratio": 40.7,
            "inventory_turnover_ratio": 0.7,
            "account_receivable_turnover_ratio": null,
            "reinvestment_rate": null,
            "research_to_sale_ratio": null,
            "price_fair": 23.34,
            "eps_avg_yearly": 1.03,
            "eps_latest_yearly": 0.12,
            "eps_growth_yearly": 12.74
        },
        "20044": {
            "year_quarter": 20044,
            "year": 2004,
            "quarter": 4,
            "eps": -0.09,
            "eps_growth_year": null,
            "eps_4q": 0.04,
            "eps_4q_growth_year": -90,
            "roe": -0.84,
            "roe_4q": 0.32999999999999996,
            "gross_profit": 58187,
            "gross_margin": 19.3,
            "gross_margin_4q_avg": 26.44,
            "net_income": -8674,
            "revenue": 301529,
            "common_shares": 961360,
            "book_valuer_per_share": 10.66,
            "book_valuer_per_share_4q_avg": 11.03,
            "equity": 1025109,
            "current_ratio": 188.81,
            "debt_ratio": 38.6,
            "inventory_turnover_ratio": 0.56,
            "account_receivable_turnover_ratio": null,
            "reinvestment_rate": 41.44,
            "research_to_sale_ratio": null,
            "price_fair": 23.34,
            "eps_avg_yearly": 1.03,
            "eps_latest_yearly": 0.12,
            "eps_growth_yearly": 12.74
        },
        "20051": {
            "year_quarter": 20051,
            "year": 2005,
            "quarter": 1,
            "eps": -0.27,
            "eps_growth_year": -400,
            "eps_4q": -0.32,
            "eps_4q_growth_year": -200.4,
            "roe": -2.55,
            "roe_4q": -2.9999999999999996,
            "gross_profit": 45528,
            "gross_margin": 21.5,
            "gross_margin_4q_avg": 23.38,
            "net_income": -25728,
            "revenue": 211792,
            "common_shares": 961360,
            "book_valuer_per_share": 10.37,
            "book_valuer_per_share_4q_avg": 10.81,
            "equity": 996565,
            "current_ratio": 176.83,
            "debt_ratio": 35.5,
            "inventory_turnover_ratio": 0.44,
            "account_receivable_turnover_ratio": null,
            "reinvestment_rate": -3.52,
            "research_to_sale_ratio": null,
            "price_fair": 23.34,
            "eps_avg_yearly": 1.03,
            "eps_latest_yearly": 0.12,
            "eps_growth_yearly": 12.74
        },
        "20052": {
            "year_quarter": 20052,
            "year": 2005,
            "quarter": 2,
            "eps": -0.2,
            "eps_growth_year": -2100,
            "eps_4q": -0.52,
            "eps_4q_growth_year": -644.64,
            "roe": -1.91,
            "roe_4q": -5.01,
            "gross_profit": 48726,
            "gross_margin": 26.44,
            "gross_margin_4q_avg": 22.24,
            "net_income": -18859,
            "revenue": 184313,
            "common_shares": 961360,
            "book_valuer_per_share": 10.16,
            "book_valuer_per_share_4q_avg": 10.52,
            "equity": 976670,
            "current_ratio": 135.11,
            "debt_ratio": 32.76,
            "inventory_turnover_ratio": 0.42,
            "account_receivable_turnover_ratio": null,
            "reinvestment_rate": -5.52,
            "research_to_sale_ratio": null,
            "price_fair": 23.34,
            "eps_avg_yearly": 1.03,
            "eps_latest_yearly": 0.12,
            "eps_growth_yearly": 12.74
        },
        "20053": {
            "year_quarter": 20053,
            "year": 2005,
            "quarter": 3,
            "eps": 0.14,
            "eps_growth_year": 366.67,
            "eps_4q": -0.41,
            "eps_4q_growth_year": -1818.68,
            "roe": 1.38,
            "roe_4q": -3.92,
            "gross_profit": 70466,
            "gross_margin": 33.22,
            "gross_margin_4q_avg": 25.12,
            "net_income": 13645,
            "revenue": 212114,
            "common_shares": 961360,
            "book_valuer_per_share": 10.41,
            "book_valuer_per_share_4q_avg": 10.4,
            "equity": 1000515,
            "current_ratio": 143.54,
            "debt_ratio": 30.81,
            "inventory_turnover_ratio": 0.45,
            "account_receivable_turnover_ratio": null,
            "reinvestment_rate": -6.5,
            "research_to_sale_ratio": null,
            "price_fair": 23.34,
            "eps_avg_yearly": 1.03,
            "eps_latest_yearly": 0.12,
            "eps_growth_yearly": 12.74
        },
        "20054": {
            "year_quarter": 20054,
            "year": 2005,
            "quarter": 4,
            "eps": 0.09,
            "eps_growth_year": null,
            "eps_4q": -0.22,
            "eps_4q_growth_year": -654.96,
            "roe": 0.87,
            "roe_4q": -2.21,
            "gross_profit": 81278,
            "gross_margin": 33.23,
            "gross_margin_4q_avg": 28.6,
            "net_income": 8926,
            "revenue": 244620,
            "common_shares": 957780,
            "book_valuer_per_share": 10.57,
            "book_valuer_per_share_4q_avg": 10.38,
            "equity": 1055495,
            "current_ratio": 210.98,
            "debt_ratio": 33.12,
            "inventory_turnover_ratio": 0.47,
            "account_receivable_turnover_ratio": null,
            "reinvestment_rate": 86.58,
            "research_to_sale_ratio": null,
            "price_fair": 2.88,
            "eps_avg_yearly": 0.96,
            "eps_latest_yearly": 0.36,
            "eps_growth_yearly": -2.82
        },
        "20061": {
            "year_quarter": 20061,
            "year": 2006,
            "quarter": 1,
            "eps": -0.05,
            "eps_growth_year": null,
            "eps_4q": -0.01,
            "eps_4q_growth_year": null,
            "roe": -0.46,
            "roe_4q": -0.1200000000000001,
            "gross_profit": 65896,
            "gross_margin": 31.88,
            "gross_margin_4q_avg": 31.19,
            "net_income": -4693,
            "revenue": 206683,
            "common_shares": 957780,
            "book_valuer_per_share": 10.52,
            "book_valuer_per_share_4q_avg": 10.42,
            "equity": 1007344,
            "current_ratio": 189.47,
            "debt_ratio": 29.19,
            "inventory_turnover_ratio": 0.41,
            "account_receivable_turnover_ratio": null,
            "reinvestment_rate": -11.05,
            "research_to_sale_ratio": null,
            "price_fair": 2.6,
            "eps_avg_yearly": 0.87,
            "eps_latest_yearly": 0.36,
            "eps_growth_yearly": -6.31
        },
        "20062": {
            "year_quarter": 20062,
            "year": 2006,
            "quarter": 2,
            "eps": -0.22,
            "eps_growth_year": null,
            "eps_4q": -0.03,
            "eps_4q_growth_year": null,
            "roe": -2.11,
            "roe_4q": -0.31999999999999984,
            "gross_profit": 45642,
            "gross_margin": 31.85,
            "gross_margin_4q_avg": 32.55,
            "net_income": -21054,
            "revenue": 143314,
            "common_shares": 957780,
            "book_valuer_per_share": 10.3,
            "book_valuer_per_share_4q_avg": 10.45,
            "equity": 986899,
            "current_ratio": 169.83,
            "debt_ratio": 29.42,
            "inventory_turnover_ratio": 0.32,
            "account_receivable_turnover_ratio": null,
            "reinvestment_rate": -27.28,
            "research_to_sale_ratio": null,
            "price_fair": 1.89,
            "eps_avg_yearly": 0.63,
            "eps_latest_yearly": 0.36,
            "eps_growth_yearly": -33.77
        },
        "20063": {
            "year_quarter": 20063,
            "year": 2006,
            "quarter": 3,
            "eps": -0.14,
            "eps_growth_year": -200,
            "eps_4q": -0.31,
            "eps_4q_growth_year": null,
            "roe": -1.32,
            "roe_4q": -3.0199999999999996,
            "gross_profit": 37668,
            "gross_margin": 24.74,
            "gross_margin_4q_avg": 30.43,
            "net_income": -13029,
            "revenue": 152237,
            "common_shares": 957780,
            "book_valuer_per_share": 10.24,
            "book_valuer_per_share_4q_avg": 10.41,
            "equity": 980612,
            "current_ratio": 172.54,
            "debt_ratio": 27.9,
            "inventory_turnover_ratio": 0.38,
            "account_receivable_turnover_ratio": null,
            "reinvestment_rate": -16330.3,
            "research_to_sale_ratio": null,
            "price_fair": 1.54,
            "eps_avg_yearly": 0.51,
            "eps_latest_yearly": 0.36,
            "eps_growth_yearly": -11.26
        },
        "20064": {
            "year_quarter": 20064,
            "year": 2006,
            "quarter": 4,
            "eps": 0.48,
            "eps_growth_year": 433.33,
            "eps_4q": 0.07,
            "eps_4q_growth_year": null,
            "roe": 4.45,
            "roe_4q": 0.56,
            "gross_profit": 69438,
            "gross_margin": 29.78,
            "gross_margin_4q_avg": 29.56,
            "net_income": 45579,
            "revenue": 233186,
            "common_shares": 957780,
            "book_valuer_per_share": 10.73,
            "book_valuer_per_share_4q_avg": 10.45,
            "equity": 1068116,
            "current_ratio": 158.36,
            "debt_ratio": 31.73,
            "inventory_turnover_ratio": 0.52,
            "account_receivable_turnover_ratio": null,
            "reinvestment_rate": -9.47,
            "research_to_sale_ratio": null,
            "price_fair": 7.47,
            "eps_avg_yearly": 0.43,
            "eps_latest_yearly": 0.36,
            "eps_growth_yearly": 7.23
        },
        "20071": {
            "year_quarter": 20071,
            "year": 2007,
            "quarter": 1,
            "eps": 0.04,
            "eps_growth_year": null,
            "eps_4q": 0.17,
            "eps_4q_growth_year": null,
            "roe": 0.35,
            "roe_4q": 1.3699999999999997,
            "gross_profit": 48439,
            "gross_margin": 23.41,
            "gross_margin_4q_avg": 27.45,
            "net_income": 3672,
            "revenue": 206925,
            "common_shares": 957780,
            "book_valuer_per_share": 10.83,
            "book_valuer_per_share_4q_avg": 10.53,
            "equity": 1037450,
            "current_ratio": 139.63,
            "debt_ratio": 27.29,
            "inventory_turnover_ratio": 0.53,
            "account_receivable_turnover_ratio": null,
            "reinvestment_rate": -180.85,
            "research_to_sale_ratio": null,
            "price_fair": 0.98,
            "eps_avg_yearly": 0.33,
            "eps_latest_yearly": 0.16,
            "eps_growth_yearly": -40.54
        },
        "20072": {
            "year_quarter": 20072,
            "year": 2007,
            "quarter": 2,
            "eps": 0.2,
            "eps_growth_year": null,
            "eps_4q": 0.59,
            "eps_4q_growth_year": null,
            "roe": 1.79,
            "roe_4q": 5.27,
            "gross_profit": 77826,
            "gross_margin": 33.65,
            "gross_margin_4q_avg": 27.9,
            "net_income": 18757,
            "revenue": 231279,
            "common_shares": 957780,
            "book_valuer_per_share": 11.04,
            "book_valuer_per_share_4q_avg": 10.71,
            "equity": 1057021,
            "current_ratio": 138.66,
            "debt_ratio": 28.01,
            "inventory_turnover_ratio": 0.58,
            "account_receivable_turnover_ratio": null,
            "reinvestment_rate": -287.94,
            "research_to_sale_ratio": null,
            "price_fair": 10.97,
            "eps_avg_yearly": 0.31,
            "eps_latest_yearly": 0.8,
            "eps_growth_yearly": 219.46
        },
        "20073": {
            "year_quarter": 20073,
            "year": 2007,
            "quarter": 3,
            "eps": 0.26,
            "eps_growth_year": null,
            "eps_4q": 0.96,
            "eps_4q_growth_year": null,
            "roe": 2.37,
            "roe_4q": 8.96,
            "gross_profit": 92328,
            "gross_margin": 32.48,
            "gross_margin_4q_avg": 29.83,
            "net_income": 25352,
            "revenue": 284302,
            "common_shares": 957780,
            "book_valuer_per_share": 11.32,
            "book_valuer_per_share_4q_avg": 10.98,
            "equity": 1083743,
            "current_ratio": 139.59,
            "debt_ratio": 31.67,
            "inventory_turnover_ratio": 0.65,
            "account_receivable_turnover_ratio": null,
            "reinvestment_rate": -121.18,
            "research_to_sale_ratio": null,
            "price_fair": 14.7,
            "eps_avg_yearly": 0.42,
            "eps_latest_yearly": 1.04,
            "eps_growth_yearly": 275.82
        },
        "20074": {
            "year_quarter": 20074,
            "year": 2007,
            "quarter": 4,
            "eps": 0.49,
            "eps_growth_year": 2.08,
            "eps_4q": 0.99,
            "eps_4q_growth_year": 1284.67,
            "roe": 4.06,
            "roe_4q": 8.569999999999999,
            "gross_profit": 71729,
            "gross_margin": 30.71,
            "gross_margin_4q_avg": 30.06,
            "net_income": 46636,
            "revenue": 233575,
            "common_shares": 973465,
            "book_valuer_per_share": 11.89,
            "book_valuer_per_share_4q_avg": 11.27,
            "equity": 1211643,
            "current_ratio": 173.1,
            "debt_ratio": 33.92,
            "inventory_turnover_ratio": 0.38,
            "account_receivable_turnover_ratio": null,
            "reinvestment_rate": -22.97,
            "research_to_sale_ratio": null,
            "price_fair": 22.4,
            "eps_avg_yearly": 0.64,
            "eps_latest_yearly": 1.96,
            "eps_growth_yearly": 286.97
        },
        "20081": {
            "year_quarter": 20081,
            "year": 2008,
            "quarter": 1,
            "eps": -0.31,
            "eps_growth_year": -875,
            "eps_4q": 0.59,
            "eps_4q_growth_year": 256.02,
            "roe": -2.69,
            "roe_4q": 5.529999999999999,
            "gross_profit": 47148,
            "gross_margin": 26.76,
            "gross_margin_4q_avg": 30.9,
            "net_income": -32109,
            "revenue": 176216,
            "common_shares": 974255,
            "book_valuer_per_share": 11.52,
            "book_valuer_per_share_4q_avg": 11.44,
            "equity": 1173571,
            "current_ratio": 171.61,
            "debt_ratio": 33.01,
            "inventory_turnover_ratio": 0.25,
            "account_receivable_turnover_ratio": null,
            "reinvestment_rate": 253.7,
            "research_to_sale_ratio": null,
            "price_fair": 22.4,
            "eps_avg_yearly": 0.64,
            "eps_latest_yearly": 1.96,
            "eps_growth_yearly": 286.97
        },
        "20082": {
            "year_quarter": 20082,
            "year": 2008,
            "quarter": 2,
            "eps": -0.14,
            "eps_growth_year": -170,
            "eps_4q": 0.29,
            "eps_4q_growth_year": -50.82,
            "roe": -1.15,
            "roe_4q": 2.59,
            "gross_profit": 40639,
            "gross_margin": 21.05,
            "gross_margin_4q_avg": 27.75,
            "net_income": -13388,
            "revenue": 193022,
            "common_shares": 975360,
            "book_valuer_per_share": 11.28,
            "book_valuer_per_share_4q_avg": 11.5,
            "equity": 1151488,
            "current_ratio": 189.45,
            "debt_ratio": 32.88,
            "inventory_turnover_ratio": 0.3,
            "account_receivable_turnover_ratio": null,
            "reinvestment_rate": 336.56,
            "research_to_sale_ratio": null,
            "price_fair": 25.9,
            "eps_avg_yearly": 0.74,
            "eps_latest_yearly": 1.96,
            "eps_growth_yearly": 394.05
        },
        "20083": {
            "year_quarter": 20083,
            "year": 2008,
            "quarter": 3,
            "eps": -0.43,
            "eps_growth_year": -265.38,
            "eps_4q": -0.41,
            "eps_4q_growth_year": -142.51,
            "roe": -5.58,
            "roe_4q": -5.36,
            "gross_profit": 31269,
            "gross_margin": 18.13,
            "gross_margin_4q_avg": 24.16,
            "net_income": -63012,
            "revenue": 172463,
            "common_shares": 1027215,
            "book_valuer_per_share": 10.43,
            "book_valuer_per_share_4q_avg": 11.28,
            "equity": 1107473,
            "current_ratio": 182.19,
            "debt_ratio": 32.54,
            "inventory_turnover_ratio": 0.29,
            "account_receivable_turnover_ratio": null,
            "reinvestment_rate": null,
            "research_to_sale_ratio": null,
            "price_fair": 30.24,
            "eps_avg_yearly": 0.86,
            "eps_latest_yearly": 1.96,
            "eps_growth_yearly": 312.86
        },
        "20084": {
            "year_quarter": 20084,
            "year": 2008,
            "quarter": 4,
            "eps": -1.17,
            "eps_growth_year": -338.78,
            "eps_4q": -1.84,
            "eps_4q_growth_year": -285.27,
            "roe": -11.82,
            "roe_4q": -21.24,
            "gross_profit": -54698,
            "gross_margin": -45.1,
            "gross_margin_4q_avg": 5.21,
            "net_income": -122254,
            "revenue": 121283,
            "common_shares": 1027215,
            "book_valuer_per_share": 9.3,
            "book_valuer_per_share_4q_avg": 10.63,
            "equity": 960670,
            "current_ratio": 165.61,
            "debt_ratio": 32.12,
            "inventory_turnover_ratio": 0.41,
            "account_receivable_turnover_ratio": 2.27,
            "reinvestment_rate": null,
            "research_to_sale_ratio": null,
            "price_fair": 30.24,
            "eps_avg_yearly": 0.86,
            "eps_latest_yearly": 1.96,
            "eps_growth_yearly": 312.86
        },
        "20091": {
            "year_quarter": 20091,
            "year": 2009,
            "quarter": 1,
            "eps": -0.75,
            "eps_growth_year": null,
            "eps_4q": -2.49,
            "eps_4q_growth_year": -523.94,
            "roe": -8.39,
            "roe_4q": -26.939999999999998,
            "gross_profit": -38280,
            "gross_margin": -43.81,
            "gross_margin_4q_avg": -12.43,
            "net_income": -77587,
            "revenue": 87384,
            "common_shares": 1027215,
            "book_valuer_per_share": 8.62,
            "book_valuer_per_share_4q_avg": 9.91,
            "equity": 889539,
            "current_ratio": 157.04,
            "debt_ratio": 28.88,
            "inventory_turnover_ratio": 0.36,
            "account_receivable_turnover_ratio": 1.01,
            "reinvestment_rate": null,
            "research_to_sale_ratio": null,
            "price_fair": 30.24,
            "eps_avg_yearly": 0.86,
            "eps_latest_yearly": 1.96,
            "eps_growth_yearly": 312.86
        },
        "20092": {
            "year_quarter": 20092,
            "year": 2009,
            "quarter": 2,
            "eps": -0.42,
            "eps_growth_year": null,
            "eps_4q": -2.78,
            "eps_4q_growth_year": -1064.22,
            "roe": -5.11,
            "roe_4q": -30.9,
            "gross_profit": 562,
            "gross_margin": 0.45,
            "gross_margin_4q_avg": -17.58,
            "net_income": -44095,
            "revenue": 124911,
            "common_shares": 1027465,
            "book_valuer_per_share": 8.13,
            "book_valuer_per_share_4q_avg": 9.12,
            "equity": 836947,
            "current_ratio": 137.79,
            "debt_ratio": 31.4,
            "inventory_turnover_ratio": 0.41,
            "account_receivable_turnover_ratio": 1.41,
            "reinvestment_rate": null,
            "research_to_sale_ratio": null,
            "price_fair": 30.24,
            "eps_avg_yearly": 0.86,
            "eps_latest_yearly": 1.96,
            "eps_growth_yearly": 312.86
        },
        "20093": {
            "year_quarter": 20093,
            "year": 2009,
            "quarter": 3,
            "eps": -0.05,
            "eps_growth_year": null,
            "eps_4q": -2.39,
            "eps_4q_growth_year": null,
            "roe": -0.66,
            "roe_4q": -25.98,
            "gross_profit": 46219,
            "gross_margin": 23.09,
            "gross_margin_4q_avg": -16.34,
            "net_income": -5479,
            "revenue": 200134,
            "common_shares": 1028983,
            "book_valuer_per_share": 8.06,
            "book_valuer_per_share_4q_avg": 8.53,
            "equity": 829827,
            "current_ratio": 121.2,
            "debt_ratio": 40.75,
            "inventory_turnover_ratio": 0.45,
            "account_receivable_turnover_ratio": 1.54,
            "reinvestment_rate": null,
            "research_to_sale_ratio": null,
            "price_fair": 30.24,
            "eps_avg_yearly": 0.86,
            "eps_latest_yearly": 1.96,
            "eps_growth_yearly": 312.86
        },
        "20094": {
            "year_quarter": 20094,
            "year": 2009,
            "quarter": 4,
            "eps": -0.25,
            "eps_growth_year": null,
            "eps_4q": -1.46,
            "eps_4q_growth_year": null,
            "roe": -3.14,
            "roe_4q": -17.3,
            "gross_profit": 26343,
            "gross_margin": 14.35,
            "gross_margin_4q_avg": -1.48,
            "net_income": -25738,
            "revenue": 183629,
            "common_shares": 1035613,
            "book_valuer_per_share": 7.83,
            "book_valuer_per_share_4q_avg": 8.16,
            "equity": 811554,
            "current_ratio": 117.66,
            "debt_ratio": 39.17,
            "inventory_turnover_ratio": 0.4,
            "account_receivable_turnover_ratio": 1.38,
            "reinvestment_rate": null,
            "research_to_sale_ratio": null,
            "price_fair": 34.65,
            "eps_avg_yearly": 0.99,
            "eps_latest_yearly": 1.96,
            "eps_growth_yearly": 426.79
        },
        "20101": {
            "year_quarter": 20101,
            "year": 2010,
            "quarter": 1,
            "eps": -0.11,
            "eps_growth_year": null,
            "eps_4q": -0.83,
            "eps_4q_growth_year": null,
            "roe": -1.5,
            "roe_4q": -10.41,
            "gross_profit": 46509,
            "gross_margin": 23.9,
            "gross_margin_4q_avg": 15.45,
            "net_income": -12127,
            "revenue": 194595,
            "common_shares": 1037043,
            "book_valuer_per_share": 7.72,
            "book_valuer_per_share_4q_avg": 7.94,
            "equity": 800772,
            "current_ratio": 116.54,
            "debt_ratio": 38.59,
            "inventory_turnover_ratio": 0.4,
            "account_receivable_turnover_ratio": 0.67,
            "reinvestment_rate": null,
            "research_to_sale_ratio": 8.61,
            "price_fair": 34.65,
            "eps_avg_yearly": 0.99,
            "eps_latest_yearly": 1.96,
            "eps_growth_yearly": 426.79
        },
        "20102": {
            "year_quarter": 20102,
            "year": 2010,
            "quarter": 2,
            "eps": 0.26,
            "eps_growth_year": null,
            "eps_4q": -0.15,
            "eps_4q_growth_year": null,
            "roe": 3.27,
            "roe_4q": -2.0300000000000002,
            "gross_profit": 108400,
            "gross_margin": 30.06,
            "gross_margin_4q_avg": 22.85,
            "net_income": 26651,
            "revenue": 360567,
            "common_shares": 1037043,
            "book_valuer_per_share": 8.01,
            "book_valuer_per_share_4q_avg": 7.91,
            "equity": 830331,
            "current_ratio": 121.14,
            "debt_ratio": 43.74,
            "inventory_turnover_ratio": 0.66,
            "account_receivable_turnover_ratio": 1.07,
            "reinvestment_rate": null,
            "research_to_sale_ratio": 4.57,
            "price_fair": 34.65,
            "eps_avg_yearly": 0.99,
            "eps_latest_yearly": 1.96,
            "eps_growth_yearly": 426.79
        },
        "20103": {
            "year_quarter": 20103,
            "year": 2010,
            "quarter": 3,
            "eps": 0.19,
            "eps_growth_year": null,
            "eps_4q": 0.09,
            "eps_4q_growth_year": null,
            "roe": 2.29,
            "roe_4q": 0.9200000000000004,
            "gross_profit": 125201,
            "gross_margin": 34.25,
            "gross_margin_4q_avg": 25.64,
            "net_income": 19237,
            "revenue": 365512,
            "common_shares": 1037283,
            "book_valuer_per_share": 8.19,
            "book_valuer_per_share_4q_avg": 7.94,
            "equity": 848970,
            "current_ratio": 124.51,
            "debt_ratio": 42.76,
            "inventory_turnover_ratio": 0.57,
            "account_receivable_turnover_ratio": 0.98,
            "reinvestment_rate": null,
            "research_to_sale_ratio": 5.55,
            "price_fair": 33.04,
            "eps_avg_yearly": 0.94,
            "eps_latest_yearly": 0.76,
            "eps_growth_yearly": 319.9
        },
        "20104": {
            "year_quarter": 20104,
            "year": 2010,
            "quarter": 4,
            "eps": 0.45,
            "eps_growth_year": null,
            "eps_4q": 0.78,
            "eps_4q_growth_year": null,
            "roe": 5.33,
            "roe_4q": 9.39,
            "gross_profit": 128826,
            "gross_margin": 30.67,
            "gross_margin_4q_avg": 29.72,
            "net_income": 46302,
            "revenue": 420010,
            "common_shares": 1040003,
            "book_valuer_per_share": 8.54,
            "book_valuer_per_share_4q_avg": 8.12,
            "equity": 886907,
            "current_ratio": 128.61,
            "debt_ratio": 43.26,
            "inventory_turnover_ratio": 0.67,
            "account_receivable_turnover_ratio": 1,
            "reinvestment_rate": null,
            "research_to_sale_ratio": 5.15,
            "price_fair": 38.03,
            "eps_avg_yearly": 1.09,
            "eps_latest_yearly": 1.8,
            "eps_growth_yearly": 357.81
        },
        "20111": {
            "year_quarter": 20111,
            "year": 2011,
            "quarter": 1,
            "eps": 0.41,
            "eps_growth_year": null,
            "eps_4q": 1.31,
            "eps_4q_growth_year": null,
            "roe": 4.65,
            "roe_4q": 15.54,
            "gross_profit": 148165,
            "gross_margin": 33.48,
            "gross_margin_4q_avg": 32.12,
            "net_income": 42530,
            "revenue": 442592,
            "common_shares": 1041103,
            "book_valuer_per_share": 9.08,
            "book_valuer_per_share_4q_avg": 8.46,
            "equity": 944132,
            "current_ratio": 252.63,
            "debt_ratio": 43.7,
            "inventory_turnover_ratio": 0.68,
            "account_receivable_turnover_ratio": 0.94,
            "reinvestment_rate": null,
            "research_to_sale_ratio": 4.91,
            "price_fair": 46.67,
            "eps_avg_yearly": 1.33,
            "eps_latest_yearly": 1.64,
            "eps_growth_yearly": 412.99
        },
        "20112": {
            "year_quarter": 20112,
            "year": 2011,
            "quarter": 2,
            "eps": 0,
            "eps_growth_year": -99.18,
            "eps_4q": 1.02,
            "eps_4q_growth_year": null,
            "roe": 0,
            "roe_4q": 12.27,
            "gross_profit": 127823,
            "gross_margin": 28.69,
            "gross_margin_4q_avg": 31.77,
            "net_income": 10,
            "revenue": 445575,
            "common_shares": 1063933,
            "book_valuer_per_share": 9.41,
            "book_valuer_per_share_4q_avg": 8.81,
            "equity": 1000232,
            "current_ratio": 224.91,
            "debt_ratio": 43.64,
            "inventory_turnover_ratio": 0.65,
            "account_receivable_turnover_ratio": 0.87,
            "reinvestment_rate": null,
            "research_to_sale_ratio": 5.17,
            "price_fair": 50.4,
            "eps_avg_yearly": 1.44,
            "eps_latest_yearly": 1.64,
            "eps_growth_yearly": 175.59
        },
        "20113": {
            "year_quarter": 20113,
            "year": 2011,
            "quarter": 3,
            "eps": 0.6,
            "eps_growth_year": 219.18,
            "eps_4q": 1.44,
            "eps_4q_growth_year": 1473.45,
            "roe": 6.12,
            "roe_4q": 16.1,
            "gross_profit": 176996,
            "gross_margin": 31.25,
            "gross_margin_4q_avg": 31.02,
            "net_income": 64110,
            "revenue": 566465,
            "common_shares": 1071906,
            "book_valuer_per_share": 10.23,
            "book_valuer_per_share_4q_avg": 9.32,
            "equity": 1095454,
            "current_ratio": 203.52,
            "debt_ratio": 46.28,
            "inventory_turnover_ratio": 0.61,
            "account_receivable_turnover_ratio": 0.88,
            "reinvestment_rate": null,
            "research_to_sale_ratio": 5.02,
            "price_fair": 53.9,
            "eps_avg_yearly": 1.54,
            "eps_latest_yearly": 1.64,
            "eps_growth_yearly": 189.49
        },
        "20114": {
            "year_quarter": 20114,
            "year": 2011,
            "quarter": 4,
            "eps": 0.57,
            "eps_growth_year": 27.33,
            "eps_4q": 1.57,
            "eps_4q_growth_year": 100.61,
            "roe": 5.46,
            "roe_4q": 16.23,
            "gross_profit": 179797,
            "gross_margin": 32.55,
            "gross_margin_4q_avg": 31.49,
            "net_income": 61084,
            "revenue": 552346,
            "common_shares": 1071906,
            "book_valuer_per_share": 10.68,
            "book_valuer_per_share_4q_avg": 9.85,
            "equity": 1142738,
            "current_ratio": 205.42,
            "debt_ratio": 46.12,
            "inventory_turnover_ratio": 0.53,
            "account_receivable_turnover_ratio": 0.74,
            "reinvestment_rate": null,
            "research_to_sale_ratio": 4.73,
            "price_fair": 56.7,
            "eps_avg_yearly": 1.62,
            "eps_latest_yearly": 2.28,
            "eps_growth_yearly": 96.03
        },
        "20121": {
            "year_quarter": 20121,
            "year": 2012,
            "quarter": 1,
            "eps": 0.4,
            "eps_growth_year": -2.44,
            "eps_4q": 1.48,
            "eps_4q_growth_year": 12.91,
            "roe": 3.47,
            "roe_4q": 15.05,
            "gross_profit": 194183,
            "gross_margin": 28.26,
            "gross_margin_4q_avg": 30.19,
            "net_income": 43668,
            "revenue": 687044,
            "common_shares": 1071906,
            "book_valuer_per_share": 12.81,
            "book_valuer_per_share_4q_avg": 10.78,
            "equity": 1371870,
            "current_ratio": 181.75,
            "debt_ratio": 37.44,
            "inventory_turnover_ratio": 0.76,
            "account_receivable_turnover_ratio": 0.9,
            "reinvestment_rate": null,
            "research_to_sale_ratio": 4.78,
            "price_fair": 56.56,
            "eps_avg_yearly": 1.62,
            "eps_latest_yearly": 1.6,
            "eps_growth_yearly": 52.96
        },
        "20122": {
            "year_quarter": 20122,
            "year": 2012,
            "quarter": 2,
            "eps": 0.38,
            "eps_growth_year": 17398.47,
            "eps_4q": 1.84,
            "eps_4q_growth_year": 79.71,
            "roe": 3.09,
            "roe_4q": 18.14,
            "gross_profit": 224569,
            "gross_margin": 30.22,
            "gross_margin_4q_avg": 30.57,
            "net_income": 43564,
            "revenue": 743176,
            "common_shares": 1147845,
            "book_valuer_per_share": 12.59,
            "book_valuer_per_share_4q_avg": 11.58,
            "equity": 1443562,
            "current_ratio": 171.61,
            "debt_ratio": 41.61,
            "inventory_turnover_ratio": 0.85,
            "account_receivable_turnover_ratio": 0.99,
            "reinvestment_rate": 48428.45,
            "research_to_sale_ratio": 5.07,
            "price_fair": 56,
            "eps_avg_yearly": 1.6,
            "eps_latest_yearly": 1.52,
            "eps_growth_yearly": 40.8
        },
        "20123": {
            "year_quarter": 20123,
            "year": 2012,
            "quarter": 3,
            "eps": 0.5,
            "eps_growth_year": -16.95,
            "eps_4q": 1.75,
            "eps_4q_growth_year": 21.82,
            "roe": 3.93,
            "roe_4q": 15.95,
            "gross_profit": 222148,
            "gross_margin": 27.75,
            "gross_margin_4q_avg": 29.7,
            "net_income": 59142,
            "revenue": 800610,
            "common_shares": 1159461,
            "book_valuer_per_share": 13.55,
            "book_valuer_per_share_4q_avg": 12.41,
            "equity": 1568635,
            "current_ratio": 192.51,
            "debt_ratio": 37.09,
            "inventory_turnover_ratio": 0.88,
            "account_receivable_turnover_ratio": 1.14,
            "reinvestment_rate": 497.56,
            "research_to_sale_ratio": 4.92,
            "price_fair": 58,
            "eps_avg_yearly": 1.66,
            "eps_latest_yearly": 2,
            "eps_growth_yearly": 53.02
        },
        "20124": {
            "year_quarter": 20124,
            "year": 2012,
            "quarter": 4,
            "eps": 0.37,
            "eps_growth_year": -34.3,
            "eps_4q": 1.61,
            "eps_4q_growth_year": 2.39,
            "roe": 2.84,
            "roe_4q": 13.33,
            "gross_profit": 168690,
            "gross_margin": 25.96,
            "gross_margin_4q_avg": 28.05,
            "net_income": 44868,
            "revenue": 649877,
            "common_shares": 1187985,
            "book_valuer_per_share": 13.37,
            "book_valuer_per_share_4q_avg": 13.08,
            "equity": 1587749,
            "current_ratio": 221.66,
            "debt_ratio": 31.19,
            "inventory_turnover_ratio": 0.73,
            "account_receivable_turnover_ratio": 1,
            "reinvestment_rate": 42.16,
            "research_to_sale_ratio": 7.67,
            "price_fair": 57.23,
            "eps_avg_yearly": 1.64,
            "eps_latest_yearly": 1.48,
            "eps_growth_yearly": 33.39
        },
        "20131": {
            "year_quarter": 20131,
            "year": 2013,
            "quarter": 1,
            "eps": 0.32,
            "eps_growth_year": -20,
            "eps_4q": 1.57,
            "eps_4q_growth_year": 5.99,
            "roe": 2.39,
            "roe_4q": 12.25,
            "gross_profit": 166695,
            "gross_margin": 29.89,
            "gross_margin_4q_avg": 28.46,
            "net_income": 38496,
            "revenue": 557620,
            "common_shares": 1187985,
            "book_valuer_per_share": 13.75,
            "book_valuer_per_share_4q_avg": 13.32,
            "equity": 1633536,
            "current_ratio": 235.91,
            "debt_ratio": 29.31,
            "inventory_turnover_ratio": 0.62,
            "account_receivable_turnover_ratio": 1.11,
            "reinvestment_rate": 38.16,
            "research_to_sale_ratio": 7.9,
            "price_fair": 53.73,
            "eps_avg_yearly": 1.6,
            "eps_latest_yearly": 1.28,
            "eps_growth_yearly": 23.68
        },
        "20132": {
            "year_quarter": 20132,
            "year": 2013,
            "quarter": 2,
            "eps": 0.54,
            "eps_growth_year": 43.27,
            "eps_4q": 1.74,
            "eps_4q_growth_year": -5.2,
            "roe": 3.96,
            "roe_4q": 13.12,
            "gross_profit": 227757,
            "gross_margin": 28.64,
            "gross_margin_4q_avg": 28.06,
            "net_income": 64634,
            "revenue": 795146,
            "common_shares": 1187985,
            "book_valuer_per_share": 13.7,
            "book_valuer_per_share_4q_avg": 13.59,
            "equity": 1627078,
            "current_ratio": 180.22,
            "debt_ratio": 38.85,
            "inventory_turnover_ratio": 0.86,
            "account_receivable_turnover_ratio": 1.74,
            "reinvestment_rate": 41.45,
            "research_to_sale_ratio": 5.77,
            "price_fair": 57.82,
            "eps_avg_yearly": 1.65,
            "eps_latest_yearly": 2.16,
            "eps_growth_yearly": 48.81
        },
        "20133": {
            "year_quarter": 20133,
            "year": 2013,
            "quarter": 3,
            "eps": 1.05,
            "eps_growth_year": 110.61,
            "eps_4q": 2.29,
            "eps_4q_growth_year": 30.95,
            "roe": 7.38,
            "roe_4q": 16.57,
            "gross_profit": 274862,
            "gross_margin": 28.23,
            "gross_margin_4q_avg": 28.18,
            "net_income": 124538,
            "revenue": 973559,
            "common_shares": 1187985,
            "book_valuer_per_share": 14.7,
            "book_valuer_per_share_4q_avg": 13.88,
            "equity": 1746011,
            "current_ratio": 196.32,
            "debt_ratio": 36.23,
            "inventory_turnover_ratio": 0.99,
            "account_receivable_turnover_ratio": 1.81,
            "reinvestment_rate": 33.85,
            "research_to_sale_ratio": 4.95,
            "price_fair": 65.93,
            "eps_avg_yearly": 1.88,
            "eps_latest_yearly": 4.2,
            "eps_growth_yearly": 78.71
        },
        "20134": {
            "year_quarter": 20134,
            "year": 2013,
            "quarter": 4,
            "eps": 1.09,
            "eps_growth_year": 190.51,
            "eps_4q": 3.01,
            "eps_4q_growth_year": 86.7,
            "roe": 7.15,
            "roe_4q": 20.880000000000003,
            "gross_profit": 290850,
            "gross_margin": 30.28,
            "gross_margin_4q_avg": 29.26,
            "net_income": 129373,
            "revenue": 960386,
            "common_shares": 1187985,
            "book_valuer_per_share": 15.75,
            "book_valuer_per_share_4q_avg": 14.48,
            "equity": 1871663,
            "current_ratio": 216.58,
            "debt_ratio": 33.65,
            "inventory_turnover_ratio": 1,
            "account_receivable_turnover_ratio": 1.73,
            "reinvestment_rate": 10.08,
            "research_to_sale_ratio": 5.18,
            "price_fair": 73.15,
            "eps_avg_yearly": 2.09,
            "eps_latest_yearly": 4.36,
            "eps_growth_yearly": 73.42
        },
        "20141": {
            "year_quarter": 20141,
            "year": 2014,
            "quarter": 1,
            "eps": 1.19,
            "eps_growth_year": 271.88,
            "eps_4q": 3.88,
            "eps_4q_growth_year": 147.56,
            "roe": 7.3,
            "roe_4q": 25.79,
            "gross_profit": 315979,
            "gross_margin": 33.18,
            "gross_margin_4q_avg": 30.08,
            "net_income": 141807,
            "revenue": 952351,
            "common_shares": 1187985,
            "book_valuer_per_share": 16.95,
            "book_valuer_per_share_4q_avg": 15.28,
            "equity": 2013925,
            "current_ratio": 238.56,
            "debt_ratio": 31.31,
            "inventory_turnover_ratio": 1.04,
            "account_receivable_turnover_ratio": 1.64,
            "reinvestment_rate": 12.26,
            "research_to_sale_ratio": 5.59,
            "price_fair": 80.34,
            "eps_avg_yearly": 2.3,
            "eps_latest_yearly": 4.76,
            "eps_growth_yearly": 70.6
        },
        "20142": {
            "year_quarter": 20142,
            "year": 2014,
            "quarter": 2,
            "eps": 0.84,
            "eps_growth_year": 55.56,
            "eps_4q": 4.17,
            "eps_4q_growth_year": 139.28,
            "roe": 5.12,
            "roe_4q": 26.95,
            "gross_profit": 268244,
            "gross_margin": 31.92,
            "gross_margin_4q_avg": 30.9,
            "net_income": 99325,
            "revenue": 840432,
            "common_shares": 1187985,
            "book_valuer_per_share": 15.7,
            "book_valuer_per_share_4q_avg": 15.78,
            "equity": 1864959,
            "current_ratio": 194.34,
            "debt_ratio": 38.31,
            "inventory_turnover_ratio": 0.96,
            "account_receivable_turnover_ratio": 1.56,
            "reinvestment_rate": 8.53,
            "research_to_sale_ratio": 7,
            "price_fair": 83,
            "eps_avg_yearly": 2.37,
            "eps_latest_yearly": 3.36,
            "eps_growth_yearly": 57.15
        },
        "20143": {
            "year_quarter": 20143,
            "year": 2014,
            "quarter": 3,
            "eps": 0.98,
            "eps_growth_year": -6.67,
            "eps_4q": 4.09,
            "eps_4q_growth_year": 78.71,
            "roe": 6.01,
            "roe_4q": 25.58,
            "gross_profit": 248269,
            "gross_margin": 29.3,
            "gross_margin_4q_avg": 31.17,
            "net_income": 115948,
            "revenue": 847289,
            "common_shares": 1187985,
            "book_valuer_per_share": 16.79,
            "book_valuer_per_share_4q_avg": 16.3,
            "equity": 1994474,
            "current_ratio": 224.51,
            "debt_ratio": 33.41,
            "inventory_turnover_ratio": 0.92,
            "account_receivable_turnover_ratio": 1.62,
            "reinvestment_rate": 24.89,
            "research_to_sale_ratio": 6.73,
            "price_fair": 90.9,
            "eps_avg_yearly": 2.6,
            "eps_latest_yearly": 3.92,
            "eps_growth_yearly": 69.61
        },
        "20144": {
            "year_quarter": 20144,
            "year": 2014,
            "quarter": 4,
            "eps": 1.51,
            "eps_growth_year": 38.54,
            "eps_4q": 4.51,
            "eps_4q_growth_year": 50.21,
            "roe": 8.57,
            "roe_4q": 27,
            "gross_profit": 300253,
            "gross_margin": 31.59,
            "gross_margin_4q_avg": 31.5,
            "net_income": 179231,
            "revenue": 950416,
            "common_shares": 1187985,
            "book_valuer_per_share": 18.43,
            "book_valuer_per_share_4q_avg": 16.97,
            "equity": 2189961,
            "current_ratio": 226.71,
            "debt_ratio": 33.46,
            "inventory_turnover_ratio": 0.86,
            "account_receivable_turnover_ratio": 1.6,
            "reinvestment_rate": 7.96,
            "research_to_sale_ratio": 6.62,
            "price_fair": 101.5,
            "eps_avg_yearly": 2.9,
            "eps_latest_yearly": 6.04,
            "eps_growth_yearly": 45.96
        },
        "20151": {
            "year_quarter": 20151,
            "year": 2015,
            "quarter": 1,
            "eps": 0.8,
            "eps_growth_year": -32.77,
            "eps_4q": 4.12,
            "eps_4q_growth_year": 6.42,
            "roe": 4.27,
            "roe_4q": 23.970000000000002,
            "gross_profit": 271635,
            "gross_margin": 31.33,
            "gross_margin_4q_avg": 31.04,
            "net_income": 95404,
            "revenue": 867101,
            "common_shares": 1187985,
            "book_valuer_per_share": 19.19,
            "book_valuer_per_share_4q_avg": 17.53,
            "equity": 2279502,
            "current_ratio": 262.68,
            "debt_ratio": 28.92,
            "inventory_turnover_ratio": 0.74,
            "account_receivable_turnover_ratio": 1.39,
            "reinvestment_rate": -0.25,
            "research_to_sale_ratio": 7.1,
            "price_fair": 105.4,
            "eps_avg_yearly": 3.01,
            "eps_latest_yearly": 3.2,
            "eps_growth_yearly": 35.07
        },
        "20152": {
            "year_quarter": 20152,
            "year": 2015,
            "quarter": 2,
            "eps": 0.36,
            "eps_growth_year": -57.14,
            "eps_4q": 3.64,
            "eps_4q_growth_year": -12.64,
            "roe": 1.98,
            "roe_4q": 20.83,
            "gross_profit": 215733,
            "gross_margin": 24.83,
            "gross_margin_4q_avg": 29.26,
            "net_income": 41865,
            "revenue": 868988,
            "common_shares": 1187985,
            "book_valuer_per_share": 16.41,
            "book_valuer_per_share_4q_avg": 17.71,
            "equity": 1949585,
            "current_ratio": 181.6,
            "debt_ratio": 41.47,
            "inventory_turnover_ratio": 0.85,
            "account_receivable_turnover_ratio": 1.3,
            "reinvestment_rate": -2.46,
            "research_to_sale_ratio": 6.95,
            "price_fair": 81.57,
            "eps_avg_yearly": 2.91,
            "eps_latest_yearly": 1.44,
            "eps_growth_yearly": 18.06
        },
        "20153": {
            "year_quarter": 20153,
            "year": 2015,
            "quarter": 3,
            "eps": 0.64,
            "eps_growth_year": -34.69,
            "eps_4q": 3.31,
            "eps_4q_growth_year": -19.23,
            "roe": 3.83,
            "roe_4q": 18.65,
            "gross_profit": 221291,
            "gross_margin": 24.09,
            "gross_margin_4q_avg": 27.96,
            "net_income": 76405,
            "revenue": 918528,
            "common_shares": 1187985,
            "book_valuer_per_share": 17.18,
            "book_valuer_per_share_4q_avg": 17.8,
            "equity": 2040861,
            "current_ratio": 167.29,
            "debt_ratio": 41.32,
            "inventory_turnover_ratio": 0.87,
            "account_receivable_turnover_ratio": 1.18,
            "reinvestment_rate": 38.91,
            "research_to_sale_ratio": 7.06,
            "price_fair": 100.98,
            "eps_avg_yearly": 2.89,
            "eps_latest_yearly": 2.56,
            "eps_growth_yearly": 36.38
        },
        "20154": {
            "year_quarter": 20154,
            "year": 2015,
            "quarter": 4,
            "eps": -0.02,
            "eps_growth_year": -101.53,
            "eps_4q": 1.78,
            "eps_4q_growth_year": -60.67,
            "roe": -0.14,
            "roe_4q": 9.94,
            "gross_profit": 139494,
            "gross_margin": 20.78,
            "gross_margin_4q_avg": 25.26,
            "net_income": -2746,
            "revenue": 671259,
            "common_shares": 1187985,
            "book_valuer_per_share": 17.07,
            "book_valuer_per_share_4q_avg": 17.46,
            "equity": 2028481,
            "current_ratio": 176.77,
            "debt_ratio": 38.52,
            "inventory_turnover_ratio": 0.64,
            "account_receivable_turnover_ratio": 0.86,
            "reinvestment_rate": 5.31,
            "research_to_sale_ratio": 9.18,
            "price_fair": 102.39,
            "eps_avg_yearly": 2.93,
            "eps_latest_yearly": 2.56,
            "eps_growth_yearly": 40.14
        },
        "20161": {
            "year_quarter": 20161,
            "year": 2016,
            "quarter": 1,
            "eps": 0.05,
            "eps_growth_year": -93.75,
            "eps_4q": 1.03,
            "eps_4q_growth_year": -75.11,
            "roe": 0.32,
            "roe_4q": 5.99,
            "gross_profit": 155740,
            "gross_margin": 24.28,
            "gross_margin_4q_avg": 23.5,
            "net_income": 6402,
            "revenue": 641487,
            "common_shares": 1187985,
            "book_valuer_per_share": 17.13,
            "book_valuer_per_share_4q_avg": 16.95,
            "equity": 2034919,
            "current_ratio": 178.69,
            "debt_ratio": 38.48,
            "inventory_turnover_ratio": 0.59,
            "account_receivable_turnover_ratio": 1.01,
            "reinvestment_rate": 2.15,
            "research_to_sale_ratio": 9.31,
            "price_fair": 105.7,
            "eps_avg_yearly": 3.02,
            "eps_latest_yearly": 2.56,
            "eps_growth_yearly": 51.53
        },
        "20162": {
            "year_quarter": 20162,
            "year": 2016,
            "quarter": 2,
            "eps": 0.13,
            "eps_growth_year": -63.89,
            "eps_4q": 0.81,
            "eps_4q_growth_year": -77.83,
            "roe": 0.81,
            "roe_4q": 4.82,
            "gross_profit": 179586,
            "gross_margin": 23.01,
            "gross_margin_4q_avg": 23.04,
            "net_income": 15817,
            "revenue": 780529,
            "common_shares": 1187985,
            "book_valuer_per_share": 15.68,
            "book_valuer_per_share_4q_avg": 16.77,
            "equity": 1863188,
            "current_ratio": 155.48,
            "debt_ratio": 43.95,
            "inventory_turnover_ratio": 0.81,
            "account_receivable_turnover_ratio": 1.32,
            "reinvestment_rate": -8.49,
            "research_to_sale_ratio": 8.01,
            "price_fair": 103.2,
            "eps_avg_yearly": 2.95,
            "eps_latest_yearly": 0.52,
            "eps_growth_yearly": 98.67
        },
        "20163": {
            "year_quarter": 20163,
            "year": 2016,
            "quarter": 3,
            "eps": 0.14,
            "eps_growth_year": -78.12,
            "eps_4q": 0.02,
            "eps_4q_growth_year": -99.28,
            "roe": -0.9,
            "roe_4q": 0.09000000000000002,
            "gross_profit": 133793,
            "gross_margin": 20.12,
            "gross_margin_4q_avg": 22.05,
            "net_income": -16627,
            "revenue": 664854,
            "common_shares": 1187985,
            "book_valuer_per_share": 15.41,
            "book_valuer_per_share_4q_avg": 16.32,
            "equity": 1830933,
            "current_ratio": 159.02,
            "debt_ratio": 41.52,
            "inventory_turnover_ratio": 0.84,
            "account_receivable_turnover_ratio": 1.09,
            "reinvestment_rate": -11.89,
            "research_to_sale_ratio": 8.37,
            "price_fair": 99.6,
            "eps_avg_yearly": 2.85,
            "eps_latest_yearly": 0.56,
            "eps_growth_yearly": 91.84
        },
        "20164": {
            "year_quarter": 20164,
            "year": 2016,
            "quarter": 4,
            "eps": 0.05,
            "eps_growth_year": null,
            "eps_4q": 0.1,
            "eps_4q_growth_year": -94.59,
            "roe": 0.32,
            "roe_4q": 0.55,
            "gross_profit": 124888,
            "gross_margin": 19.32,
            "gross_margin_4q_avg": 21.68,
            "net_income": 5825,
            "revenue": 646267,
            "common_shares": 1187985,
            "book_valuer_per_share": 15.4,
            "book_valuer_per_share_4q_avg": 15.91,
            "equity": 1829353,
            "current_ratio": 163.16,
            "debt_ratio": 39.71,
            "inventory_turnover_ratio": 0.87,
            "account_receivable_turnover_ratio": 1.17,
            "reinvestment_rate": 30.64,
            "research_to_sale_ratio": 8.55,
            "price_fair": 96.4,
            "eps_avg_yearly": 2.75,
            "eps_latest_yearly": 0.2,
            "eps_growth_yearly": 80.9
        },
        "20171": {
            "year_quarter": 20171,
            "year": 2017,
            "quarter": 1,
            "eps": -0.31,
            "eps_growth_year": -720,
            "eps_4q": -0.27,
            "eps_4q_growth_year": -126.4,
            "roe": -2.07,
            "roe_4q": -1.8399999999999999,
            "gross_profit": 113245,
            "gross_margin": 18.35,
            "gross_margin_4q_avg": 20.2,
            "net_income": -37200,
            "revenue": 617204,
            "common_shares": 1187985,
            "book_valuer_per_share": 14.92,
            "book_valuer_per_share_4q_avg": 15.35,
            "equity": 1772044,
            "current_ratio": 161.92,
            "debt_ratio": 38.96,
            "inventory_turnover_ratio": 0.86,
            "account_receivable_turnover_ratio": 1.19,
            "reinvestment_rate": 28.61,
            "research_to_sale_ratio": 9,
            "price_fair": 100.37,
            "eps_avg_yearly": 2.87,
            "eps_latest_yearly": 0.2,
            "eps_growth_yearly": 91.29
        },
        "20172": {
            "year_quarter": 20172,
            "year": 2017,
            "quarter": 2,
            "eps": -0.14,
            "eps_growth_year": -207.69,
            "eps_4q": -0.54,
            "eps_4q_growth_year": -167.33,
            "roe": -0.95,
            "roe_4q": -3.5999999999999996,
            "gross_profit": 112298,
            "gross_margin": 18.8,
            "gross_margin_4q_avg": 19.15,
            "net_income": -16552,
            "revenue": 597208,
            "common_shares": 1187985,
            "book_valuer_per_share": 14.36,
            "book_valuer_per_share_4q_avg": 15.02,
            "equity": 1705698,
            "current_ratio": 133.05,
            "debt_ratio": 44.24,
            "inventory_turnover_ratio": 0.88,
            "account_receivable_turnover_ratio": 1.12,
            "reinvestment_rate": 25.96,
            "research_to_sale_ratio": 8.84,
            "price_fair": 102.43,
            "eps_avg_yearly": 2.93,
            "eps_latest_yearly": 0.2,
            "eps_growth_yearly": 75.98
        },
        "20173": {
            "year_quarter": 20173,
            "year": 2017,
            "quarter": 3,
            "eps": -0.23,
            "eps_growth_year": -264.29,
            "eps_4q": -0.63,
            "eps_4q_growth_year": -2744.57,
            "roe": -1.61,
            "roe_4q": -4.31,
            "gross_profit": 83393,
            "gross_margin": 15.39,
            "gross_margin_4q_avg": 17.97,
            "net_income": -27339,
            "revenue": 541979,
            "common_shares": 1187985,
            "book_valuer_per_share": 14.2,
            "book_valuer_per_share_4q_avg": 14.72,
            "equity": 1687464,
            "current_ratio": 134.14,
            "debt_ratio": 41.99,
            "inventory_turnover_ratio": 0.9,
            "account_receivable_turnover_ratio": 1.05,
            "reinvestment_rate": 28.17,
            "research_to_sale_ratio": 8.62,
            "price_fair": 98.38,
            "eps_avg_yearly": 2.81,
            "eps_latest_yearly": 0.2,
            "eps_growth_yearly": 48.54
        },
        "20174": {
            "year_quarter": 20174,
            "year": 2017,
            "quarter": 4,
            "eps": -0.09,
            "eps_growth_year": -277.18,
            "eps_4q": -0.77,
            "eps_4q_growth_year": -900.66,
            "roe": -0.61,
            "roe_4q": -5.24,
            "gross_profit": 113701,
            "gross_margin": 17.57,
            "gross_margin_4q_avg": 17.53,
            "net_income": -10321,
            "revenue": 647057,
            "common_shares": 1187985,
            "book_valuer_per_share": 14.11,
            "book_valuer_per_share_4q_avg": 14.4,
            "equity": 1675927,
            "current_ratio": 141.56,
            "debt_ratio": 45.85,
            "inventory_turnover_ratio": 1.12,
            "account_receivable_turnover_ratio": 1.31,
            "reinvestment_rate": 31.18,
            "research_to_sale_ratio": 6.71,
            "price_fair": 92.96,
            "eps_avg_yearly": 2.66,
            "eps_latest_yearly": 0.2,
            "eps_growth_yearly": 51.87
        },
        "20181": {
            "year_quarter": 20181,
            "year": 2018,
            "quarter": 1,
            "eps": -0.25,
            "eps_growth_year": null,
            "eps_4q": -0.71,
            "eps_4q_growth_year": null,
            "roe": -1.79,
            "roe_4q": -4.96,
            "gross_profit": 97627,
            "gross_margin": 17.65,
            "gross_margin_4q_avg": 17.35,
            "net_income": -29724,
            "revenue": 553074,
            "common_shares": 1187985,
            "book_valuer_per_share": 13.84,
            "book_valuer_per_share_4q_avg": 14.13,
            "equity": 1644689,
            "current_ratio": 138.57,
            "debt_ratio": 45.66,
            "inventory_turnover_ratio": 0.98,
            "account_receivable_turnover_ratio": 1.16,
            "reinvestment_rate": 32.03,
            "research_to_sale_ratio": 7.88,
            "price_fair": 84.78,
            "eps_avg_yearly": 2.42,
            "eps_latest_yearly": 0.2,
            "eps_growth_yearly": 53.56
        },
        "20182": {
            "year_quarter": 20182,
            "year": 2018,
            "quarter": 2,
            "eps": -0.19,
            "eps_growth_year": null,
            "eps_4q": -0.76,
            "eps_4q_growth_year": null,
            "roe": -1.39,
            "roe_4q": -5.3999999999999995,
            "gross_profit": 66298,
            "gross_margin": 12.7,
            "gross_margin_4q_avg": 15.83,
            "net_income": -22681,
            "revenue": 521934,
            "common_shares": 1187985,
            "book_valuer_per_share": 13.59,
            "book_valuer_per_share_4q_avg": 13.94,
            "equity": 1614256,
            "current_ratio": 137.48,
            "debt_ratio": 44.31,
            "inventory_turnover_ratio": 0.98,
            "account_receivable_turnover_ratio": 1.05,
            "reinvestment_rate": 44.08,
            "research_to_sale_ratio": 8.6,
            "price_fair": 80.68,
            "eps_avg_yearly": 2.31,
            "eps_latest_yearly": 0.2,
            "eps_growth_yearly": 74.96
        },
        "20183": {
            "year_quarter": 20183,
            "year": 2018,
            "quarter": 3,
            "eps": -0.97,
            "eps_growth_year": null,
            "eps_4q": -1.5,
            "eps_4q_growth_year": null,
            "roe": -7.44,
            "roe_4q": -11.23,
            "gross_profit": 80227,
            "gross_margin": 16.64,
            "gross_margin_4q_avg": 16.14,
            "net_income": -115735,
            "revenue": 482248,
            "common_shares": 1187985,
            "book_valuer_per_share": 12.6,
            "book_valuer_per_share_4q_avg": 13.54,
            "equity": 1497164,
            "current_ratio": 124.67,
            "debt_ratio": 48.75,
            "inventory_turnover_ratio": 0.86,
            "account_receivable_turnover_ratio": 0.91,
            "reinvestment_rate": 92.4,
            "research_to_sale_ratio": 9.66,
            "price_fair": 72.6,
            "eps_avg_yearly": 2.07,
            "eps_latest_yearly": 0.2,
            "eps_growth_yearly": 76.14
        },
        "20184": {
            "year_quarter": 20184,
            "year": 2018,
            "quarter": 4,
            "eps": -0.54,
            "eps_growth_year": null,
            "eps_4q": -1.95,
            "eps_4q_growth_year": null,
            "roe": -4.35,
            "roe_4q": -14.969999999999999,
            "gross_profit": 66701,
            "gross_margin": 15.86,
            "gross_margin_4q_avg": 15.71,
            "net_income": -63862,
            "revenue": 420674,
            "common_shares": 1187985,
            "book_valuer_per_share": 12.13,
            "book_valuer_per_share_4q_avg": 13.04,
            "equity": 1440529,
            "current_ratio": 132.22,
            "debt_ratio": 49.05,
            "inventory_turnover_ratio": 0.74,
            "account_receivable_turnover_ratio": 0.95,
            "reinvestment_rate": null,
            "research_to_sale_ratio": 9.81,
            "price_fair": 49.47,
            "eps_avg_yearly": 1.41,
            "eps_latest_yearly": 0.2,
            "eps_growth_yearly": 52.78
        },
        "20191": {
            "year_quarter": 20191,
            "year": 2019,
            "quarter": 1,
            "eps": 0.17,
            "eps_growth_year": null,
            "eps_4q": -1.53,
            "eps_4q_growth_year": null,
            "roe": 1.41,
            "roe_4q": -11.77,
            "gross_profit": 138883,
            "gross_margin": 25.87,
            "gross_margin_4q_avg": 17.77,
            "net_income": 20490,
            "revenue": 536935,
            "common_shares": 1187985,
            "book_valuer_per_share": 12.38,
            "book_valuer_per_share_4q_avg": 12.68,
            "equity": 1470903,
            "current_ratio": 129.52,
            "debt_ratio": 49.68,
            "inventory_turnover_ratio": 0.83,
            "account_receivable_turnover_ratio": 1.29,
            "reinvestment_rate": null,
            "research_to_sale_ratio": 9.5,
            "price_fair": 36.96,
            "eps_avg_yearly": 1.06,
            "eps_latest_yearly": 0.2,
            "eps_growth_yearly": 100.95
        },
        "20192": {
            "year_quarter": 20192,
            "year": 2019,
            "quarter": 2,
            "eps": 0.11,
            "eps_growth_year": null,
            "eps_4q": -1.23,
            "eps_4q_growth_year": null,
            "roe": 0.88,
            "roe_4q": -9.5,
            "gross_profit": 134393,
            "gross_margin": 23.1,
            "gross_margin_4q_avg": 20.37,
            "net_income": 13049,
            "revenue": 581745,
            "common_shares": 1187985,
            "book_valuer_per_share": 12.6,
            "book_valuer_per_share_4q_avg": 12.43,
            "equity": 1497236,
            "current_ratio": 130.26,
            "debt_ratio": 49.15,
            "inventory_turnover_ratio": 0.91,
            "account_receivable_turnover_ratio": 1.35,
            "reinvestment_rate": null,
            "research_to_sale_ratio": 9.19,
            "price_fair": 29.96,
            "eps_avg_yearly": 0.86,
            "eps_latest_yearly": 0.44,
            "eps_growth_yearly": 116.71
        },
        "20193": {
            "year_quarter": 20193,
            "year": 2019,
            "quarter": 3,
            "eps": -0.25,
            "eps_growth_year": null,
            "eps_4q": -0.5,
            "eps_4q_growth_year": null,
            "roe": -2,
            "roe_4q": -4.06,
            "gross_profit": 122502,
            "gross_margin": 20.5,
            "gross_margin_4q_avg": 21.33,
            "net_income": -29524,
            "revenue": 597622,
            "common_shares": 1187985,
            "book_valuer_per_share": 12.31,
            "book_valuer_per_share_4q_avg": 12.36,
            "equity": 1462382,
            "current_ratio": 143.22,
            "debt_ratio": 48.59,
            "inventory_turnover_ratio": 1.01,
            "account_receivable_turnover_ratio": 1.33,
            "reinvestment_rate": null,
            "research_to_sale_ratio": 10.05,
            "price_fair": 15.05,
            "eps_avg_yearly": 0.43,
            "eps_latest_yearly": 0.44,
            "eps_growth_yearly": 68.11
        },
        "20194": {
            "year_quarter": 20194,
            "year": 2019,
            "quarter": 4,
            "eps": -0.03,
            "eps_growth_year": null,
            "eps_4q": 0.01,
            "eps_4q_growth_year": null,
            "roe": -0.23,
            "roe_4q": 0.05999999999999983,
            "gross_profit": 116180,
            "gross_margin": 23.92,
            "gross_margin_4q_avg": 23.35,
            "net_income": -3386,
            "revenue": 485651,
            "common_shares": 1187985,
            "book_valuer_per_share": 12.19,
            "book_valuer_per_share_4q_avg": 12.37,
            "equity": 1447663,
            "current_ratio": 138.46,
            "debt_ratio": 49.5,
            "inventory_turnover_ratio": 0.86,
            "account_receivable_turnover_ratio": 1.04,
            "reinvestment_rate": null,
            "research_to_sale_ratio": 11.4,
            "price_fair": 15.05,
            "eps_avg_yearly": 0.43,
            "eps_latest_yearly": 0.44,
            "eps_growth_yearly": 68.11
        },
        "20201": {
            "year_quarter": 20201,
            "year": 2020,
            "quarter": 1,
            "eps": -0.23,
            "eps_growth_year": -235.29,
            "eps_4q": -0.39,
            "eps_4q_growth_year": null,
            "roe": -1.9,
            "roe_4q": -3.25,
            "gross_profit": 68028,
            "gross_margin": 16.65,
            "gross_margin_4q_avg": 21.04,
            "net_income": -26944,
            "revenue": 408573,
            "common_shares": 1187985,
            "book_valuer_per_share": 11.64,
            "book_valuer_per_share_4q_avg": 12.19,
            "equity": 1382334,
            "current_ratio": 134.66,
            "debt_ratio": 48.69,
            "inventory_turnover_ratio": 0.87,
            "account_receivable_turnover_ratio": 1,
            "reinvestment_rate": null,
            "research_to_sale_ratio": 12.55,
            "price_fair": 15.05,
            "eps_avg_yearly": 0.43,
            "eps_latest_yearly": 0.44,
            "eps_growth_yearly": 68.11
        },
        "20202": {
            "year_quarter": 20202,
            "year": 2020,
            "quarter": 2,
            "eps": -0.53,
            "eps_growth_year": -581.82,
            "eps_4q": -1.03,
            "eps_4q_growth_year": null,
            "roe": -4.61,
            "roe_4q": -8.74,
            "gross_profit": 41762,
            "gross_margin": 15.96,
            "gross_margin_4q_avg": 19.26,
            "net_income": -62592,
            "revenue": 261735,
            "common_shares": 1187985,
            "book_valuer_per_share": 11.21,
            "book_valuer_per_share_4q_avg": 11.84,
            "equity": 1332109,
            "current_ratio": 126.11,
            "debt_ratio": 52.03,
            "inventory_turnover_ratio": 0.57,
            "account_receivable_turnover_ratio": 0.78,
            "reinvestment_rate": null,
            "research_to_sale_ratio": 18.98,
            "price_fair": 1.2,
            "eps_avg_yearly": 0.4,
            "eps_latest_yearly": 0.44,
            "eps_growth_yearly": -122.52
        },
        "20203": {
            "year_quarter": 20203,
            "year": 2020,
            "quarter": 3,
            "eps": -0.02,
            "eps_growth_year": null,
            "eps_4q": -0.8,
            "eps_4q_growth_year": null,
            "roe": -0.18,
            "roe_4q": -6.92,
            "gross_profit": 90515,
            "gross_margin": 21.92,
            "gross_margin_4q_avg": 19.61,
            "net_income": -2436,
            "revenue": 412867,
            "common_shares": 1187985,
            "book_valuer_per_share": 11.08,
            "book_valuer_per_share_4q_avg": 11.53,
            "equity": 1316874,
            "current_ratio": 128.15,
            "debt_ratio": 53.18,
            "inventory_turnover_ratio": 0.81,
            "account_receivable_turnover_ratio": 1.23,
            "reinvestment_rate": null,
            "research_to_sale_ratio": 12.59,
            "price_fair": 0.96,
            "eps_avg_yearly": 0.32,
            "eps_latest_yearly": 0.44,
            "eps_growth_yearly": -199.16
        },
        "20204": {
            "year_quarter": 20204,
            "year": 2020,
            "quarter": 4,
            "eps": 0.08,
            "eps_growth_year": null,
            "eps_4q": -0.69,
            "eps_4q_growth_year": -13123.21,
            "roe": 0.76,
            "roe_4q": -5.93,
            "gross_profit": 179042,
            "gross_margin": 32.54,
            "gross_margin_4q_avg": 21.77,
            "net_income": 10051,
            "revenue": 550176,
            "common_shares": 1187985,
            "book_valuer_per_share": 11.27,
            "book_valuer_per_share_4q_avg": 11.3,
            "equity": 1339373,
            "current_ratio": 134.41,
            "debt_ratio": 53.14,
            "inventory_turnover_ratio": 0.9,
            "account_receivable_turnover_ratio": 1.45,
            "reinvestment_rate": null,
            "research_to_sale_ratio": 9.66,
            "price_fair": 1.32,
            "eps_avg_yearly": 0.44,
            "eps_latest_yearly": 0.44,
            "eps_growth_yearly": -141.18
        },
        "20211": {
            "year_quarter": 20211,
            "year": 2021,
            "quarter": 1,
            "eps": 0.09,
            "eps_growth_year": null,
            "eps_4q": -0.38,
            "eps_4q_growth_year": null,
            "roe": 0.76,
            "roe_4q": -3.2700000000000005,
            "gross_profit": 126412,
            "gross_margin": 24.43,
            "gross_margin_4q_avg": 23.71,
            "net_income": 10173,
            "revenue": 517540,
            "common_shares": 1187985,
            "book_valuer_per_share": 11.24,
            "book_valuer_per_share_4q_avg": 11.2,
            "equity": 1335698,
            "current_ratio": 148.73,
            "debt_ratio": 50.72,
            "inventory_turnover_ratio": 0.89,
            "account_receivable_turnover_ratio": 1.31,
            "reinvestment_rate": null,
            "research_to_sale_ratio": 10.32,
            "price_fair": 1.2,
            "eps_avg_yearly": 0.4,
            "eps_latest_yearly": 0.36,
            "eps_growth_yearly": -45.59
        },
        "20212": {
            "year_quarter": 20212,
            "year": 2021,
            "quarter": 2,
            "eps": -0.08,
            "eps_growth_year": null,
            "eps_4q": 0.07,
            "eps_4q_growth_year": null,
            "roe": -0.73,
            "roe_4q": 0.6100000000000001,
            "gross_profit": 132874,
            "gross_margin": 25.05,
            "gross_margin_4q_avg": 25.99,
            "net_income": -9688,
            "revenue": 530331,
            "common_shares": 1187985,
            "book_valuer_per_share": 11.05,
            "book_valuer_per_share_4q_avg": 11.16,
            "equity": 1312905,
            "current_ratio": 134.43,
            "debt_ratio": 54.02,
            "inventory_turnover_ratio": 0.83,
            "account_receivable_turnover_ratio": 1.33,
            "reinvestment_rate": null,
            "research_to_sale_ratio": 10.86,
            "price_fair": 1.2,
            "eps_avg_yearly": 0.4,
            "eps_latest_yearly": 0.36,
            "eps_growth_yearly": -45.59
        },
        "20213": {
            "year_quarter": 20213,
            "year": 2021,
            "quarter": 3,
            "eps": 0.07,
            "eps_growth_year": null,
            "eps_4q": 0.16,
            "eps_4q_growth_year": null,
            "roe": 0.61,
            "roe_4q": 1.4,
            "gross_profit": 145828,
            "gross_margin": 25.45,
            "gross_margin_4q_avg": 26.87,
            "net_income": 8018,
            "revenue": 573032,
            "common_shares": 1187985,
            "book_valuer_per_share": 10.94,
            "book_valuer_per_share_4q_avg": 11.13,
            "equity": 1299619,
            "current_ratio": 127.22,
            "debt_ratio": 55.14,
            "inventory_turnover_ratio": 0.73,
            "account_receivable_turnover_ratio": 1.24,
            "reinvestment_rate": null,
            "research_to_sale_ratio": 10.04,
            "price_fair": 1.2,
            "eps_avg_yearly": 0.4,
            "eps_latest_yearly": 0.36,
            "eps_growth_yearly": -45.59
        },
        "20214": {
            "year_quarter": 20214,
            "year": 2021,
            "quarter": 4,
            "eps": 0.74,
            "eps_growth_year": 775.71,
            "eps_4q": 0.81,
            "eps_4q_growth_year": null,
            "roe": 6.53,
            "roe_4q": 7.17,
            "gross_profit": 254628,
            "gross_margin": 29.79,
            "gross_margin_4q_avg": 26.18,
            "net_income": 88017,
            "revenue": 854824,
            "common_shares": 1187985,
            "book_valuer_per_share": 11.74,
            "book_valuer_per_share_4q_avg": 11.24,
            "equity": 1394654,
            "current_ratio": 129.98,
            "debt_ratio": 56.19,
            "inventory_turnover_ratio": 0.83,
            "account_receivable_turnover_ratio": 1.45,
            "reinvestment_rate": null,
            "research_to_sale_ratio": 8.3,
            "price_fair": 43.87,
            "eps_avg_yearly": 1.25,
            "eps_latest_yearly": 2.96,
            "eps_growth_yearly": 1245.8
        },
        "20221": {
            "year_quarter": 20221,
            "year": 2022,
            "quarter": 1,
            "eps": 0.56,
            "eps_growth_year": 522.22,
            "eps_4q": 1.29,
            "eps_4q_growth_year": null,
            "roe": 4.65,
            "roe_4q": 11.059999999999999,
            "gross_profit": 223563,
            "gross_margin": 26.93,
            "gross_margin_4q_avg": 26.81,
            "net_income": 67005,
            "revenue": 830191,
            "common_shares": 1187985,
            "book_valuer_per_share": 12.53,
            "book_valuer_per_share_4q_avg": 11.57,
            "equity": 1488024,
            "current_ratio": 124.64,
            "debt_ratio": 59.64,
            "inventory_turnover_ratio": 0.69,
            "account_receivable_turnover_ratio": 1.16,
            "reinvestment_rate": null,
            "research_to_sale_ratio": 8.22,
            "price_fair": 52.5,
            "eps_avg_yearly": 1.5,
            "eps_latest_yearly": 2.24,
            "eps_growth_yearly": 910.02
        },
        "20222": {
            "year_quarter": 20222,
            "year": 2022,
            "quarter": 2,
            "eps": 0.68,
            "eps_growth_year": null,
            "eps_4q": 2.05,
            "eps_4q_growth_year": 2911.44,
            "roe": 5.32,
            "roe_4q": 17.11,
            "gross_profit": 175074,
            "gross_margin": 24.43,
            "gross_margin_4q_avg": 26.65,
            "net_income": 80888,
            "revenue": 716765,
            "common_shares": 1187985,
            "book_valuer_per_share": 13.07,
            "book_valuer_per_share_4q_avg": 12.07,
            "equity": 1552846,
            "current_ratio": 131.93,
            "debt_ratio": 57.69,
            "inventory_turnover_ratio": 0.51,
            "account_receivable_turnover_ratio": 1.05,
            "reinvestment_rate": null,
            "research_to_sale_ratio": 9.32,
            "price_fair": 61.04,
            "eps_avg_yearly": 1.74,
            "eps_latest_yearly": 2.72,
            "eps_growth_yearly": 745.16
        },
        "20223": {
            "year_quarter": 20223,
            "year": 2022,
            "quarter": 3,
            "eps": 0.98,
            "eps_growth_year": 1300,
            "eps_4q": 2.88,
            "eps_4q_growth_year": 1745.56,
            "roe": 6.75,
            "roe_4q": 23.25,
            "gross_profit": 253210,
            "gross_margin": 27.47,
            "gross_margin_4q_avg": 27.16,
            "net_income": 118043,
            "revenue": 921842,
            "common_shares": 1227985,
            "book_valuer_per_share": 15.84,
            "book_valuer_per_share_4q_avg": 13.3,
            "equity": 1944770,
            "current_ratio": 192.27,
            "debt_ratio": 49.96,
            "inventory_turnover_ratio": 0.56,
            "account_receivable_turnover_ratio": 1.46,
            "reinvestment_rate": 27.71,
            "research_to_sale_ratio": 8.49,
            "price_fair": 73.73,
            "eps_avg_yearly": 2.11,
            "eps_latest_yearly": 3.92,
            "eps_growth_yearly": 650.38
        },
        "20224": {
            "year_quarter": 20224,
            "year": 2022,
            "quarter": 4,
            "eps": 0.66,
            "eps_growth_year": -11.37,
            "eps_4q": 2.82,
            "eps_4q_growth_year": 247.37,
            "roe": 4.04,
            "roe_4q": 20.759999999999998,
            "gross_profit": 298614,
            "gross_margin": 27.22,
            "gross_margin_4q_avg": 26.51,
            "net_income": 80635,
            "revenue": 1096956,
            "common_shares": 1227985,
            "book_valuer_per_share": 16.69,
            "book_valuer_per_share_4q_avg": 14.53,
            "equity": 2048969,
            "current_ratio": 210.53,
            "debt_ratio": 48.12,
            "inventory_turnover_ratio": 0.68,
            "account_receivable_turnover_ratio": 1.47,
            "reinvestment_rate": 30.6,
            "research_to_sale_ratio": 7.04,
            "price_fair": 76.4,
            "eps_avg_yearly": 2.18,
            "eps_latest_yearly": 2.64,
            "eps_growth_yearly": 538.81
        },
        "20231": {
            "year_quarter": 20231,
            "year": 2023,
            "quarter": 1,
            "eps": 0.4,
            "eps_growth_year": -28.57,
            "eps_4q": 2.68,
            "eps_4q_growth_year": 107.67,
            "roe": 2.39,
            "roe_4q": 18.5,
            "gross_profit": 180529,
            "gross_margin": 24.38,
            "gross_margin_4q_avg": 25.88,
            "net_income": 49628,
            "revenue": 740433,
            "common_shares": 1227985,
            "book_valuer_per_share": 17.12,
            "book_valuer_per_share_4q_avg": 15.68,
            "equity": 2102021,
            "current_ratio": 203.38,
            "debt_ratio": 49.29,
            "inventory_turnover_ratio": 0.49,
            "account_receivable_turnover_ratio": 1.01,
            "reinvestment_rate": 30.97,
            "research_to_sale_ratio": 9.37,
            "price_fair": 73.85,
            "eps_avg_yearly": 2.11,
            "eps_latest_yearly": 1.6,
            "eps_growth_yearly": 451.76
        }
    },
    "months": {
        "2002-02": {
            "month": "2002-02",
            "price": "46.12",
            "revenue": 67857
        },
        "2002-03": {
            "month": "2002-03",
            "price": "51.31",
            "revenue": 97798
        },
        "2002-04": {
            "month": "2002-04",
            "price": "49.80",
            "revenue": 93940
        },
        "2002-05": {
            "month": "2002-05",
            "price": "44.71",
            "revenue": 96643
        },
        "2002-06": {
            "month": "2002-06",
            "price": "43.06",
            "revenue": 94726
        },
        "2002-07": {
            "month": "2002-07",
            "price": "31.65",
            "revenue": 70425
        },
        "2002-08": {
            "month": "2002-08",
            "price": "28.17",
            "revenue": 75994
        },
        "2002-09": {
            "month": "2002-09",
            "price": "29.26",
            "revenue": 82826
        },
        "2002-10": {
            "month": "2002-10",
            "price": "30.18",
            "revenue": 78917
        },
        "2002-11": {
            "month": "2002-11",
            "price": "29.90",
            "revenue": 81172
        },
        "2002-12": {
            "month": "2002-12",
            "price": "31.78",
            "revenue": 59300
        },
        "2003-01": {
            "month": "2003-01",
            "price": "30.56",
            "revenue": 83382
        },
        "2003-02": {
            "month": "2003-02",
            "price": "28.82",
            "revenue": 54006
        },
        "2003-03": {
            "month": "2003-03",
            "price": "27.45",
            "revenue": 83486
        },
        "2003-04": {
            "month": "2003-04",
            "price": "23.83",
            "revenue": 65679
        },
        "2003-05": {
            "month": "2003-05",
            "price": "22.62",
            "revenue": 85015
        },
        "2003-06": {
            "month": "2003-06",
            "price": "25.54",
            "revenue": 69563
        },
        "2003-07": {
            "month": "2003-07",
            "price": "29.49",
            "revenue": 96482
        },
        "2003-08": {
            "month": "2003-08",
            "price": "28.77",
            "revenue": 54475
        },
        "2003-09": {
            "month": "2003-09",
            "price": "24.64",
            "revenue": 64144
        },
        "2003-10": {
            "month": "2003-10",
            "price": "23.92",
            "revenue": 58164
        },
        "2003-11": {
            "month": "2003-11",
            "price": "23.11",
            "revenue": 57732
        },
        "2003-12": {
            "month": "2003-12",
            "price": "22.83",
            "revenue": 68228
        },
        "2004-01": {
            "month": "2004-01",
            "price": "22.14",
            "revenue": 47374
        },
        "2004-02": {
            "month": "2004-02",
            "price": "22.72",
            "revenue": 54987
        },
        "2004-03": {
            "month": "2004-03",
            "price": "22.63",
            "revenue": 93098
        },
        "2004-04": {
            "month": "2004-04",
            "price": "24.18",
            "revenue": 60717
        },
        "2004-05": {
            "month": "2004-05",
            "price": "19.68",
            "revenue": 111866
        },
        "2004-06": {
            "month": "2004-06",
            "price": "18.83",
            "revenue": 106104
        },
        "2004-07": {
            "month": "2004-07",
            "price": "16.01",
            "revenue": 123377
        },
        "2004-08": {
            "month": "2004-08",
            "price": "15.18",
            "revenue": 165419
        },
        "2004-09": {
            "month": "2004-09",
            "price": "15.82",
            "revenue": 76430
        },
        "2004-10": {
            "month": "2004-10",
            "price": "14.97",
            "revenue": 77403
        },
        "2004-11": {
            "month": "2004-11",
            "price": "14.80",
            "revenue": 117494
        },
        "2004-12": {
            "month": "2004-12",
            "price": "15.31",
            "revenue": 106632
        },
        "2005-01": {
            "month": "2005-01",
            "price": "15.08",
            "revenue": 83636
        },
        "2005-02": {
            "month": "2005-02",
            "price": "15.35",
            "revenue": 41747
        },
        "2005-03": {
            "month": "2005-03",
            "price": "14.52",
            "revenue": 86408
        },
        "2005-04": {
            "month": "2005-04",
            "price": "13.47",
            "revenue": 54407
        },
        "2005-05": {
            "month": "2005-05",
            "price": "13.40",
            "revenue": 60343
        },
        "2005-06": {
            "month": "2005-06",
            "price": "14.03",
            "revenue": 69564
        },
        "2005-07": {
            "month": "2005-07",
            "price": "14.88",
            "revenue": 75075
        },
        "2005-08": {
            "month": "2005-08",
            "price": "14.53",
            "revenue": 68329
        },
        "2005-09": {
            "month": "2005-09",
            "price": "13.73",
            "revenue": 68709
        },
        "2005-10": {
            "month": "2005-10",
            "price": "13.24",
            "revenue": 78190
        },
        "2005-11": {
            "month": "2005-11",
            "price": "13.68",
            "revenue": 75375
        },
        "2005-12": {
            "month": "2005-12",
            "price": "15.65",
            "revenue": 91056
        },
        "2006-01": {
            "month": "2006-01",
            "price": "18.34",
            "revenue": 80283
        },
        "2006-02": {
            "month": "2006-02",
            "price": "19.87",
            "revenue": 54959
        },
        "2006-03": {
            "month": "2006-03",
            "price": "18.91",
            "revenue": 74312
        },
        "2006-04": {
            "month": "2006-04",
            "price": "19.27",
            "revenue": 40942
        },
        "2006-05": {
            "month": "2006-05",
            "price": "19.07",
            "revenue": 46369
        },
        "2006-06": {
            "month": "2006-06",
            "price": "18.43",
            "revenue": 53132
        },
        "2006-07": {
            "month": "2006-07",
            "price": "17.90",
            "revenue": 61230
        },
        "2006-08": {
            "month": "2006-08",
            "price": "18.89",
            "revenue": 42987
        },
        "2006-09": {
            "month": "2006-09",
            "price": "18.22",
            "revenue": 48020
        },
        "2006-10": {
            "month": "2006-10",
            "price": "18.09",
            "revenue": 63907
        },
        "2006-11": {
            "month": "2006-11",
            "price": "19.23",
            "revenue": 60494
        },
        "2006-12": {
            "month": "2006-12",
            "price": "22.33",
            "revenue": 88621
        },
        "2007-01": {
            "month": "2007-01",
            "price": "22.95",
            "revenue": 94058
        },
        "2007-02": {
            "month": "2007-02",
            "price": "23.18",
            "revenue": 55931
        },
        "2007-03": {
            "month": "2007-03",
            "price": "28.67",
            "revenue": 89478
        },
        "2007-04": {
            "month": "2007-04",
            "price": "29.11",
            "revenue": 86784
        },
        "2007-05": {
            "month": "2007-05",
            "price": "26.64",
            "revenue": 86975
        },
        "2007-06": {
            "month": "2007-06",
            "price": "33.95",
            "revenue": 95467
        },
        "2007-07": {
            "month": "2007-07",
            "price": "56.14",
            "revenue": 106999
        },
        "2007-08": {
            "month": "2007-08",
            "price": "76.20",
            "revenue": 69354
        },
        "2007-09": {
            "month": "2007-09",
            "price": "73.09",
            "revenue": 96585
        },
        "2007-10": {
            "month": "2007-10",
            "price": "69.27",
            "revenue": 99079
        },
        "2007-11": {
            "month": "2007-11",
            "price": "60.02",
            "revenue": 114337
        },
        "2007-12": {
            "month": "2007-12",
            "price": "51.73",
            "revenue": 143218
        },
        "2008-01": {
            "month": "2008-01",
            "price": "40.81",
            "revenue": 74907
        },
        "2008-02": {
            "month": "2008-02",
            "price": "34.21",
            "revenue": 46174
        },
        "2008-03": {
            "month": "2008-03",
            "price": "40.65",
            "revenue": 59524
        },
        "2008-04": {
            "month": "2008-04",
            "price": "41.74",
            "revenue": 66877
        },
        "2008-05": {
            "month": "2008-05",
            "price": "39.99",
            "revenue": 68266
        },
        "2008-06": {
            "month": "2008-06",
            "price": "29.13",
            "revenue": 53477
        },
        "2008-07": {
            "month": "2008-07",
            "price": "20.03",
            "revenue": 58439
        },
        "2008-08": {
            "month": "2008-08",
            "price": "21.89",
            "revenue": 64454
        },
        "2008-09": {
            "month": "2008-09",
            "price": "16.44",
            "revenue": 42202
        },
        "2008-10": {
            "month": "2008-10",
            "price": "12.06",
            "revenue": 41693
        },
        "2008-11": {
            "month": "2008-11",
            "price": "11.55",
            "revenue": 43740
        },
        "2008-12": {
            "month": "2008-12",
            "price": "11.63",
            "revenue": 37247
        },
        "2009-01": {
            "month": "2009-01",
            "price": "12.14",
            "revenue": 27985
        },
        "2009-02": {
            "month": "2009-02",
            "price": "12.58",
            "revenue": 24108
        },
        "2009-03": {
            "month": "2009-03",
            "price": "13.90",
            "revenue": 35410
        },
        "2009-04": {
            "month": "2009-04",
            "price": "15.34",
            "revenue": 26761
        },
        "2009-05": {
            "month": "2009-05",
            "price": "14.94",
            "revenue": 38067
        },
        "2009-06": {
            "month": "2009-06",
            "price": "14.24",
            "revenue": 60257
        },
        "2009-07": {
            "month": "2009-07",
            "price": "17.10",
            "revenue": 65133
        },
        "2009-08": {
            "month": "2009-08",
            "price": "18.53",
            "revenue": 55765
        },
        "2009-09": {
            "month": "2009-09",
            "price": "18.93",
            "revenue": 79312
        },
        "2009-10": {
            "month": "2009-10",
            "price": "24.09",
            "revenue": 63306
        },
        "2009-11": {
            "month": "2009-11",
            "price": "23.48",
            "revenue": 61917
        },
        "2009-12": {
            "month": "2009-12",
            "price": "24.52",
            "revenue": 58476
        },
        "2010-01": {
            "month": "2010-01",
            "price": "23.15",
            "revenue": 50086
        },
        "2010-02": {
            "month": "2010-02",
            "price": "19.46",
            "revenue": 56640
        },
        "2010-03": {
            "month": "2010-03",
            "price": "20.82",
            "revenue": 87872
        },
        "2010-04": {
            "month": "2010-04",
            "price": "22.89",
            "revenue": 90957
        },
        "2010-05": {
            "month": "2010-05",
            "price": "22.22",
            "revenue": 120315
        },
        "2010-06": {
            "month": "2010-06",
            "price": "22.60",
            "revenue": 149292
        },
        "2010-07": {
            "month": "2010-07",
            "price": "21.84",
            "revenue": 91954
        },
        "2010-08": {
            "month": "2010-08",
            "price": "21.42",
            "revenue": 118674
        },
        "2010-09": {
            "month": "2010-09",
            "price": "21.59",
            "revenue": 154581
        },
        "2010-10": {
            "month": "2010-10",
            "price": "21.84",
            "revenue": 118218
        },
        "2010-11": {
            "month": "2010-11",
            "price": "21.07",
            "revenue": 164121
        },
        "2010-12": {
            "month": "2010-12",
            "price": "21.59",
            "revenue": 138254
        },
        "2011-01": {
            "month": "2011-01",
            "price": "23.82",
            "revenue": 147255
        },
        "2011-02": {
            "month": "2011-02",
            "price": "23.78",
            "revenue": 112209
        },
        "2011-03": {
            "month": "2011-03",
            "price": "23.13",
            "revenue": 183520
        },
        "2011-04": {
            "month": "2011-04",
            "price": "28.85",
            "revenue": 153987
        },
        "2011-05": {
            "month": "2011-05",
            "price": "33.06",
            "revenue": 122631
        },
        "2011-06": {
            "month": "2011-06",
            "price": "31.83",
            "revenue": 168909
        },
        "2011-07": {
            "month": "2011-07",
            "price": "30.17",
            "revenue": 176468
        },
        "2011-08": {
            "month": "2011-08",
            "price": "26.98",
            "revenue": 200482
        },
        "2011-09": {
            "month": "2011-09",
            "price": "21.20",
            "revenue": 189697
        },
        "2011-10": {
            "month": "2011-10",
            "price": "19.57",
            "revenue": 181615
        },
        "2011-11": {
            "month": "2011-11",
            "price": "23.31",
            "revenue": 180046
        },
        "2011-12": {
            "month": "2011-12",
            "price": "21.43",
            "revenue": 190475
        },
        "2012-01": {
            "month": "2012-01",
            "price": "20.51",
            "revenue": 192595
        },
        "2012-02": {
            "month": "2012-02",
            "price": "25.46",
            "revenue": 224273
        },
        "2012-03": {
            "month": "2012-03",
            "price": "36.88",
            "revenue": 270334
        },
        "2012-04": {
            "month": "2012-04",
            "price": "37.94",
            "revenue": 266475
        },
        "2012-05": {
            "month": "2012-05",
            "price": "35.18",
            "revenue": 242161
        },
        "2012-06": {
            "month": "2012-06",
            "price": "31.86",
            "revenue": 234797
        },
        "2012-07": {
            "month": "2012-07",
            "price": "35.85",
            "revenue": 273256
        },
        "2012-08": {
            "month": "2012-08",
            "price": "38.94",
            "revenue": 256222
        },
        "2012-09": {
            "month": "2012-09",
            "price": "36.41",
            "revenue": 270798
        },
        "2012-10": {
            "month": "2012-10",
            "price": "32.92",
            "revenue": 246900
        },
        "2012-11": {
            "month": "2012-11",
            "price": "23.86",
            "revenue": 206021
        },
        "2012-12": {
            "month": "2012-12",
            "price": "25.33",
            "revenue": 197100
        },
        "2013-01": {
            "month": "2013-01",
            "price": "27.12",
            "revenue": 190916
        },
        "2013-02": {
            "month": "2013-02",
            "price": "27.02",
            "revenue": 173188
        },
        "2013-03": {
            "month": "2013-03",
            "price": "28.88",
            "revenue": 193515
        },
        "2013-04": {
            "month": "2013-04",
            "price": "26.68",
            "revenue": 215187
        },
        "2013-05": {
            "month": "2013-05",
            "price": "28.24",
            "revenue": 272285
        },
        "2013-06": {
            "month": "2013-06",
            "price": "30.53",
            "revenue": 307678
        },
        "2013-07": {
            "month": "2013-07",
            "price": "35.26",
            "revenue": 337283
        },
        "2013-08": {
            "month": "2013-08",
            "price": "38.18",
            "revenue": 336649
        },
        "2013-09": {
            "month": "2013-09",
            "price": "44.55",
            "revenue": 299623
        },
        "2013-10": {
            "month": "2013-10",
            "price": "47.74",
            "revenue": 313546
        },
        "2013-11": {
            "month": "2013-11",
            "price": "54.69",
            "revenue": 303641
        },
        "2013-12": {
            "month": "2013-12",
            "price": "64.19",
            "revenue": 343199
        },
        "2014-01": {
            "month": "2014-01",
            "price": "61.89",
            "revenue": 332358
        },
        "2014-02": {
            "month": "2014-02",
            "price": "65.42",
            "revenue": 298051
        },
        "2014-03": {
            "month": "2014-03",
            "price": "74.06",
            "revenue": 321942
        },
        "2014-04": {
            "month": "2014-04",
            "price": "76.42",
            "revenue": 335406
        },
        "2014-05": {
            "month": "2014-05",
            "price": "75.70",
            "revenue": 276919
        },
        "2014-06": {
            "month": "2014-06",
            "price": "77.86",
            "revenue": 228106
        },
        "2014-07": {
            "month": "2014-07",
            "price": "72.70",
            "revenue": 285182
        },
        "2014-08": {
            "month": "2014-08",
            "price": "64.52",
            "revenue": 264986
        },
        "2014-09": {
            "month": "2014-09",
            "price": "62.43",
            "revenue": 297121
        },
        "2014-10": {
            "month": "2014-10",
            "price": "59.01",
            "revenue": 354996
        },
        "2014-11": {
            "month": "2014-11",
            "price": "58.52",
            "revenue": 315062
        },
        "2014-12": {
            "month": "2014-12",
            "price": "64.32",
            "revenue": 280359
        },
        "2015-01": {
            "month": "2015-01",
            "price": "69.70",
            "revenue": 335624
        },
        "2015-02": {
            "month": "2015-02",
            "price": "74.10",
            "revenue": 260737
        },
        "2015-03": {
            "month": "2015-03",
            "price": "70.65",
            "revenue": 270740
        },
        "2015-04": {
            "month": "2015-04",
            "price": "70.66",
            "revenue": 297324
        },
        "2015-05": {
            "month": "2015-05",
            "price": "67.75",
            "revenue": 276926
        },
        "2015-06": {
            "month": "2015-06",
            "price": "55.60",
            "revenue": 294738
        },
        "2015-07": {
            "month": "2015-07",
            "price": "51.81",
            "revenue": 332022
        },
        "2015-08": {
            "month": "2015-08",
            "price": "39.82",
            "revenue": 323627
        },
        "2015-09": {
            "month": "2015-09",
            "price": "44.86",
            "revenue": 262879
        },
        "2015-10": {
            "month": "2015-10",
            "price": "45.57",
            "revenue": 201141
        },
        "2015-11": {
            "month": "2015-11",
            "price": "41.30",
            "revenue": 228738
        },
        "2015-12": {
            "month": "2015-12",
            "price": "37.21",
            "revenue": 241380
        },
        "2016-01": {
            "month": "2016-01",
            "price": "33.84",
            "revenue": 253380
        },
        "2016-02": {
            "month": "2016-02",
            "price": "37.44",
            "revenue": 212513
        },
        "2016-03": {
            "month": "2016-03",
            "price": "38.99",
            "revenue": 175594
        },
        "2016-04": {
            "month": "2016-04",
            "price": "36.09",
            "revenue": 269961
        },
        "2016-05": {
            "month": "2016-05",
            "price": "31.20",
            "revenue": 251645
        },
        "2016-06": {
            "month": "2016-06",
            "price": "31.88",
            "revenue": 258923
        },
        "2016-07": {
            "month": "2016-07",
            "price": "33.25",
            "revenue": 261675
        },
        "2016-08": {
            "month": "2016-08",
            "price": "31.90",
            "revenue": 159398
        },
        "2016-09": {
            "month": "2016-09",
            "price": "30.15",
            "revenue": 243782
        },
        "2016-10": {
            "month": "2016-10",
            "price": "29.77",
            "revenue": 194954
        },
        "2016-11": {
            "month": "2016-11",
            "price": "31.13",
            "revenue": 208014
        },
        "2016-12": {
            "month": "2016-12",
            "price": "32.08",
            "revenue": 243299
        },
        "2017-01": {
            "month": "2017-01",
            "price": "32.74",
            "revenue": 190409
        },
        "2017-02": {
            "month": "2017-02",
            "price": "33.89",
            "revenue": 159573
        },
        "2017-03": {
            "month": "2017-03",
            "price": "33.83",
            "revenue": 267222
        },
        "2017-04": {
            "month": "2017-04",
            "price": "35.63",
            "revenue": 208168
        },
        "2017-05": {
            "month": "2017-05",
            "price": "32.72",
            "revenue": 219913
        },
        "2017-06": {
            "month": "2017-06",
            "price": "31.88",
            "revenue": 169127
        },
        "2017-07": {
            "month": "2017-07",
            "price": "28.73",
            "revenue": 171126
        },
        "2017-08": {
            "month": "2017-08",
            "price": "27.86",
            "revenue": 172987
        },
        "2017-09": {
            "month": "2017-09",
            "price": "28.67",
            "revenue": 197866
        },
        "2017-10": {
            "month": "2017-10",
            "price": "30.50",
            "revenue": 204307
        },
        "2017-11": {
            "month": "2017-11",
            "price": "29.89",
            "revenue": 229784
        },
        "2017-12": {
            "month": "2017-12",
            "price": "29.14",
            "revenue": 212966
        },
        "2018-01": {
            "month": "2018-01",
            "price": "29.02",
            "revenue": 195897
        },
        "2018-02": {
            "month": "2018-02",
            "price": "28.33",
            "revenue": 144691
        },
        "2018-03": {
            "month": "2018-03",
            "price": "27.74",
            "revenue": 212486
        },
        "2018-04": {
            "month": "2018-04",
            "price": "26.22",
            "revenue": 173304
        },
        "2018-05": {
            "month": "2018-05",
            "price": "24.40",
            "revenue": 176163
        },
        "2018-06": {
            "month": "2018-06",
            "price": "24.76",
            "revenue": 172467
        },
        "2018-07": {
            "month": "2018-07",
            "price": "22.47",
            "revenue": 164302
        },
        "2018-08": {
            "month": "2018-08",
            "price": "19.98",
            "revenue": 173201
        },
        "2018-09": {
            "month": "2018-09",
            "price": "18.53",
            "revenue": 144746
        },
        "2018-10": {
            "month": "2018-10",
            "price": "15.37",
            "revenue": 134775
        },
        "2018-11": {
            "month": "2018-11",
            "price": "13.52",
            "revenue": 127281
        },
        "2018-12": {
            "month": "2018-12",
            "price": "15.43",
            "revenue": 158618
        },
        "2019-01": {
            "month": "2019-01",
            "price": "16.81",
            "revenue": 173902
        },
        "2019-02": {
            "month": "2019-02",
            "price": "17.96",
            "revenue": 143315
        },
        "2019-03": {
            "month": "2019-03",
            "price": "19.50",
            "revenue": 219718
        },
        "2019-04": {
            "month": "2019-04",
            "price": "19.80",
            "revenue": 200368
        },
        "2019-05": {
            "month": "2019-05",
            "price": "21.97",
            "revenue": 211466
        },
        "2019-06": {
            "month": "2019-06",
            "price": "24.48",
            "revenue": 169912
        },
        "2019-07": {
            "month": "2019-07",
            "price": "22.03",
            "revenue": 221121
        },
        "2019-08": {
            "month": "2019-08",
            "price": "23.58",
            "revenue": 186217
        },
        "2019-09": {
            "month": "2019-09",
            "price": "26.60",
            "revenue": 190284
        },
        "2019-10": {
            "month": "2019-10",
            "price": "24.80",
            "revenue": 166008
        },
        "2019-11": {
            "month": "2019-11",
            "price": "23.16",
            "revenue": 168941
        },
        "2019-12": {
            "month": "2019-12",
            "price": "22.64",
            "revenue": 150701
        },
        "2020-01": {
            "month": "2020-01",
            "price": "22.45",
            "revenue": 163987
        },
        "2020-02": {
            "month": "2020-02",
            "price": "19.14",
            "revenue": 142160
        },
        "2020-03": {
            "month": "2020-03",
            "price": "15.72",
            "revenue": 102426
        },
        "2020-04": {
            "month": "2020-04",
            "price": "15.05",
            "revenue": 68523
        },
        "2020-05": {
            "month": "2020-05",
            "price": "15.72",
            "revenue": 101285
        },
        "2020-06": {
            "month": "2020-06",
            "price": "16.57",
            "revenue": 91926
        },
        "2020-07": {
            "month": "2020-07",
            "price": "16.78",
            "revenue": 121271
        },
        "2020-08": {
            "month": "2020-08",
            "price": "16.25",
            "revenue": 134078
        },
        "2020-09": {
            "month": "2020-09",
            "price": "16.70",
            "revenue": 144193
        },
        "2020-10": {
            "month": "2020-10",
            "price": "16.44",
            "revenue": 167543
        },
        "2020-11": {
            "month": "2020-11",
            "price": "22.75",
            "revenue": 177065
        },
        "2020-12": {
            "month": "2020-12",
            "price": "28.99",
            "revenue": 205568
        },
        "2021-01": {
            "month": "2021-01",
            "price": "38.38",
            "revenue": 174997
        },
        "2021-02": {
            "month": "2021-02",
            "price": "36.03",
            "revenue": 164302
        },
        "2021-03": {
            "month": "2021-03",
            "price": "36.37",
            "revenue": 178240
        },
        "2021-04": {
            "month": "2021-04",
            "price": "36.64",
            "revenue": 185709
        },
        "2021-05": {
            "month": "2021-05",
            "price": "29.25",
            "revenue": 178617
        },
        "2021-06": {
            "month": "2021-06",
            "price": "30.33",
            "revenue": 166006
        },
        "2021-07": {
            "month": "2021-07",
            "price": "40.21",
            "revenue": 191381
        },
        "2021-08": {
            "month": "2021-08",
            "price": "35.75",
            "revenue": 180444
        },
        "2021-09": {
            "month": "2021-09",
            "price": "33.14",
            "revenue": 201207
        },
        "2021-10": {
            "month": "2021-10",
            "price": "34.11",
            "revenue": 250997
        },
        "2021-11": {
            "month": "2021-11",
            "price": "44.94",
            "revenue": 296016
        },
        "2021-12": {
            "month": "2021-12",
            "price": "79.88",
            "revenue": 307811
        },
        "2022-01": {
            "month": "2022-01",
            "price": "77.72",
            "revenue": 283270
        },
        "2022-02": {
            "month": "2022-02",
            "price": "101.45",
            "revenue": 274283
        },
        "2022-03": {
            "month": "2022-03",
            "price": "102.04",
            "revenue": 272638
        },
        "2022-04": {
            "month": "2022-04",
            "price": "95.31",
            "revenue": 191865
        },
        "2022-05": {
            "month": "2022-05",
            "price": "78.29",
            "revenue": 229352
        },
        "2022-06": {
            "month": "2022-06",
            "price": "81.34",
            "revenue": 295548
        },
        "2022-07": {
            "month": "2022-07",
            "price": "71.03",
            "revenue": 238981
        },
        "2022-08": {
            "month": "2022-08",
            "price": "75.09",
            "revenue": 350939
        },
        "2022-09": {
            "month": "2022-09",
            "price": "84.07",
            "revenue": 331922
        },
        "2022-10": {
            "month": "2022-10",
            "price": "69.42",
            "revenue": 334037
        },
        "2022-11": {
            "month": "2022-11",
            "price": "72.57",
            "revenue": 420938
        },
        "2022-12": {
            "month": "2022-12",
            "price": "77.36",
            "revenue": 341981
        },
        "2023-01": {
            "month": "2023-01",
            "price": "72.63",
            "revenue": 277090
        },
        "2023-02": {
            "month": "2023-02",
            "price": "76.90",
            "revenue": 219755
        },
        "2023-03": {
            "month": "2023-03",
            "price": "77.00",
            "revenue": 243588
        },
        "2023-04": {
            "month": "2023-04",
            "price": "75.74",
            "revenue": 265053
        }
    }
}
