{
    "summary": {
        "stock_name": "宏達電",
        "stock_id": "2498",
        "category": "通信網路",
        "main_business": "掌上型電腦與智慧型手機之設計、生產與製造<br>掌上型電腦(含具備無線通訊功能之產品)<br>掌上型電腦與智慧型手機之各式零組件及相關技術支援、售後服務等",
        "website_url": "http://www.htc.com",
        "ceo": "王雪紅",
        "pe_ratio": -12,
        "report_year_from": 2001,
        "report_year_to": 2023,
        "age": 23,
        "eps_negative_percentage": 39,
        "eps_growth_avg": {
            "last_all": -4.46,
            "last_2y": null,
            "last_4y": -100,
            "last_8y": -100,
            "last_12y": -64.21,
            "last_16y": -35.23,
            "last_20y": -6.45,
            "at_2006_last_3y": 58.32,
            "at_2007_last_3y": 54.43,
            "at_2008_last_3y": 35.15,
            "at_2009_last_3y": 2.96,
            "at_2010_last_3y": 0.99,
            "at_2011_last_3y": 16.83,
            "at_2012_last_3y": 4.56,
            "at_2013_last_3y": -13.25,
            "at_2014_last_3y": -40.36,
            "at_2015_last_3y": -90.96,
            "at_2016_last_3y": -100,
            "at_2017_last_3y": -100,
            "at_2018_last_3y": -100,
            "at_2019_last_3y": -100,
            "at_2020_last_3y": -100,
            "at_2021_last_3y": -100,
            "at_2022_last_3y": -100,
            "at_2023_last_3y": null,
            "at_2024_last_3y": null,
            "at_2006_last_all": 50.92,
            "at_2007_last_all": 40.51,
            "at_2008_last_all": 31.33,
            "at_2009_last_all": 23.82,
            "at_2010_last_all": 28.73,
            "at_2011_last_all": 31.04,
            "at_2012_last_all": 21.59,
            "at_2013_last_all": 11.46,
            "at_2014_last_all": 11.46,
            "at_2015_last_all": 2.89,
            "at_2016_last_all": 2.89,
            "at_2017_last_all": 2.89,
            "at_2018_last_all": 2.89,
            "at_2019_last_all": -4.46,
            "at_2020_last_all": -4.46,
            "at_2021_last_all": -4.46,
            "at_2022_last_all": -4.46,
            "at_2023_last_all": -4.46,
            "at_2024_last_all": -4.46
        },
        "latest_eps": -4.12,
        "latest_price": 48.9,
        "latest_roe": -13.37,
        "latest_gross_margin": 41.4,
        "latest_equity": 24430863,
        "latest_revenue": 1099234,
        "latest_gross_profit": 455086,
        "latest_net_income": -914997,
        "latest_debt_ratio": 48.24,
        "latest_current_ratio": 202.89,
        "latest_account_receivable_turnover_ratio": 1.51,
        "latest_inventory_turnover_ratio": 0.47,
        "latest_reinvestment_rate": null,
        "latest_research_to_sale_ratio": 59.9
    },
    "eps_dividends": {
        "2001": {
            "cash": 0,
            "stock": 0,
            "eps": 7.68
        },
        "2002": {
            "cash": 1,
            "stock": 2,
            "eps": 9.32
        },
        "2003": {
            "cash": 2,
            "stock": 2,
            "eps": 9.69
        },
        "2004": {
            "cash": 3,
            "stock": 2,
            "eps": 14.86
        },
        "2005": {
            "cash": 5,
            "stock": 2,
            "eps": 34.45
        },
        "2006": {
            "cash": 14,
            "stock": 2,
            "eps": 60.61
        },
        "2007": {
            "cash": 27,
            "stock": 3,
            "eps": 53.59
        },
        "2008": {
            "cash": 34,
            "stock": 3,
            "eps": 40.86
        },
        "2009": {
            "cash": 27,
            "stock": 0.5,
            "eps": 29.11
        },
        "2010": {
            "cash": 26,
            "stock": 0.5,
            "eps": 48.92
        },
        "2011": {
            "cash": 77,
            "stock": 0.5,
            "eps": 74.26
        },
        "2012": {
            "cash": 0,
            "stock": 0,
            "eps": 20.15
        },
        "2013": {
            "cash": 2,
            "stock": 0,
            "eps": -1.6
        },
        "2014": {
            "cash": 0,
            "stock": 0,
            "eps": 1.8
        },
        "2015": {
            "cash": 0.38,
            "stock": 0,
            "eps": -18.77
        },
        "2016": {
            "cash": 0,
            "stock": 0,
            "eps": -12.82
        },
        "2017": {
            "cash": 0,
            "stock": 0,
            "eps": -20.58
        },
        "2018": {
            "cash": 0,
            "stock": 0,
            "eps": 14.68
        },
        "2019": {
            "cash": 0.38,
            "stock": 0,
            "eps": -11.42
        },
        "2020": {
            "cash": 0,
            "stock": 0,
            "eps": -7.26
        },
        "2021": {
            "cash": 0,
            "stock": 0,
            "eps": -3.76
        },
        "2022": {
            "cash": 0,
            "stock": 0,
            "eps": -4.14
        },
        "2023": {
            "cash": 0,
            "stock": 0,
            "eps": -3
        }
    },
    "dividends": {
        "2002-03-14": {
            "cash": 1,
            "stock": 2
        },
        "2003-04-25": {
            "cash": 2,
            "stock": 2
        },
        "2004-04-27": {
            "cash": 3,
            "stock": 2
        },
        "2005-04-28": {
            "cash": 5,
            "stock": 2
        },
        "2006-03-20": {
            "cash": 14,
            "stock": 2
        },
        "2007-05-08": {
            "cash": 27,
            "stock": 3
        },
        "2008-04-25": {
            "cash": 34,
            "stock": 3
        },
        "2009-04-30": {
            "cash": 27,
            "stock": 0.5
        },
        "2010-04-28": {
            "cash": 26,
            "stock": 0.5
        },
        "2011-01-01": {
            "cash": 40,
            "stock": 0
        },
        "2011-04-30": {
            "cash": 37,
            "stock": 0.5
        },
        "2013-05-01": {
            "cash": 2,
            "stock": 0
        },
        "2015-09-08": {
            "cash": 0.38,
            "stock": 0
        },
        "2019-09-19": {
            "cash": 0.38,
            "stock": 0
        }
    },
    "prices": {
        "200101": "無",
        "200102": "無",
        "200103": "無",
        "200104": "無",
        "200105": "無",
        "200106": "無",
        "200107": "無",
        "200108": "無",
        "200109": "無",
        "200110": "無",
        "200111": "無",
        "200112": "無",
        "200201": "無",
        "200202": "無",
        "200203": "192.75",
        "200204": "246.67",
        "200205": "194.68",
        "200206": "148.90",
        "200207": "117.87",
        "200208": "116.32",
        "200209": "112.80",
        "200210": "119.36",
        "200211": "133.36",
        "200212": "160.77",
        "200301": "172.37",
        "200302": "171.38",
        "200303": "148.81",
        "200304": "133.61",
        "200305": "110.93",
        "200306": "120.30",
        "200307": "136.72",
        "200308": "131.12",
        "200309": "119.14",
        "200310": "125.86",
        "200311": "133.65",
        "200312": "126.35",
        "200401": "131.27",
        "200402": "135.10",
        "200403": "132.41",
        "200404": "146.41",
        "200405": "142.07",
        "200406": "145.79",
        "200407": "131.14",
        "200408": "115.50",
        "200409": "122.62",
        "200410": "132.98",
        "200411": "143.75",
        "200412": "146.54",
        "200501": "150.00",
        "200502": "176.08",
        "200503": "212.15",
        "200504": "219.70",
        "200505": "267.95",
        "200506": "273.36",
        "200507": "365.92",
        "200508": "365.48",
        "200509": "377.76",
        "200510": "376.70",
        "200511": "443.80",
        "200512": "555.45",
        "200601": "667.11",
        "200602": "695.29",
        "200603": "827.04",
        "200604": "945.32",
        "200605": "1082.76",
        "200606": "862.45",
        "200607": "863.48",
        "200608": "781.09",
        "200609": "882.24",
        "200610": "824.45",
        "200611": "772.77",
        "200612": "668.67",
        "200701": "549.80",
        "200702": "488.42",
        "200703": "472.76",
        "200704": "504.18",
        "200705": "566.27",
        "200706": "623.65",
        "200707": "595.68",
        "200708": "481.67",
        "200709": "467.97",
        "200710": "613.86",
        "200711": "611.86",
        "200712": "576.00",
        "200801": "560.09",
        "200802": "649.79",
        "200803": "658.81",
        "200804": "759.76",
        "200805": "827.29",
        "200806": "746.33",
        "200807": "575.09",
        "200808": "562.86",
        "200809": "542.10",
        "200810": "413.48",
        "200811": "345.10",
        "200812": "327.74",
        "200901": "326.17",
        "200902": "364.80",
        "200903": "407.43",
        "200904": "420.50",
        "200905": "477.28",
        "200906": "457.89",
        "200907": "469.52",
        "200908": "338.95",
        "200909": "355.20",
        "200910": "343.27",
        "200911": "359.19",
        "200912": "350.54",
        "201001": "363.12",
        "201002": "310.75",
        "201003": "344.63",
        "201004": "397.60",
        "201005": "430.26",
        "201006": "423.79",
        "201007": "537.61",
        "201008": "609.23",
        "201009": "690.48",
        "201010": "686.81",
        "201011": "796.82",
        "201012": "888.91",
        "201101": "902.85",
        "201102": "981.71",
        "201103": "1065.00",
        "201104": "1226.32",
        "201105": "1195.71",
        "201106": "1106.52",
        "201107": "947.67",
        "201108": "793.61",
        "201109": "730.52",
        "201110": "697.40",
        "201111": "612.82",
        "201112": "465.93",
        "201201": "479.47",
        "201202": "577.35",
        "201203": "622.96",
        "201204": "504.40",
        "201205": "432.91",
        "201206": "376.38",
        "201207": "310.23",
        "201208": "252.20",
        "201209": "286.75",
        "201210": "258.18",
        "201211": "232.32",
        "201212": "279.52",
        "201301": "285.80",
        "201302": "277.58",
        "201303": "251.24",
        "201304": "265.50",
        "201305": "282.82",
        "201306": "262.45",
        "201307": "187.26",
        "201308": "152.36",
        "201309": "136.58",
        "201310": "134.95",
        "201311": "152.52",
        "201312": "144.11",
        "201401": "135.56",
        "201402": "131.09",
        "201403": "146.86",
        "201404": "155.93",
        "201405": "164.57",
        "201406": "138.52",
        "201407": "136.77",
        "201408": "129.60",
        "201409": "132.17",
        "201410": "130.91",
        "201411": "136.35",
        "201412": "139.81",
        "201501": "152.12",
        "201502": "152.19",
        "201503": "142.64",
        "201504": "132.18",
        "201505": "110.18",
        "201506": "81.65",
        "201507": "70.40",
        "201508": "53.72",
        "201509": "57.26",
        "201510": "72.97",
        "201511": "81.37",
        "201512": "76.87",
        "201601": "75.65",
        "201602": "78.08",
        "201603": "100.19",
        "201604": "83.97",
        "201605": "70.20",
        "201606": "94.63",
        "201607": "98.63",
        "201608": "94.36",
        "201609": "83.16",
        "201610": "91.64",
        "201611": "83.41",
        "201612": "80.07",
        "201701": "79.86",
        "201702": "77.89",
        "201703": "76.85",
        "201704": "74.34",
        "201705": "70.24",
        "201706": "70.84",
        "201707": "72.14",
        "201708": "67.67",
        "201709": "70.78",
        "201710": "70.78",
        "201711": "67.51",
        "201712": "69.70",
        "201801": "71.65",
        "201802": "63.71",
        "201803": "63.32",
        "201804": "62.26",
        "201805": "57.94",
        "201806": "58.34",
        "201807": "52.95",
        "201808": "47.10",
        "201809": "40.63",
        "201810": "33.93",
        "201811": "41.11",
        "201812": "39.27",
        "201901": "35.07",
        "201902": "36.72",
        "201903": "38.30",
        "201904": "42.36",
        "201905": "37.03",
        "201906": "36.30",
        "201907": "38.87",
        "201908": "34.38",
        "201909": "36.58",
        "201910": "37.66",
        "201911": "35.53",
        "201912": "37.22",
        "202001": "37.04",
        "202002": "34.39",
        "202003": "31.42",
        "202004": "29.84",
        "202005": "29.12",
        "202006": "30.36",
        "202007": "31.33",
        "202008": "29.78",
        "202009": "29.96",
        "202010": "28.97",
        "202011": "29.45",
        "202012": "31.17",
        "202101": "29.22",
        "202102": "28.58",
        "202103": "28.93",
        "202104": "37.02",
        "202105": "36.75",
        "202106": "39.01",
        "202107": "37.67",
        "202108": "37.30",
        "202109": "36.40",
        "202110": "43.32",
        "202111": "80.15",
        "202112": "83.03",
        "202201": "73.27",
        "202202": "64.25",
        "202203": "59.59",
        "202204": "53.32",
        "202205": "47.24",
        "202206": "48.64",
        "202207": "60.71",
        "202208": "62.03",
        "202209": "60.20",
        "202210": "51.78",
        "202211": "53.05",
        "202212": "57.39",
        "202301": "58.62",
        "202302": "65.78",
        "202303": "63.17",
        "202304": "61.21",
        "202305": "58.47",
        "202306": "59.77",
        "202307": "56.86",
        "202308": "51.37",
        "202309": "50.13",
        "202310": "47.44",
        "202311": "48.05",
        "202312": "49.95"
    },
    "quarters": {
        "20011": {
            "year_quarter": 20011,
            "year": 2001,
            "quarter": 1,
            "eps": 2.37,
            "eps_growth_year": null,
            "eps_4q": null,
            "eps_4q_growth_year": null,
            "roe": 16.14,
            "roe_4q": 16.14,
            "gross_profit": 506655,
            "gross_margin": 14.82,
            "gross_margin_4q_avg": 14.82,
            "net_income": 295625,
            "net_income_4q": null,
            "revenue": 3418543,
            "revenue_4q": null,
            "common_shares": 1250000,
            "book_valuer_per_share": 15.83,
            "book_valuer_per_share_4q_avg": 15.83,
            "equity": 1979108,
            "current_ratio": 118.21,
            "debt_ratio": 67.34,
            "inventory_turnover_ratio": 1.69,
            "account_receivable_turnover_ratio": null,
            "reinvestment_rate": null,
            "research_to_sale_ratio": null,
            "price_fair": 0,
            "eps_avg_yearly": 0,
            "eps_latest_yearly": 0,
            "eps_growth_yearly": 0
        },
        "20012": {
            "year_quarter": 20012,
            "year": 2001,
            "quarter": 2,
            "eps": 1.9,
            "eps_growth_year": null,
            "eps_4q": null,
            "eps_4q_growth_year": null,
            "roe": 10.25,
            "roe_4q": 26.39,
            "gross_profit": 607449,
            "gross_margin": 12,
            "gross_margin_4q_avg": 13.41,
            "net_income": 236887,
            "net_income_4q": null,
            "revenue": 5062508,
            "revenue_4q": null,
            "common_shares": 1276000,
            "book_valuer_per_share": 20.7,
            "book_valuer_per_share_4q_avg": 18.27,
            "equity": 2641344,
            "current_ratio": 108.32,
            "debt_ratio": 66.32,
            "inventory_turnover_ratio": 2.01,
            "account_receivable_turnover_ratio": null,
            "reinvestment_rate": null,
            "research_to_sale_ratio": null,
            "price_fair": 0,
            "eps_avg_yearly": 0,
            "eps_latest_yearly": 0,
            "eps_growth_yearly": 0
        },
        "20013": {
            "year_quarter": 20013,
            "year": 2001,
            "quarter": 3,
            "eps": 1.55,
            "eps_growth_year": null,
            "eps_4q": null,
            "eps_4q_growth_year": null,
            "roe": 7.13,
            "roe_4q": 33.519999999999996,
            "gross_profit": 427182,
            "gross_margin": 15.62,
            "gross_margin_4q_avg": 14.15,
            "net_income": 195209,
            "net_income_4q": null,
            "revenue": 2735460,
            "revenue_4q": null,
            "common_shares": 1276000,
            "book_valuer_per_share": 22.23,
            "book_valuer_per_share_4q_avg": 19.59,
            "equity": 2836837,
            "current_ratio": 106.66,
            "debt_ratio": 58.63,
            "inventory_turnover_ratio": 1.06,
            "account_receivable_turnover_ratio": null,
            "reinvestment_rate": null,
            "research_to_sale_ratio": null,
            "price_fair": 0,
            "eps_avg_yearly": 0,
            "eps_latest_yearly": 0,
            "eps_growth_yearly": 0
        },
        "20014": {
            "year_quarter": 20014,
            "year": 2001,
            "quarter": 4,
            "eps": 1.86,
            "eps_growth_year": null,
            "eps_4q": 7.62,
            "eps_4q_growth_year": null,
            "roe": 7.95,
            "roe_4q": 41.47,
            "gross_profit": 579159,
            "gross_margin": 13.36,
            "gross_margin_4q_avg": 13.95,
            "net_income": 235007,
            "net_income_4q": null,
            "revenue": 4333852,
            "revenue_4q": null,
            "common_shares": 1276000,
            "book_valuer_per_share": 24.09,
            "book_valuer_per_share_4q_avg": 20.71,
            "equity": 3073584,
            "current_ratio": 113.55,
            "debt_ratio": 56.41,
            "inventory_turnover_ratio": 2.1,
            "account_receivable_turnover_ratio": null,
            "reinvestment_rate": null,
            "research_to_sale_ratio": null,
            "price_fair": 0,
            "eps_avg_yearly": 0,
            "eps_latest_yearly": 0,
            "eps_growth_yearly": 0
        },
        "20021": {
            "year_quarter": 20021,
            "year": 2002,
            "quarter": 1,
            "eps": 1.51,
            "eps_growth_year": -36.29,
            "eps_4q": 6.73,
            "eps_4q_growth_year": null,
            "roe": 6.25,
            "roe_4q": 31.58,
            "gross_profit": 535100,
            "gross_margin": 12.84,
            "gross_margin_4q_avg": 13.46,
            "net_income": 192915,
            "net_income_4q": null,
            "revenue": 4168164,
            "revenue_4q": null,
            "common_shares": 1276000,
            "book_valuer_per_share": 24.28,
            "book_valuer_per_share_4q_avg": 22.83,
            "equity": 3097712,
            "current_ratio": 110.66,
            "debt_ratio": 60.31,
            "inventory_turnover_ratio": 2.18,
            "account_receivable_turnover_ratio": null,
            "reinvestment_rate": null,
            "research_to_sale_ratio": null,
            "price_fair": 18.12,
            "eps_avg_yearly": 6.04,
            "eps_latest_yearly": 6.04,
            "eps_growth_yearly": -75.27
        },
        "20022": {
            "year_quarter": 20022,
            "year": 2002,
            "quarter": 2,
            "eps": 1.16,
            "eps_growth_year": -38.95,
            "eps_4q": 4.98,
            "eps_4q_growth_year": null,
            "roe": 5.94,
            "roe_4q": 27.27,
            "gross_profit": 858609,
            "gross_margin": 16.72,
            "gross_margin_4q_avg": 14.64,
            "net_income": 189455,
            "net_income_4q": null,
            "revenue": 5136010,
            "revenue_4q": null,
            "common_shares": 1627200,
            "book_valuer_per_share": 20.18,
            "book_valuer_per_share_4q_avg": 22.7,
            "equity": 3284253,
            "current_ratio": 117.45,
            "debt_ratio": 58.49,
            "inventory_turnover_ratio": 2.33,
            "account_receivable_turnover_ratio": null,
            "reinvestment_rate": null,
            "research_to_sale_ratio": null,
            "price_fair": 16.02,
            "eps_avg_yearly": 5.34,
            "eps_latest_yearly": 4.64,
            "eps_growth_yearly": -83.99
        },
        "20023": {
            "year_quarter": 20023,
            "year": 2002,
            "quarter": 3,
            "eps": 2.02,
            "eps_growth_year": 30.32,
            "eps_4q": 5.81,
            "eps_4q_growth_year": null,
            "roe": 9.53,
            "roe_4q": 29.669999999999998,
            "gross_profit": 828484,
            "gross_margin": 18.45,
            "gross_margin_4q_avg": 15.34,
            "net_income": 328885,
            "net_income_4q": null,
            "revenue": 4489619,
            "revenue_4q": null,
            "common_shares": 1627200,
            "book_valuer_per_share": 22.22,
            "book_valuer_per_share_4q_avg": 22.69,
            "equity": 3614995,
            "current_ratio": 131.01,
            "debt_ratio": 51.53,
            "inventory_turnover_ratio": 2.06,
            "account_receivable_turnover_ratio": null,
            "reinvestment_rate": null,
            "research_to_sale_ratio": null,
            "price_fair": 218.87,
            "eps_avg_yearly": 6.25,
            "eps_latest_yearly": 8.08,
            "eps_growth_yearly": 42.86
        },
        "20024": {
            "year_quarter": 20024,
            "year": 2002,
            "quarter": 4,
            "eps": 4.63,
            "eps_growth_year": 148.92,
            "eps_4q": 9,
            "eps_4q_growth_year": 18.14,
            "roe": 18.88,
            "roe_4q": 40.599999999999994,
            "gross_profit": 1380385,
            "gross_margin": 20.15,
            "gross_margin_4q_avg": 17.04,
            "net_income": 753199,
            "net_income_4q": null,
            "revenue": 6850523,
            "revenue_4q": null,
            "common_shares": 1627200,
            "book_valuer_per_share": 26.83,
            "book_valuer_per_share_4q_avg": 23.38,
            "equity": 4365430,
            "current_ratio": 133.14,
            "debt_ratio": 54.24,
            "inventory_turnover_ratio": 3.24,
            "account_receivable_turnover_ratio": null,
            "reinvestment_rate": null,
            "research_to_sale_ratio": null,
            "price_fair": 326.2,
            "eps_avg_yearly": 9.32,
            "eps_latest_yearly": 18.52,
            "eps_growth_yearly": 161.35
        },
        "20031": {
            "year_quarter": 20031,
            "year": 2003,
            "quarter": 1,
            "eps": 2.98,
            "eps_growth_year": 97.35,
            "eps_4q": 10.81,
            "eps_4q_growth_year": 60.54,
            "roe": 10.51,
            "roe_4q": 44.86,
            "gross_profit": 951086,
            "gross_margin": 20.19,
            "gross_margin_4q_avg": 18.88,
            "net_income": 484123,
            "net_income_4q": null,
            "revenue": 4711486,
            "revenue_4q": null,
            "common_shares": 1627200,
            "book_valuer_per_share": 29.8,
            "book_valuer_per_share_4q_avg": 24.76,
            "equity": 4849272,
            "current_ratio": 213.16,
            "debt_ratio": 56.11,
            "inventory_turnover_ratio": 2.04,
            "account_receivable_turnover_ratio": null,
            "reinvestment_rate": null,
            "research_to_sale_ratio": null,
            "price_fair": 344.4,
            "eps_avg_yearly": 9.84,
            "eps_latest_yearly": 11.92,
            "eps_growth_yearly": 100.57
        },
        "20032": {
            "year_quarter": 20032,
            "year": 2003,
            "quarter": 2,
            "eps": 1.4,
            "eps_growth_year": 20.69,
            "eps_4q": 9.14,
            "eps_4q_growth_year": 83.81,
            "roe": 5.92,
            "roe_4q": 44.84,
            "gross_profit": 787464,
            "gross_margin": 17.96,
            "gross_margin_4q_avg": 19.19,
            "net_income": 283111,
            "net_income_4q": null,
            "revenue": 4384161,
            "revenue_4q": null,
            "common_shares": 1627200,
            "book_valuer_per_share": 29.02,
            "book_valuer_per_share_4q_avg": 26.97,
            "equity": 4722555,
            "current_ratio": 215.4,
            "debt_ratio": 55.67,
            "inventory_turnover_ratio": 1.97,
            "account_receivable_turnover_ratio": null,
            "reinvestment_rate": null,
            "research_to_sale_ratio": null,
            "price_fair": 319.67,
            "eps_avg_yearly": 9.13,
            "eps_latest_yearly": 5.6,
            "eps_growth_yearly": 48.46
        },
        "20033": {
            "year_quarter": 20033,
            "year": 2003,
            "quarter": 3,
            "eps": 1.12,
            "eps_growth_year": -44.55,
            "eps_4q": 8.64,
            "eps_4q_growth_year": 48.62,
            "roe": 4.68,
            "roe_4q": 39.989999999999995,
            "gross_profit": 760294,
            "gross_margin": 16.33,
            "gross_margin_4q_avg": 18.66,
            "net_income": 226510,
            "net_income_4q": null,
            "revenue": 4656673,
            "revenue_4q": null,
            "common_shares": 2027640,
            "book_valuer_per_share": 24.4,
            "book_valuer_per_share_4q_avg": 27.51,
            "equity": 4947483,
            "current_ratio": 131.56,
            "debt_ratio": 58.39,
            "inventory_turnover_ratio": 1.98,
            "account_receivable_turnover_ratio": null,
            "reinvestment_rate": null,
            "research_to_sale_ratio": null,
            "price_fair": 296.4,
            "eps_avg_yearly": 8.47,
            "eps_latest_yearly": 4.48,
            "eps_growth_yearly": 30.11
        },
        "20034": {
            "year_quarter": 20034,
            "year": 2003,
            "quarter": 4,
            "eps": 4.19,
            "eps_growth_year": -9.5,
            "eps_4q": 9.05,
            "eps_4q_growth_year": 0.52,
            "roe": 13.61,
            "roe_4q": 34.72,
            "gross_profit": 1384117,
            "gross_margin": 17.15,
            "gross_margin_4q_avg": 17.91,
            "net_income": 856988,
            "net_income_4q": null,
            "revenue": 8069285,
            "revenue_4q": null,
            "common_shares": 2171640,
            "book_valuer_per_share": 35.21,
            "book_valuer_per_share_4q_avg": 29.61,
            "equity": 7645748,
            "current_ratio": 160.29,
            "debt_ratio": 51.8,
            "inventory_turnover_ratio": 3.06,
            "account_receivable_turnover_ratio": null,
            "reinvestment_rate": null,
            "research_to_sale_ratio": null,
            "price_fair": 332.68,
            "eps_avg_yearly": 9.51,
            "eps_latest_yearly": 16.76,
            "eps_growth_yearly": 163.4
        },
        "20041": {
            "year_quarter": 20041,
            "year": 2004,
            "quarter": 1,
            "eps": 3.27,
            "eps_growth_year": 9.73,
            "eps_4q": 9.55,
            "eps_4q_growth_year": -11.61,
            "roe": 8.87,
            "roe_4q": 33.08,
            "gross_profit": 1523123,
            "gross_margin": 22.12,
            "gross_margin_4q_avg": 18.39,
            "net_income": 711367,
            "net_income_4q": null,
            "revenue": 6886103,
            "revenue_4q": null,
            "common_shares": 2187313,
            "book_valuer_per_share": 38.39,
            "book_valuer_per_share_4q_avg": 31.76,
            "equity": 8397229,
            "current_ratio": 259.31,
            "debt_ratio": 46.21,
            "inventory_turnover_ratio": 2.5,
            "account_receivable_turnover_ratio": null,
            "reinvestment_rate": null,
            "research_to_sale_ratio": null,
            "price_fair": 346.58,
            "eps_avg_yearly": 9.9,
            "eps_latest_yearly": 13.08,
            "eps_growth_yearly": 135.49
        },
        "20042": {
            "year_quarter": 20042,
            "year": 2004,
            "quarter": 2,
            "eps": 3.6,
            "eps_growth_year": 157.14,
            "eps_4q": 10.23,
            "eps_4q_growth_year": 11.86,
            "roe": 11.44,
            "roe_4q": 38.6,
            "gross_profit": 1830994,
            "gross_margin": 22.62,
            "gross_margin_4q_avg": 19.56,
            "net_income": 974649,
            "net_income_4q": null,
            "revenue": 8095390,
            "revenue_4q": null,
            "common_shares": 2187313,
            "book_valuer_per_share": 39.48,
            "book_valuer_per_share_4q_avg": 34.37,
            "equity": 8635066,
            "current_ratio": 225.01,
            "debt_ratio": 50.7,
            "inventory_turnover_ratio": 2.87,
            "account_receivable_turnover_ratio": null,
            "reinvestment_rate": null,
            "research_to_sale_ratio": null,
            "price_fair": 362.32,
            "eps_avg_yearly": 10.35,
            "eps_latest_yearly": 14.4,
            "eps_growth_yearly": 125.97
        },
        "20043": {
            "year_quarter": 20043,
            "year": 2004,
            "quarter": 3,
            "eps": 2.77,
            "eps_growth_year": 147.32,
            "eps_4q": 12.14,
            "eps_4q_growth_year": 40.53,
            "roe": 8.34,
            "roe_4q": 42.26,
            "gross_profit": 1666787,
            "gross_margin": 23.54,
            "gross_margin_4q_avg": 21.36,
            "net_income": 751882,
            "net_income_4q": null,
            "revenue": 7081797,
            "revenue_4q": null,
            "common_shares": 2714276,
            "book_valuer_per_share": 34.59,
            "book_valuer_per_share_4q_avg": 36.92,
            "equity": 9387725,
            "current_ratio": 227.48,
            "debt_ratio": 49.72,
            "inventory_turnover_ratio": 1.72,
            "account_receivable_turnover_ratio": null,
            "reinvestment_rate": null,
            "research_to_sale_ratio": null,
            "price_fair": 364.64,
            "eps_avg_yearly": 10.42,
            "eps_latest_yearly": 11.08,
            "eps_growth_yearly": 106.14
        },
        "20044": {
            "year_quarter": 20044,
            "year": 2004,
            "quarter": 4,
            "eps": 5.22,
            "eps_growth_year": 24.58,
            "eps_4q": 14.2,
            "eps_4q_growth_year": 56.91,
            "roe": 13.66,
            "roe_4q": 42.309999999999995,
            "gross_profit": 2883118,
            "gross_margin": 20.11,
            "gross_margin_4q_avg": 22.1,
            "net_income": 1417448,
            "net_income_4q": null,
            "revenue": 14333876,
            "revenue_4q": null,
            "common_shares": 2714276,
            "book_valuer_per_share": 41.89,
            "book_valuer_per_share_4q_avg": 38.59,
            "equity": 11369422,
            "current_ratio": 208.61,
            "debt_ratio": 49.59,
            "inventory_turnover_ratio": 2.75,
            "account_receivable_turnover_ratio": null,
            "reinvestment_rate": 19.3,
            "research_to_sale_ratio": null,
            "price_fair": 395.15,
            "eps_avg_yearly": 11.29,
            "eps_latest_yearly": 20.88,
            "eps_growth_yearly": 126.78
        },
        "20051": {
            "year_quarter": 20051,
            "year": 2005,
            "quarter": 1,
            "eps": 5.55,
            "eps_growth_year": 69.72,
            "eps_4q": 16.65,
            "eps_4q_growth_year": 74.3,
            "roe": 12.21,
            "roe_4q": 45.65,
            "gross_profit": 2719692,
            "gross_margin": 20.52,
            "gross_margin_4q_avg": 21.7,
            "net_income": 1572163,
            "net_income_4q": null,
            "revenue": 13250627,
            "revenue_4q": null,
            "common_shares": 2763114,
            "book_valuer_per_share": 52.09,
            "book_valuer_per_share_4q_avg": 42.01,
            "equity": 14392591,
            "current_ratio": 223.85,
            "debt_ratio": 41.26,
            "inventory_turnover_ratio": 2.49,
            "account_receivable_turnover_ratio": null,
            "reinvestment_rate": 12,
            "research_to_sale_ratio": null,
            "price_fair": 424.52,
            "eps_avg_yearly": 12.13,
            "eps_latest_yearly": 22.2,
            "eps_growth_yearly": 118.97
        },
        "20052": {
            "year_quarter": 20052,
            "year": 2005,
            "quarter": 2,
            "eps": 7.07,
            "eps_growth_year": 96.39,
            "eps_4q": 17.72,
            "eps_4q_growth_year": 73.21,
            "roe": 16.76,
            "roe_4q": 50.97,
            "gross_profit": 3894751,
            "gross_margin": 25.23,
            "gross_margin_4q_avg": 22.35,
            "net_income": 2484068,
            "net_income_4q": null,
            "revenue": 15437345,
            "revenue_4q": null,
            "common_shares": 2887633,
            "book_valuer_per_share": 52.79,
            "book_valuer_per_share_4q_avg": 45.34,
            "equity": 15244335,
            "current_ratio": 205.83,
            "debt_ratio": 44.6,
            "inventory_turnover_ratio": 2.89,
            "account_receivable_turnover_ratio": null,
            "reinvestment_rate": 5.27,
            "research_to_sale_ratio": null,
            "price_fair": 464.9,
            "eps_avg_yearly": 13.28,
            "eps_latest_yearly": 28.28,
            "eps_growth_yearly": 118.3
        },
        "20053": {
            "year_quarter": 20053,
            "year": 2005,
            "quarter": 3,
            "eps": 7.48,
            "eps_growth_year": 170.04,
            "eps_4q": 22.98,
            "eps_4q_growth_year": 89.3,
            "roe": 15.94,
            "roe_4q": 58.57000000000001,
            "gross_profit": 3932751,
            "gross_margin": 23.75,
            "gross_margin_4q_avg": 22.4,
            "net_income": 2641717,
            "net_income_4q": null,
            "revenue": 16556461,
            "revenue_4q": null,
            "common_shares": 3570160,
            "book_valuer_per_share": 50.15,
            "book_valuer_per_share_4q_avg": 49.23,
            "equity": 17905787,
            "current_ratio": 209.97,
            "debt_ratio": 42.6,
            "inventory_turnover_ratio": 2.68,
            "account_receivable_turnover_ratio": null,
            "reinvestment_rate": 3.16,
            "research_to_sale_ratio": null,
            "price_fair": 503.72,
            "eps_avg_yearly": 14.39,
            "eps_latest_yearly": 29.92,
            "eps_growth_yearly": 111.96
        },
        "20054": {
            "year_quarter": 20054,
            "year": 2005,
            "quarter": 4,
            "eps": 14.35,
            "eps_growth_year": 174.9,
            "eps_4q": 33.26,
            "eps_4q_growth_year": 134.23,
            "roe": 24.87,
            "roe_4q": 69.78,
            "gross_profit": 7463288,
            "gross_margin": 27.12,
            "gross_margin_4q_avg": 24.16,
            "net_income": 5083996,
            "net_income_4q": null,
            "revenue": 27524089,
            "revenue_4q": null,
            "common_shares": 3570160,
            "book_valuer_per_share": 64.38,
            "book_valuer_per_share_4q_avg": 54.85,
            "equity": 22985541,
            "current_ratio": 215.9,
            "debt_ratio": 42.74,
            "inventory_turnover_ratio": 3.67,
            "account_receivable_turnover_ratio": null,
            "reinvestment_rate": 2.06,
            "research_to_sale_ratio": null,
            "price_fair": 597.8,
            "eps_avg_yearly": 17.08,
            "eps_latest_yearly": 57.4,
            "eps_growth_yearly": 127.92
        },
        "20061": {
            "year_quarter": 20061,
            "year": 2006,
            "quarter": 1,
            "eps": 15.11,
            "eps_growth_year": 172.25,
            "eps_4q": 43.71,
            "eps_4q_growth_year": 162.56,
            "roe": 21,
            "roe_4q": 78.57000000000001,
            "gross_profit": 7025691,
            "gross_margin": 29.26,
            "gross_margin_4q_avg": 26.34,
            "net_income": 5393375,
            "net_income_4q": null,
            "revenue": 24012457,
            "revenue_4q": null,
            "common_shares": 3570160,
            "book_valuer_per_share": 79.48,
            "book_valuer_per_share_4q_avg": 61.7,
            "equity": 28376736,
            "current_ratio": 252.7,
            "debt_ratio": 36.74,
            "inventory_turnover_ratio": 3.53,
            "account_receivable_turnover_ratio": null,
            "reinvestment_rate": 0.42,
            "research_to_sale_ratio": null,
            "price_fair": 716.8,
            "eps_avg_yearly": 20.48,
            "eps_latest_yearly": 60.44,
            "eps_growth_yearly": 133.95
        },
        "20062": {
            "year_quarter": 20062,
            "year": 2006,
            "quarter": 2,
            "eps": 13.15,
            "eps_growth_year": 86,
            "eps_4q": 43.22,
            "eps_4q_growth_year": 143.93,
            "roe": 20.11,
            "roe_4q": 81.92,
            "gross_profit": 8475188,
            "gross_margin": 32.61,
            "gross_margin_4q_avg": 28.19,
            "net_income": 5736846,
            "net_income_4q": null,
            "revenue": 25991998,
            "revenue_4q": null,
            "common_shares": 3570160,
            "book_valuer_per_share": 80.35,
            "book_valuer_per_share_4q_avg": 68.59,
            "equity": 28684517,
            "current_ratio": 201.75,
            "debt_ratio": 46.5,
            "inventory_turnover_ratio": 3.77,
            "account_receivable_turnover_ratio": null,
            "reinvestment_rate": 0.27,
            "research_to_sale_ratio": null,
            "price_fair": 821.71,
            "eps_avg_yearly": 23.48,
            "eps_latest_yearly": 52.6,
            "eps_growth_yearly": 136.5
        },
        "20063": {
            "year_quarter": 20063,
            "year": 2006,
            "quarter": 3,
            "eps": 15.37,
            "eps_growth_year": 105.48,
            "eps_4q": 52.52,
            "eps_4q_growth_year": 128.57,
            "roe": 20.93,
            "roe_4q": 86.91,
            "gross_profit": 8933290,
            "gross_margin": 33.89,
            "gross_margin_4q_avg": 30.72,
            "net_income": 6707950,
            "net_income_4q": null,
            "revenue": 26356613,
            "revenue_4q": null,
            "common_shares": 4364192,
            "book_valuer_per_share": 81.12,
            "book_valuer_per_share_4q_avg": 76.33,
            "equity": 35404259,
            "current_ratio": 249.43,
            "debt_ratio": 37.5,
            "inventory_turnover_ratio": 3.28,
            "account_receivable_turnover_ratio": null,
            "reinvestment_rate": 1.48,
            "research_to_sale_ratio": null,
            "price_fair": 938.53,
            "eps_avg_yearly": 26.82,
            "eps_latest_yearly": 61.48,
            "eps_growth_yearly": 122.19
        },
        "20064": {
            "year_quarter": 20064,
            "year": 2006,
            "quarter": 4,
            "eps": 16.98,
            "eps_growth_year": 18.33,
            "eps_4q": 57.86,
            "eps_4q_growth_year": 73.99,
            "roe": 18.97,
            "roe_4q": 81.00999999999999,
            "gross_profit": 9603313,
            "gross_margin": 33.75,
            "gross_margin_4q_avg": 32.38,
            "net_income": 7409156,
            "net_income_4q": null,
            "revenue": 28455480,
            "revenue_4q": null,
            "common_shares": 4364192,
            "book_valuer_per_share": 97.55,
            "book_valuer_per_share_4q_avg": 84.63,
            "equity": 42704887,
            "current_ratio": 264.39,
            "debt_ratio": 35.75,
            "inventory_turnover_ratio": 3.24,
            "account_receivable_turnover_ratio": null,
            "reinvestment_rate": 2.06,
            "research_to_sale_ratio": null,
            "price_fair": 1046.59,
            "eps_avg_yearly": 29.9,
            "eps_latest_yearly": 67.92,
            "eps_growth_yearly": 92.5
        },
        "20071": {
            "year_quarter": 20071,
            "year": 2007,
            "quarter": 1,
            "eps": 12.78,
            "eps_growth_year": -15.42,
            "eps_4q": 58.71,
            "eps_4q_growth_year": 34.3,
            "roe": 12.39,
            "roe_4q": 72.4,
            "gross_profit": 7357009,
            "gross_margin": 31.04,
            "gross_margin_4q_avg": 32.82,
            "net_income": 5527965,
            "net_income_4q": null,
            "revenue": 23705172,
            "revenue_4q": null,
            "common_shares": 4364192,
            "book_valuer_per_share": 106.26,
            "book_valuer_per_share_4q_avg": 91.32,
            "equity": 46496673,
            "current_ratio": 291.41,
            "debt_ratio": 32.05,
            "inventory_turnover_ratio": 2.93,
            "account_receivable_turnover_ratio": null,
            "reinvestment_rate": 2.47,
            "research_to_sale_ratio": null,
            "price_fair": 1132.34,
            "eps_avg_yearly": 32.35,
            "eps_latest_yearly": 51.12,
            "eps_growth_yearly": 95.23
        },
        "20072": {
            "year_quarter": 20072,
            "year": 2007,
            "quarter": 2,
            "eps": 10.42,
            "eps_growth_year": -20.76,
            "eps_4q": 44.75,
            "eps_4q_growth_year": 3.54,
            "roe": 14,
            "roe_4q": 66.28999999999999,
            "gross_profit": 8796313,
            "gross_margin": 32.44,
            "gross_margin_4q_avg": 32.78,
            "net_income": 5968208,
            "net_income_4q": null,
            "revenue": 27113647,
            "revenue_4q": null,
            "common_shares": 4327952,
            "book_valuer_per_share": 89.33,
            "book_valuer_per_share_4q_avg": 93.57,
            "equity": 38776573,
            "current_ratio": 189.05,
            "debt_ratio": 49.61,
            "inventory_turnover_ratio": 3.3,
            "account_receivable_turnover_ratio": null,
            "reinvestment_rate": 2.31,
            "research_to_sale_ratio": null,
            "price_fair": 1211.26,
            "eps_avg_yearly": 34.61,
            "eps_latest_yearly": 41.68,
            "eps_growth_yearly": 103.87
        },
        "20073": {
            "year_quarter": 20073,
            "year": 2007,
            "quarter": 3,
            "eps": 12.96,
            "eps_growth_year": -15.68,
            "eps_4q": 45.99,
            "eps_4q_growth_year": -12.43,
            "roe": 17.48,
            "roe_4q": 62.84,
            "gross_profit": 10290263,
            "gross_margin": 35.92,
            "gross_margin_4q_avg": 33.29,
            "net_income": 7427024,
            "net_income_4q": null,
            "revenue": 28649963,
            "revenue_4q": null,
            "common_shares": 5731337,
            "book_valuer_per_share": 80.44,
            "book_valuer_per_share_4q_avg": 93.4,
            "equity": 46209000,
            "current_ratio": 231.5,
            "debt_ratio": 40.26,
            "inventory_turnover_ratio": 2.69,
            "account_receivable_turnover_ratio": null,
            "reinvestment_rate": 2.87,
            "research_to_sale_ratio": null,
            "price_fair": 1314.86,
            "eps_avg_yearly": 37.57,
            "eps_latest_yearly": 51.84,
            "eps_growth_yearly": 114.96
        },
        "20074": {
            "year_quarter": 20074,
            "year": 2007,
            "quarter": 4,
            "eps": 17.43,
            "eps_growth_year": 2.65,
            "eps_4q": 50.47,
            "eps_4q_growth_year": -12.78,
            "roe": 19.52,
            "roe_4q": 63.39,
            "gross_profit": 14000683,
            "gross_margin": 36.13,
            "gross_margin_4q_avg": 33.88,
            "net_income": 9994515,
            "net_income_4q": null,
            "revenue": 38748763,
            "revenue_4q": null,
            "common_shares": 5731337,
            "book_valuer_per_share": 97.84,
            "book_valuer_per_share_4q_avg": 93.47,
            "equity": 56187298,
            "current_ratio": 243.87,
            "debt_ratio": 38.54,
            "inventory_turnover_ratio": 3.31,
            "account_receivable_turnover_ratio": null,
            "reinvestment_rate": 2.85,
            "research_to_sale_ratio": null,
            "price_fair": 1430.71,
            "eps_avg_yearly": 40.88,
            "eps_latest_yearly": 69.72,
            "eps_growth_yearly": 55.06
        },
        "20081": {
            "year_quarter": 20081,
            "year": 2008,
            "quarter": 1,
            "eps": 12.12,
            "eps_growth_year": -5.16,
            "eps_4q": 53.04,
            "eps_4q_growth_year": -9.65,
            "roe": 11.63,
            "roe_4q": 62.629999999999995,
            "gross_profit": 11642183,
            "gross_margin": 35.62,
            "gross_margin_4q_avg": 35.03,
            "net_income": 6934164,
            "net_income_4q": null,
            "revenue": 32681989,
            "revenue_4q": null,
            "common_shares": 5731337,
            "book_valuer_per_share": 109.8,
            "book_valuer_per_share_4q_avg": 94.35,
            "equity": 63032811,
            "current_ratio": 263.97,
            "debt_ratio": 35.71,
            "inventory_turnover_ratio": 2.66,
            "account_receivable_turnover_ratio": null,
            "reinvestment_rate": 2.69,
            "research_to_sale_ratio": null,
            "price_fair": 1508.15,
            "eps_avg_yearly": 43.09,
            "eps_latest_yearly": 48.48,
            "eps_growth_yearly": 52.93
        },
        "20082": {
            "year_quarter": 20082,
            "year": 2008,
            "quarter": 2,
            "eps": 8.76,
            "eps_growth_year": -15.93,
            "eps_4q": 41.02,
            "eps_4q_growth_year": -8.34,
            "roe": 11.82,
            "roe_4q": 60.45,
            "gross_profit": 12128786,
            "gross_margin": 34.69,
            "gross_margin_4q_avg": 35.59,
            "net_income": 6616940,
            "net_income_4q": null,
            "revenue": 34966892,
            "revenue_4q": null,
            "common_shares": 5731337,
            "book_valuer_per_share": 85.26,
            "book_valuer_per_share_4q_avg": 93.34,
            "equity": 48967343,
            "current_ratio": 173.19,
            "debt_ratio": 54.63,
            "inventory_turnover_ratio": 3.01,
            "account_receivable_turnover_ratio": null,
            "reinvestment_rate": 2.62,
            "research_to_sale_ratio": null,
            "price_fair": 1553.3,
            "eps_avg_yearly": 44.38,
            "eps_latest_yearly": 35.04,
            "eps_growth_yearly": 43.48
        },
        "20083": {
            "year_quarter": 20083,
            "year": 2008,
            "quarter": 3,
            "eps": 9.25,
            "eps_growth_year": -28.63,
            "eps_4q": 40.65,
            "eps_4q_growth_year": -11.62,
            "roe": 13.23,
            "roe_4q": 56.2,
            "gross_profit": 13035702,
            "gross_margin": 34.64,
            "gross_margin_4q_avg": 35.27,
            "net_income": 6949402,
            "net_income_4q": null,
            "revenue": 37630234,
            "revenue_4q": null,
            "common_shares": 7553938,
            "book_valuer_per_share": 74.13,
            "book_valuer_per_share_4q_avg": 91.76,
            "equity": 56063327,
            "current_ratio": 196.16,
            "debt_ratio": 47.24,
            "inventory_turnover_ratio": 3.27,
            "account_receivable_turnover_ratio": null,
            "reinvestment_rate": 3.76,
            "research_to_sale_ratio": null,
            "price_fair": 1610,
            "eps_avg_yearly": 46,
            "eps_latest_yearly": 37,
            "eps_growth_yearly": 50.64
        },
        "20084": {
            "year_quarter": 20084,
            "year": 2008,
            "quarter": 4,
            "eps": 10.73,
            "eps_growth_year": -38.44,
            "eps_4q": 38.16,
            "eps_4q_growth_year": -24.39,
            "roe": 13.79,
            "roe_4q": 50.470000000000006,
            "gross_profit": 14183967,
            "gross_margin": 30.13,
            "gross_margin_4q_avg": 33.77,
            "net_income": 8052020,
            "net_income_4q": null,
            "revenue": 47074061,
            "revenue_4q": null,
            "common_shares": 7553938,
            "book_valuer_per_share": 80.3,
            "book_valuer_per_share_4q_avg": 87.37,
            "equity": 60690182,
            "current_ratio": 189.56,
            "debt_ratio": 47.56,
            "inventory_turnover_ratio": 3.93,
            "account_receivable_turnover_ratio": 3.2,
            "reinvestment_rate": 6.71,
            "research_to_sale_ratio": null,
            "price_fair": 1658.21,
            "eps_avg_yearly": 47.38,
            "eps_latest_yearly": 42.92,
            "eps_growth_yearly": 32.53
        },
        "20091": {
            "year_quarter": 20091,
            "year": 2009,
            "quarter": 1,
            "eps": 6.54,
            "eps_growth_year": -46.04,
            "eps_4q": 35.59,
            "eps_4q_growth_year": -32.9,
            "roe": 7.73,
            "roe_4q": 46.57,
            "gross_profit": 9612623,
            "gross_margin": 30.61,
            "gross_margin_4q_avg": 32.52,
            "net_income": 4881910,
            "net_income_4q": null,
            "revenue": 31407520,
            "revenue_4q": null,
            "common_shares": 7453938,
            "book_valuer_per_share": 88.06,
            "book_valuer_per_share_4q_avg": 81.94,
            "equity": 65675650,
            "current_ratio": 211.28,
            "debt_ratio": 42.13,
            "inventory_turnover_ratio": 3.11,
            "account_receivable_turnover_ratio": 1.34,
            "reinvestment_rate": 7.78,
            "research_to_sale_ratio": null,
            "price_fair": 1485.13,
            "eps_avg_yearly": 47.63,
            "eps_latest_yearly": 26.16,
            "eps_growth_yearly": 21.18
        },
        "20092": {
            "year_quarter": 20092,
            "year": 2009,
            "quarter": 2,
            "eps": 8.3,
            "eps_growth_year": -5.25,
            "eps_4q": 33.75,
            "eps_4q_growth_year": -17.72,
            "roe": 10.61,
            "roe_4q": 45.36,
            "gross_profit": 12046134,
            "gross_margin": 31.59,
            "gross_margin_4q_avg": 31.74,
            "net_income": 6505779,
            "net_income_4q": null,
            "revenue": 38137749,
            "revenue_4q": null,
            "common_shares": 7453938,
            "book_valuer_per_share": 76.37,
            "book_valuer_per_share_4q_avg": 79.72,
            "equity": 56963533,
            "current_ratio": 166.66,
            "debt_ratio": 53.91,
            "inventory_turnover_ratio": 4.59,
            "account_receivable_turnover_ratio": 1.63,
            "reinvestment_rate": 7.2,
            "research_to_sale_ratio": null,
            "price_fair": 1489.02,
            "eps_avg_yearly": 47.93,
            "eps_latest_yearly": 33.2,
            "eps_growth_yearly": 21.06
        },
        "20093": {
            "year_quarter": 20093,
            "year": 2009,
            "quarter": 3,
            "eps": 7.24,
            "eps_growth_year": -21.73,
            "eps_4q": 32.01,
            "eps_4q_growth_year": -21.26,
            "roe": 9.7,
            "roe_4q": 41.83,
            "gross_profit": 11167187,
            "gross_margin": 32.96,
            "gross_margin_4q_avg": 31.32,
            "net_income": 5692493,
            "net_income_4q": null,
            "revenue": 33880955,
            "revenue_4q": null,
            "common_shares": 7960208,
            "book_valuer_per_share": 75.77,
            "book_valuer_per_share_4q_avg": 80.13,
            "equity": 60346497,
            "current_ratio": 197.57,
            "debt_ratio": 43.84,
            "inventory_turnover_ratio": 4.08,
            "account_receivable_turnover_ratio": 1.27,
            "reinvestment_rate": 7.08,
            "research_to_sale_ratio": null,
            "price_fair": 1264.9,
            "eps_avg_yearly": 47.87,
            "eps_latest_yearly": 28.96,
            "eps_growth_yearly": 16.42
        },
        "20094": {
            "year_quarter": 20094,
            "year": 2009,
            "quarter": 4,
            "eps": 7.03,
            "eps_growth_year": -34.48,
            "eps_4q": 28.66,
            "eps_4q_growth_year": -24.9,
            "roe": 8.78,
            "roe_4q": 36.81999999999999,
            "gross_profit": 13337037,
            "gross_margin": 32.48,
            "gross_margin_4q_avg": 31.91,
            "net_income": 5534231,
            "net_income_4q": null,
            "revenue": 41066294,
            "revenue_4q": null,
            "common_shares": 7889358,
            "book_valuer_per_share": 83.2,
            "book_valuer_per_share_4q_avg": 80.85,
            "equity": 65674657,
            "current_ratio": 196.1,
            "debt_ratio": 44.79,
            "inventory_turnover_ratio": 5,
            "account_receivable_turnover_ratio": 2.8,
            "reinvestment_rate": 7.46,
            "research_to_sale_ratio": null,
            "price_fair": 138.13,
            "eps_avg_yearly": 46.04,
            "eps_latest_yearly": 28.12,
            "eps_growth_yearly": -7.26
        },
        "20101": {
            "year_quarter": 20101,
            "year": 2010,
            "quarter": 1,
            "eps": 6.38,
            "eps_growth_year": -2.45,
            "eps_4q": 29.37,
            "eps_4q_growth_year": -17.47,
            "roe": 7.59,
            "roe_4q": 36.67999999999999,
            "gross_profit": 11601346,
            "gross_margin": 30.57,
            "gross_margin_4q_avg": 31.9,
            "net_income": 4991684,
            "net_income_4q": null,
            "revenue": 37947114,
            "revenue_4q": null,
            "common_shares": 7889358,
            "book_valuer_per_share": 84.98,
            "book_valuer_per_share_4q_avg": 80.08,
            "equity": 65793623,
            "current_ratio": 184.5,
            "debt_ratio": 47.86,
            "inventory_turnover_ratio": 3.83,
            "account_receivable_turnover_ratio": 1.34,
            "reinvestment_rate": 8.29,
            "research_to_sale_ratio": 5.23,
            "price_fair": 131.58,
            "eps_avg_yearly": 43.86,
            "eps_latest_yearly": 25.52,
            "eps_growth_yearly": -10.9
        },
        "20102": {
            "year_quarter": 20102,
            "year": 2010,
            "quarter": 2,
            "eps": 10.56,
            "eps_growth_year": 27.29,
            "eps_4q": 30.41,
            "eps_4q_growth_year": -9.89,
            "roe": 14.12,
            "roe_4q": 40.19,
            "gross_profit": 18125399,
            "gross_margin": 29.73,
            "gross_margin_4q_avg": 31.44,
            "net_income": 8625145,
            "net_income_4q": null,
            "revenue": 60960143,
            "revenue_4q": null,
            "common_shares": 7739358,
            "book_valuer_per_share": 72.8,
            "book_valuer_per_share_4q_avg": 79.19,
            "equity": 56355688,
            "current_ratio": 145.13,
            "debt_ratio": 61.91,
            "inventory_turnover_ratio": 4.35,
            "account_receivable_turnover_ratio": 1.15,
            "reinvestment_rate": 8.36,
            "research_to_sale_ratio": 5.23,
            "price_fair": 809.05,
            "eps_avg_yearly": 43.21,
            "eps_latest_yearly": 42.24,
            "eps_growth_yearly": 8.72
        },
        "20103": {
            "year_quarter": 20103,
            "year": 2010,
            "quarter": 3,
            "eps": 13.66,
            "eps_growth_year": 88.61,
            "eps_4q": 37.24,
            "eps_4q_growth_year": 16.35,
            "roe": 18.38,
            "roe_4q": 48.870000000000005,
            "gross_profit": 22930132,
            "gross_margin": 30.23,
            "gross_margin_4q_avg": 30.75,
            "net_income": 11101322,
            "net_income_4q": null,
            "revenue": 75848789,
            "revenue_4q": null,
            "common_shares": 8176532,
            "book_valuer_per_share": 79.29,
            "book_valuer_per_share_4q_avg": 80.07,
            "equity": 64456289,
            "current_ratio": 154.25,
            "debt_ratio": 57.8,
            "inventory_turnover_ratio": 3.68,
            "account_receivable_turnover_ratio": 1.04,
            "reinvestment_rate": 8.51,
            "research_to_sale_ratio": 4.05,
            "price_fair": 934.47,
            "eps_avg_yearly": 42.79,
            "eps_latest_yearly": 54.64,
            "eps_growth_yearly": 11.84
        },
        "20104": {
            "year_quarter": 20104,
            "year": 2010,
            "quarter": 4,
            "eps": 18.32,
            "eps_growth_year": 160.54,
            "eps_4q": 48.94,
            "eps_4q_growth_year": 70.76,
            "roe": 21.26,
            "roe_4q": 61.349999999999994,
            "gross_profit": 31211862,
            "gross_margin": 30.01,
            "gross_margin_4q_avg": 30.14,
            "net_income": 14796693,
            "net_income_4q": null,
            "revenue": 104005198,
            "revenue_4q": null,
            "common_shares": 8176532,
            "book_valuer_per_share": 92.48,
            "book_valuer_per_share_4q_avg": 82.39,
            "equity": 74714494,
            "current_ratio": 145.83,
            "debt_ratio": 60.76,
            "inventory_turnover_ratio": 3.33,
            "account_receivable_turnover_ratio": 1.32,
            "reinvestment_rate": 18.34,
            "research_to_sale_ratio": 4.52,
            "price_fair": 1196.62,
            "eps_avg_yearly": 43.12,
            "eps_latest_yearly": 73.28,
            "eps_growth_yearly": 17.75
        },
        "20111": {
            "year_quarter": 20111,
            "year": 2011,
            "quarter": 1,
            "eps": 18.36,
            "eps_growth_year": 187.77,
            "eps_4q": 61.11,
            "eps_4q_growth_year": 108.05,
            "roe": 18.03,
            "roe_4q": 71.79,
            "gross_profit": 30470410,
            "gross_margin": 29.25,
            "gross_margin_4q_avg": 29.81,
            "net_income": 14832864,
            "net_income_4q": null,
            "revenue": 104156600,
            "revenue_4q": null,
            "common_shares": 8176532,
            "book_valuer_per_share": 111.19,
            "book_valuer_per_share_4q_avg": 88.94,
            "equity": 89829936,
            "current_ratio": 147.51,
            "debt_ratio": 59.48,
            "inventory_turnover_ratio": 2.63,
            "account_receivable_turnover_ratio": 1.13,
            "reinvestment_rate": 19.28,
            "research_to_sale_ratio": 3.8,
            "price_fair": 1513.03,
            "eps_avg_yearly": 44.52,
            "eps_latest_yearly": 73.44,
            "eps_growth_yearly": 23.99
        },
        "20112": {
            "year_quarter": 20112,
            "year": 2011,
            "quarter": 2,
            "eps": 20.56,
            "eps_growth_year": 94.62,
            "eps_4q": 68.35,
            "eps_4q_growth_year": 124.75,
            "roe": 20.24,
            "roe_4q": 77.91,
            "gross_profit": 35773451,
            "gross_margin": 28.76,
            "gross_margin_4q_avg": 29.56,
            "net_income": 17524101,
            "net_income_4q": null,
            "revenue": 124398005,
            "revenue_4q": null,
            "common_shares": 8176532,
            "book_valuer_per_share": 103.2,
            "book_valuer_per_share_4q_avg": 96.54,
            "equity": 83368802,
            "current_ratio": 127.9,
            "debt_ratio": 68.01,
            "inventory_turnover_ratio": 2.92,
            "account_receivable_turnover_ratio": 1.06,
            "reinvestment_rate": 21.83,
            "research_to_sale_ratio": 3.86,
            "price_fair": 1646.75,
            "eps_avg_yearly": 47.05,
            "eps_latest_yearly": 82.24,
            "eps_growth_yearly": 31.6
        },
        "20113": {
            "year_quarter": 20113,
            "year": 2011,
            "quarter": 3,
            "eps": 22.28,
            "eps_growth_year": 63.17,
            "eps_4q": 78.54,
            "eps_4q_growth_year": 110.91,
            "roe": 21.44,
            "roe_4q": 80.97,
            "gross_profit": 38049710,
            "gross_margin": 28.01,
            "gross_margin_4q_avg": 29.01,
            "net_income": 18675218,
            "net_income_4q": null,
            "revenue": 135821019,
            "revenue_4q": null,
            "common_shares": 8620521,
            "book_valuer_per_share": 108.35,
            "book_valuer_per_share_4q_avg": 103.81,
            "equity": 90812832,
            "current_ratio": 130.69,
            "debt_ratio": 65.26,
            "inventory_turnover_ratio": 3.11,
            "account_receivable_turnover_ratio": 1.05,
            "reinvestment_rate": 12.96,
            "research_to_sale_ratio": 3.67,
            "price_fair": 1728.3,
            "eps_avg_yearly": 49.38,
            "eps_latest_yearly": 89.12,
            "eps_growth_yearly": 27.6
        },
        "20114": {
            "year_quarter": 20114,
            "year": 2011,
            "quarter": 4,
            "eps": 13.06,
            "eps_growth_year": -28.7,
            "eps_4q": 73.95,
            "eps_4q_growth_year": 51.12,
            "roe": 11.66,
            "roe_4q": 71.37,
            "gross_profit": 27503956,
            "gross_margin": 27.12,
            "gross_margin_4q_avg": 28.29,
            "net_income": 11266865,
            "net_income_4q": null,
            "revenue": 101419149,
            "revenue_4q": null,
            "common_shares": 8520521,
            "book_valuer_per_share": 121.03,
            "book_valuer_per_share_4q_avg": 110.94,
            "equity": 102419320,
            "current_ratio": 127.15,
            "debt_ratio": 59.77,
            "inventory_turnover_ratio": 2.45,
            "account_receivable_turnover_ratio": 0.94,
            "reinvestment_rate": 13.74,
            "research_to_sale_ratio": 2.18,
            "price_fair": 899.62,
            "eps_avg_yearly": 48.29,
            "eps_latest_yearly": 52.24,
            "eps_growth_yearly": 8.63
        },
        "20121": {
            "year_quarter": 20121,
            "year": 2012,
            "quarter": 1,
            "eps": 5.35,
            "eps_growth_year": -70.86,
            "eps_4q": 62.09,
            "eps_4q_growth_year": 1.6,
            "roe": 4.69,
            "roe_4q": 58.03,
            "gross_profit": 16970175,
            "gross_margin": 25.03,
            "gross_margin_4q_avg": 27.23,
            "net_income": 4804974,
            "net_income_4q": null,
            "revenue": 67789581,
            "revenue_4q": null,
            "common_shares": 8520521,
            "book_valuer_per_share": 122.24,
            "book_valuer_per_share_4q_avg": 113.71,
            "equity": 102657915,
            "current_ratio": 129.9,
            "debt_ratio": 56.19,
            "inventory_turnover_ratio": 1.77,
            "account_receivable_turnover_ratio": 0.8,
            "reinvestment_rate": 14.96,
            "research_to_sale_ratio": 5.06,
            "price_fair": 535.28,
            "eps_avg_yearly": 46.6,
            "eps_latest_yearly": 21.4,
            "eps_growth_yearly": 1.49
        },
        "20122": {
            "year_quarter": 20122,
            "year": 2012,
            "quarter": 2,
            "eps": 8.9,
            "eps_growth_year": -56.69,
            "eps_4q": 49.91,
            "eps_4q_growth_year": -26.98,
            "roe": 8.54,
            "roe_4q": 46.33,
            "gross_profit": 24587210,
            "gross_margin": 27.01,
            "gross_margin_4q_avg": 26.79,
            "net_income": 7669858,
            "net_income_4q": null,
            "revenue": 91040876,
            "revenue_4q": null,
            "common_shares": 8520521,
            "book_valuer_per_share": 91.21,
            "book_valuer_per_share_4q_avg": 110.71,
            "equity": 77012987,
            "current_ratio": 106.71,
            "debt_ratio": 69.77,
            "inventory_turnover_ratio": 2.39,
            "account_receivable_turnover_ratio": 1.06,
            "reinvestment_rate": 16.89,
            "research_to_sale_ratio": 5.09,
            "price_fair": 1632.05,
            "eps_avg_yearly": 46.63,
            "eps_latest_yearly": 35.6,
            "eps_growth_yearly": 25.01
        },
        "20123": {
            "year_quarter": 20123,
            "year": 2012,
            "quarter": 3,
            "eps": 4.69,
            "eps_growth_year": -78.93,
            "eps_4q": 32.14,
            "eps_4q_growth_year": -59.08,
            "roe": 5.26,
            "roe_4q": 30.15,
            "gross_profit": 17550454,
            "gross_margin": 25.01,
            "gross_margin_4q_avg": 26.04,
            "net_income": 4104952,
            "net_income_4q": null,
            "revenue": 70176838,
            "revenue_4q": null,
            "common_shares": 8520521,
            "book_valuer_per_share": 95.21,
            "book_valuer_per_share_4q_avg": 107.42,
            "equity": 79138932,
            "current_ratio": 109.69,
            "debt_ratio": 60.82,
            "inventory_turnover_ratio": 2.19,
            "account_receivable_turnover_ratio": 0.85,
            "reinvestment_rate": 20.17,
            "research_to_sale_ratio": 5.75,
            "price_fair": 990.91,
            "eps_avg_yearly": 45.49,
            "eps_latest_yearly": 18.76,
            "eps_growth_yearly": 11.78
        },
        "20124": {
            "year_quarter": 20124,
            "year": 2012,
            "quarter": 4,
            "eps": 1.21,
            "eps_growth_year": -90.7,
            "eps_4q": 20.19,
            "eps_4q_growth_year": -72.7,
            "roe": 1.27,
            "roe_4q": 19.759999999999998,
            "gross_profit": 13817238,
            "gross_margin": 23.02,
            "gross_margin_4q_avg": 25.02,
            "net_income": 1009402,
            "net_income_4q": null,
            "revenue": 60012880,
            "revenue_4q": null,
            "common_shares": 8520521,
            "book_valuer_per_share": 96.69,
            "book_valuer_per_share_4q_avg": 101.34,
            "equity": 80369215,
            "current_ratio": 110.69,
            "debt_ratio": 61.1,
            "inventory_turnover_ratio": 2.04,
            "account_receivable_turnover_ratio": 0.95,
            "reinvestment_rate": 19.11,
            "research_to_sale_ratio": 5.65,
            "price_fair": 129.33,
            "eps_avg_yearly": 43.11,
            "eps_latest_yearly": 4.84,
            "eps_growth_yearly": -10.77
        },
        "20131": {
            "year_quarter": 20131,
            "year": 2013,
            "quarter": 1,
            "eps": 0.1,
            "eps_growth_year": -98.13,
            "eps_4q": 14.92,
            "eps_4q_growth_year": -75.98,
            "roe": 0.11,
            "roe_4q": 15.18,
            "gross_profit": 8682152,
            "gross_margin": 20.29,
            "gross_margin_4q_avg": 23.83,
            "net_income": 85126,
            "net_income_4q": null,
            "revenue": 42788517,
            "revenue_4q": null,
            "common_shares": 8520521,
            "book_valuer_per_share": 97.37,
            "book_valuer_per_share_4q_avg": 95.12,
            "equity": 80938928,
            "current_ratio": 108.35,
            "debt_ratio": 60.35,
            "inventory_turnover_ratio": 1.1,
            "account_receivable_turnover_ratio": 0.96,
            "reinvestment_rate": 18.79,
            "research_to_sale_ratio": 7.4,
            "price_fair": 124.5,
            "eps_avg_yearly": 41.5,
            "eps_latest_yearly": 0.4,
            "eps_growth_yearly": -23.94
        },
        "20132": {
            "year_quarter": 20132,
            "year": 2013,
            "quarter": 2,
            "eps": 1.5,
            "eps_growth_year": -83.16,
            "eps_4q": 7.51,
            "eps_4q_growth_year": -84.94,
            "roe": 1.54,
            "roe_4q": 8.18,
            "gross_profit": 16376674,
            "gross_margin": 23.17,
            "gross_margin_4q_avg": 22.87,
            "net_income": 1249511,
            "net_income_4q": null,
            "revenue": 70666915,
            "revenue_4q": null,
            "common_shares": 8520521,
            "book_valuer_per_share": 97.52,
            "book_valuer_per_share_4q_avg": 96.7,
            "equity": 81059700,
            "current_ratio": 107.4,
            "debt_ratio": 61.38,
            "inventory_turnover_ratio": 1.64,
            "account_receivable_turnover_ratio": 1.84,
            "reinvestment_rate": 19.94,
            "research_to_sale_ratio": 4.87,
            "price_fair": 1393,
            "eps_avg_yearly": 39.8,
            "eps_latest_yearly": 6,
            "eps_growth_yearly": 319.33
        },
        "20133": {
            "year_quarter": 20133,
            "year": 2013,
            "quarter": 3,
            "eps": -3.58,
            "eps_growth_year": -176.26,
            "eps_4q": -0.76,
            "eps_4q_growth_year": -102.37,
            "roe": -3.76,
            "roe_4q": -0.8399999999999999,
            "gross_profit": 9575991,
            "gross_margin": 20.35,
            "gross_margin_4q_avg": 21.71,
            "net_income": -2973736,
            "net_income_4q": null,
            "revenue": 47047567,
            "revenue_4q": null,
            "common_shares": 8501395,
            "book_valuer_per_share": 93.16,
            "book_valuer_per_share_4q_avg": 96.19,
            "equity": 77149543,
            "current_ratio": 106.3,
            "debt_ratio": 57.95,
            "inventory_turnover_ratio": 1.39,
            "account_receivable_turnover_ratio": 1.19,
            "reinvestment_rate": 20.89,
            "research_to_sale_ratio": 6.07,
            "price_fair": 1418.29,
            "eps_avg_yearly": 40.52,
            "eps_latest_yearly": 6,
            "eps_growth_yearly": 344.03
        },
        "20134": {
            "year_quarter": 20134,
            "year": 2013,
            "quarter": 4,
            "eps": 0.38,
            "eps_growth_year": -68.47,
            "eps_4q": -1.61,
            "eps_4q_growth_year": -107.96,
            "roe": 0.41,
            "roe_4q": -1.6999999999999995,
            "gross_profit": 7635936,
            "gross_margin": 17.8,
            "gross_margin_4q_avg": 20.4,
            "net_income": 315314,
            "net_income_4q": null,
            "revenue": 42899649,
            "revenue_4q": null,
            "common_shares": 8423505,
            "book_valuer_per_share": 94.37,
            "book_valuer_per_share_4q_avg": 95.61,
            "equity": 77707660,
            "current_ratio": 117.98,
            "debt_ratio": 54.99,
            "inventory_turnover_ratio": 1.42,
            "account_receivable_turnover_ratio": 1.58,
            "reinvestment_rate": 17.04,
            "research_to_sale_ratio": 7.17,
            "price_fair": 1449.3,
            "eps_avg_yearly": 41.41,
            "eps_latest_yearly": 6,
            "eps_growth_yearly": 369.43
        },
        "20141": {
            "year_quarter": 20141,
            "year": 2014,
            "quarter": 1,
            "eps": -2.28,
            "eps_growth_year": -2380,
            "eps_4q": -4,
            "eps_4q_growth_year": -126.79,
            "roe": -2.44,
            "roe_4q": -4.249999999999999,
            "gross_profit": 6963665,
            "gross_margin": 21.02,
            "gross_margin_4q_avg": 20.59,
            "net_income": -1881263,
            "net_income_4q": null,
            "revenue": 33120843,
            "revenue_4q": null,
            "common_shares": 8403521,
            "book_valuer_per_share": 92.87,
            "book_valuer_per_share_4q_avg": 94.48,
            "equity": 76469702,
            "current_ratio": 117.3,
            "debt_ratio": 53.79,
            "inventory_turnover_ratio": 1.07,
            "account_receivable_turnover_ratio": 1.43,
            "reinvestment_rate": 17.37,
            "research_to_sale_ratio": 9.08,
            "price_fair": 1492.08,
            "eps_avg_yearly": 42.63,
            "eps_latest_yearly": 6,
            "eps_growth_yearly": 400.69
        },
        "20142": {
            "year_quarter": 20142,
            "year": 2014,
            "quarter": 2,
            "eps": 2.74,
            "eps_growth_year": 82.67,
            "eps_4q": -2.77,
            "eps_4q_growth_year": -136.88,
            "roe": 2.92,
            "roe_4q": -2.87,
            "gross_profit": 14464029,
            "gross_margin": 22.23,
            "gross_margin_4q_avg": 20.35,
            "net_income": 2257417,
            "net_income_4q": null,
            "revenue": 65060395,
            "revenue_4q": null,
            "common_shares": 8403521,
            "book_valuer_per_share": 94.94,
            "book_valuer_per_share_4q_avg": 93.84,
            "equity": 78176192,
            "current_ratio": 122.2,
            "debt_ratio": 56.26,
            "inventory_turnover_ratio": 1.98,
            "account_receivable_turnover_ratio": 2.2,
            "reinvestment_rate": 15.32,
            "research_to_sale_ratio": 4.7,
            "price_fair": 1493.22,
            "eps_avg_yearly": 42.66,
            "eps_latest_yearly": 6,
            "eps_growth_yearly": 412.25
        },
        "20143": {
            "year_quarter": 20143,
            "year": 2014,
            "quarter": 3,
            "eps": 0.78,
            "eps_growth_year": null,
            "eps_4q": 1.62,
            "eps_4q_growth_year": null,
            "roe": 0.82,
            "roe_4q": 1.7099999999999997,
            "gross_profit": 9583957,
            "gross_margin": 22.89,
            "gross_margin_4q_avg": 20.99,
            "net_income": 640683,
            "net_income_4q": null,
            "revenue": 41863914,
            "revenue_4q": null,
            "common_shares": 8403521,
            "book_valuer_per_share": 95.67,
            "book_valuer_per_share_4q_avg": 94.46,
            "equity": 78779841,
            "current_ratio": 128.41,
            "debt_ratio": 52.36,
            "inventory_turnover_ratio": 1.31,
            "account_receivable_turnover_ratio": 1.36,
            "reinvestment_rate": 15.52,
            "research_to_sale_ratio": 7.69,
            "price_fair": 1342.95,
            "eps_avg_yearly": 38.37,
            "eps_latest_yearly": 3.12,
            "eps_growth_yearly": 378.62
        },
        "20144": {
            "year_quarter": 20144,
            "year": 2014,
            "quarter": 4,
            "eps": 0.56,
            "eps_growth_year": 47.03,
            "eps_4q": 1.79,
            "eps_4q_growth_year": null,
            "roe": 0.59,
            "roe_4q": 1.8900000000000001,
            "gross_profit": 9743444,
            "gross_margin": 20.36,
            "gross_margin_4q_avg": 21.63,
            "net_income": 466209,
            "net_income_4q": null,
            "revenue": 47866048,
            "revenue_4q": null,
            "common_shares": 8349521,
            "book_valuer_per_share": 97.02,
            "book_valuer_per_share_4q_avg": 95.13,
            "equity": 80333373,
            "current_ratio": 132.46,
            "debt_ratio": 50.97,
            "inventory_turnover_ratio": 1.89,
            "account_receivable_turnover_ratio": 1.76,
            "reinvestment_rate": 1.45,
            "research_to_sale_ratio": 7.87,
            "price_fair": 1135.75,
            "eps_avg_yearly": 32.45,
            "eps_latest_yearly": 2.24,
            "eps_growth_yearly": 357.84
        },
        "20151": {
            "year_quarter": 20151,
            "year": 2015,
            "quarter": 1,
            "eps": 0.43,
            "eps_growth_year": null,
            "eps_4q": 4.5,
            "eps_4q_growth_year": null,
            "roe": 0.45,
            "roe_4q": 4.779999999999999,
            "gross_profit": 8162771,
            "gross_margin": 19.66,
            "gross_margin_4q_avg": 21.29,
            "net_income": 360057,
            "net_income_4q": null,
            "revenue": 41524272,
            "revenue_4q": null,
            "common_shares": 8280381,
            "book_valuer_per_share": 96.24,
            "book_valuer_per_share_4q_avg": 95.97,
            "equity": 79694245,
            "current_ratio": 133.39,
            "debt_ratio": 51.84,
            "inventory_turnover_ratio": 1.71,
            "account_receivable_turnover_ratio": 1.34,
            "reinvestment_rate": -4.11,
            "research_to_sale_ratio": 8.29,
            "price_fair": 926.57,
            "eps_avg_yearly": 26.47,
            "eps_latest_yearly": 1.72,
            "eps_growth_yearly": 350.03
        },
        "20152": {
            "year_quarter": 20152,
            "year": 2015,
            "quarter": 2,
            "eps": -9.7,
            "eps_growth_year": -454.01,
            "eps_4q": -7.93,
            "eps_4q_growth_year": null,
            "roe": -10.63,
            "roe_4q": -8.770000000000001,
            "gross_profit": 6361613,
            "gross_margin": 19.27,
            "gross_margin_4q_avg": 20.55,
            "net_income": -8034245,
            "net_income_4q": null,
            "revenue": 33009698,
            "revenue_4q": null,
            "common_shares": 8279889,
            "book_valuer_per_share": 86.3,
            "book_valuer_per_share_4q_avg": 93.81,
            "equity": 71458175,
            "current_ratio": 129.59,
            "debt_ratio": 53.61,
            "inventory_turnover_ratio": 1.18,
            "account_receivable_turnover_ratio": 1.08,
            "reinvestment_rate": -25.19,
            "research_to_sale_ratio": 10.94,
            "price_fair": 749.13,
            "eps_avg_yearly": 21.4,
            "eps_latest_yearly": 1.72,
            "eps_growth_yearly": 377.5
        },
        "20153": {
            "year_quarter": 20153,
            "year": 2015,
            "quarter": 3,
            "eps": -5.41,
            "eps_growth_year": -793.59,
            "eps_4q": -14.18,
            "eps_4q_growth_year": -976.38,
            "roe": -6.39,
            "roe_4q": -15.98,
            "gross_profit": 3855495,
            "gross_margin": 18.01,
            "gross_margin_4q_avg": 19.33,
            "net_income": -4476954,
            "net_income_4q": null,
            "revenue": 21402111,
            "revenue_4q": null,
            "common_shares": 8282722,
            "book_valuer_per_share": 83.44,
            "book_valuer_per_share_4q_avg": 90.75,
            "equity": 68770350,
            "current_ratio": 134.19,
            "debt_ratio": 49.53,
            "inventory_turnover_ratio": 0.79,
            "account_receivable_turnover_ratio": 0.94,
            "reinvestment_rate": -14.11,
            "research_to_sale_ratio": 16.92,
            "price_fair": 512.12,
            "eps_avg_yearly": 14.63,
            "eps_latest_yearly": 1.72,
            "eps_growth_yearly": 411.9
        },
        "20154": {
            "year_quarter": 20154,
            "year": 2015,
            "quarter": 4,
            "eps": -4.09,
            "eps_growth_year": -825.65,
            "eps_4q": -18.77,
            "eps_4q_growth_year": -1147.73,
            "roe": -5.06,
            "roe_4q": -21.63,
            "gross_profit": 3573228,
            "gross_margin": 13.88,
            "gross_margin_4q_avg": 17.71,
            "net_income": -3381926,
            "net_income_4q": null,
            "revenue": 25748150,
            "revenue_4q": null,
            "common_shares": 8318695,
            "book_valuer_per_share": 78.27,
            "book_valuer_per_share_4q_avg": 86.06,
            "equity": 64792095,
            "current_ratio": 134.07,
            "debt_ratio": 49.93,
            "inventory_turnover_ratio": 1.11,
            "account_receivable_turnover_ratio": 1.45,
            "reinvestment_rate": -435.57,
            "research_to_sale_ratio": 11.86,
            "price_fair": 365.87,
            "eps_avg_yearly": 10.45,
            "eps_latest_yearly": 1.72,
            "eps_growth_yearly": 476.06
        },
        "20161": {
            "year_quarter": 20161,
            "year": 2016,
            "quarter": 1,
            "eps": -3.16,
            "eps_growth_year": -834.88,
            "eps_4q": -22.36,
            "eps_4q_growth_year": -597.22,
            "roe": -4.14,
            "roe_4q": -26.22,
            "gross_profit": 1387096,
            "gross_margin": 9.36,
            "gross_margin_4q_avg": 15.13,
            "net_income": -2616447,
            "net_income_4q": null,
            "revenue": 14820982,
            "revenue_4q": null,
            "common_shares": 8276415,
            "book_valuer_per_share": 74.61,
            "book_valuer_per_share_4q_avg": 80.66,
            "equity": 61751454,
            "current_ratio": 138.05,
            "debt_ratio": 48.19,
            "inventory_turnover_ratio": 0.7,
            "account_receivable_turnover_ratio": 0.99,
            "reinvestment_rate": null,
            "research_to_sale_ratio": 19.95,
            "price_fair": 317.98,
            "eps_avg_yearly": 9.09,
            "eps_latest_yearly": 1.72,
            "eps_growth_yearly": 565.08
        },
        "20162": {
            "year_quarter": 20162,
            "year": 2016,
            "quarter": 2,
            "eps": -3.71,
            "eps_growth_year": null,
            "eps_4q": -16.5,
            "eps_4q_growth_year": null,
            "roe": -5.12,
            "roe_4q": -20.71,
            "gross_profit": 2148548,
            "gross_margin": 11.39,
            "gross_margin_4q_avg": 13.16,
            "net_income": -3058882,
            "net_income_4q": null,
            "revenue": 18862124,
            "revenue_4q": null,
            "common_shares": 8274191,
            "book_valuer_per_share": 70.52,
            "book_valuer_per_share_4q_avg": 76.71,
            "equity": 57850785,
            "current_ratio": 135.2,
            "debt_ratio": 49.82,
            "inventory_turnover_ratio": 0.93,
            "account_receivable_turnover_ratio": 1.47,
            "reinvestment_rate": null,
            "research_to_sale_ratio": 15.19,
            "price_fair": 185.4,
            "eps_avg_yearly": 5.3,
            "eps_latest_yearly": 1.72,
            "eps_growth_yearly": 607.89
        },
        "20163": {
            "year_quarter": 20163,
            "year": 2016,
            "quarter": 3,
            "eps": -2.18,
            "eps_growth_year": null,
            "eps_4q": -13.18,
            "eps_4q_growth_year": null,
            "roe": -3.17,
            "roe_4q": -17.49,
            "gross_profit": 3572967,
            "gross_margin": 16.07,
            "gross_margin_4q_avg": 12.68,
            "net_income": -1789387,
            "net_income_4q": null,
            "revenue": 22230334,
            "revenue_4q": null,
            "common_shares": 8228499,
            "book_valuer_per_share": 66.8,
            "book_valuer_per_share_4q_avg": 72.55,
            "equity": 54966343,
            "current_ratio": 132.77,
            "debt_ratio": 50.78,
            "inventory_turnover_ratio": 1.03,
            "account_receivable_turnover_ratio": 1.4,
            "reinvestment_rate": null,
            "research_to_sale_ratio": 11.08,
            "price_fair": 106.87,
            "eps_avg_yearly": 3.05,
            "eps_latest_yearly": 1.72,
            "eps_growth_yearly": 740.74
        },
        "20164": {
            "year_quarter": 20164,
            "year": 2016,
            "quarter": 4,
            "eps": -3.77,
            "eps_growth_year": null,
            "eps_4q": -12.85,
            "eps_4q_growth_year": null,
            "roe": -5.8,
            "roe_4q": -18.23,
            "gross_profit": 2325980,
            "gross_margin": 10.45,
            "gross_margin_4q_avg": 11.82,
            "net_income": -3095387,
            "net_income_4q": null,
            "revenue": 22247718,
            "revenue_4q": null,
            "common_shares": 8220087,
            "book_valuer_per_share": 62.98,
            "book_valuer_per_share_4q_avg": 68.73,
            "equity": 51771506,
            "current_ratio": 133.72,
            "debt_ratio": 49.81,
            "inventory_turnover_ratio": 1.19,
            "account_receivable_turnover_ratio": 1.33,
            "reinvestment_rate": null,
            "research_to_sale_ratio": 12.01,
            "price_fair": 94.36,
            "eps_avg_yearly": 2.7,
            "eps_latest_yearly": 1.72,
            "eps_growth_yearly": 948.25
        },
        "20171": {
            "year_quarter": 20171,
            "year": 2017,
            "quarter": 1,
            "eps": -2.47,
            "eps_growth_year": null,
            "eps_4q": -12.14,
            "eps_4q_growth_year": null,
            "roe": -4.07,
            "roe_4q": -18.16,
            "gross_profit": 2363186,
            "gross_margin": 16.26,
            "gross_margin_4q_avg": 13.54,
            "net_income": -2032545,
            "net_income_4q": null,
            "revenue": 14530823,
            "revenue_4q": null,
            "common_shares": 8219042,
            "book_valuer_per_share": 58.43,
            "book_valuer_per_share_4q_avg": 64.68,
            "equity": 48022626,
            "current_ratio": 136.6,
            "debt_ratio": 48.25,
            "inventory_turnover_ratio": 0.84,
            "account_receivable_turnover_ratio": 1.16,
            "reinvestment_rate": null,
            "research_to_sale_ratio": 17.72,
            "price_fair": 114.45,
            "eps_avg_yearly": 3.27,
            "eps_latest_yearly": 1.72,
            "eps_growth_yearly": 1277.05
        },
        "20172": {
            "year_quarter": 20172,
            "year": 2017,
            "quarter": 2,
            "eps": -2.37,
            "eps_growth_year": null,
            "eps_4q": -10.79,
            "eps_4q_growth_year": null,
            "roe": -4.12,
            "roe_4q": -17.160000000000004,
            "gross_profit": 2214879,
            "gross_margin": 13.73,
            "gross_margin_4q_avg": 14.13,
            "net_income": -1950571,
            "net_income_4q": null,
            "revenue": 16135909,
            "revenue_4q": null,
            "common_shares": 8217952,
            "book_valuer_per_share": 56.71,
            "book_valuer_per_share_4q_avg": 61.23,
            "equity": 46607530,
            "current_ratio": 134.7,
            "debt_ratio": 49.38,
            "inventory_turnover_ratio": 0.93,
            "account_receivable_turnover_ratio": 1.61,
            "reinvestment_rate": null,
            "research_to_sale_ratio": 16.44,
            "price_fair": 7.08,
            "eps_avg_yearly": 2.36,
            "eps_latest_yearly": 1.72,
            "eps_growth_yearly": -163.94
        },
        "20173": {
            "year_quarter": 20173,
            "year": 2017,
            "quarter": 3,
            "eps": -3.8,
            "eps_growth_year": null,
            "eps_4q": -12.41,
            "eps_4q_growth_year": null,
            "roe": -6.91,
            "roe_4q": -20.900000000000002,
            "gross_profit": 1610393,
            "gross_margin": 10.25,
            "gross_margin_4q_avg": 12.67,
            "net_income": -3127432,
            "net_income_4q": null,
            "revenue": 15705695,
            "revenue_4q": null,
            "common_shares": 8215276,
            "book_valuer_per_share": 53.38,
            "book_valuer_per_share_4q_avg": 57.88,
            "equity": 43883052,
            "current_ratio": 135.49,
            "debt_ratio": 47.29,
            "inventory_turnover_ratio": 0.91,
            "account_receivable_turnover_ratio": 1.51,
            "reinvestment_rate": null,
            "research_to_sale_ratio": 16.79,
            "price_fair": 7.08,
            "eps_avg_yearly": 2.36,
            "eps_latest_yearly": 1.72,
            "eps_growth_yearly": -163.94
        },
        "20174": {
            "year_quarter": 20174,
            "year": 2017,
            "quarter": 4,
            "eps": -11.94,
            "eps_growth_year": null,
            "eps_4q": -20.6,
            "eps_4q_growth_year": null,
            "roe": -25.28,
            "roe_4q": -40.379999999999995,
            "gross_profit": -4848766,
            "gross_margin": -30.79,
            "gross_margin_4q_avg": 2.36,
            "net_income": -9809811,
            "net_income_4q": null,
            "revenue": 15747387,
            "revenue_4q": null,
            "common_shares": 8208261,
            "book_valuer_per_share": 41.05,
            "book_valuer_per_share_4q_avg": 52.39,
            "equity": 33725128,
            "current_ratio": 117.32,
            "debt_ratio": 49.35,
            "inventory_turnover_ratio": 1.77,
            "account_receivable_turnover_ratio": 1.71,
            "reinvestment_rate": null,
            "research_to_sale_ratio": 16.36,
            "price_fair": 7.08,
            "eps_avg_yearly": 2.36,
            "eps_latest_yearly": 1.72,
            "eps_growth_yearly": -163.94
        },
        "20181": {
            "year_quarter": 20181,
            "year": 2018,
            "quarter": 1,
            "eps": 25.7,
            "eps_growth_year": null,
            "eps_4q": 7.58,
            "eps_4q_growth_year": null,
            "roe": 47.74,
            "roe_4q": 11.43,
            "gross_profit": -274872,
            "gross_margin": -3.13,
            "gross_margin_4q_avg": -2.49,
            "net_income": 21089564,
            "net_income_4q": null,
            "revenue": 8788743,
            "revenue_4q": null,
            "common_shares": 8209589,
            "book_valuer_per_share": 66.52,
            "book_valuer_per_share_4q_avg": 54.42,
            "equity": 54635896,
            "current_ratio": 214.98,
            "debt_ratio": 34.23,
            "inventory_turnover_ratio": 1.41,
            "account_receivable_turnover_ratio": 1.3,
            "reinvestment_rate": null,
            "research_to_sale_ratio": 30.07,
            "price_fair": 7.08,
            "eps_avg_yearly": 2.36,
            "eps_latest_yearly": 1.72,
            "eps_growth_yearly": -163.94
        },
        "20182": {
            "year_quarter": 20182,
            "year": 2018,
            "quarter": 2,
            "eps": -2.53,
            "eps_growth_year": null,
            "eps_4q": 7.44,
            "eps_4q_growth_year": null,
            "roe": -3.88,
            "roe_4q": 11.669999999999998,
            "gross_profit": 179982,
            "gross_margin": 2.66,
            "gross_margin_4q_avg": -5.25,
            "net_income": -2085145,
            "net_income_4q": null,
            "revenue": 6774460,
            "revenue_4q": null,
            "common_shares": 8192617,
            "book_valuer_per_share": 64.31,
            "book_valuer_per_share_4q_avg": 56.32,
            "equity": 52759992,
            "current_ratio": 215.11,
            "debt_ratio": 33.78,
            "inventory_turnover_ratio": 1.26,
            "account_receivable_turnover_ratio": 1.6,
            "reinvestment_rate": null,
            "research_to_sale_ratio": 24.39,
            "price_fair": 7.08,
            "eps_avg_yearly": 2.36,
            "eps_latest_yearly": 1.72,
            "eps_growth_yearly": -163.94
        },
        "20183": {
            "year_quarter": 20183,
            "year": 2018,
            "quarter": 3,
            "eps": -3.18,
            "eps_growth_year": null,
            "eps_4q": 8.08,
            "eps_4q_growth_year": null,
            "roe": -5.1,
            "roe_4q": 13.480000000000004,
            "gross_profit": 191328,
            "gross_margin": 4.73,
            "gross_margin_4q_avg": -6.63,
            "net_income": -2616001,
            "net_income_4q": null,
            "revenue": 4044278,
            "revenue_4q": null,
            "common_shares": 8190792,
            "book_valuer_per_share": 60.64,
            "book_valuer_per_share_4q_avg": 58.13,
            "equity": 49732863,
            "current_ratio": 216.05,
            "debt_ratio": 32.84,
            "inventory_turnover_ratio": 0.82,
            "account_receivable_turnover_ratio": 1.42,
            "reinvestment_rate": null,
            "research_to_sale_ratio": 35.02,
            "price_fair": 5.94,
            "eps_avg_yearly": 1.98,
            "eps_latest_yearly": 1.72,
            "eps_growth_yearly": -102.84
        },
        "20184": {
            "year_quarter": 20184,
            "year": 2018,
            "quarter": 4,
            "eps": -5.31,
            "eps_growth_year": null,
            "eps_4q": 14.74,
            "eps_4q_growth_year": null,
            "roe": -9.19,
            "roe_4q": 29.570000000000004,
            "gross_profit": 329172,
            "gross_margin": 7.96,
            "gross_margin_4q_avg": 3.06,
            "net_income": -4363517,
            "net_income_4q": null,
            "revenue": 4133129,
            "revenue_4q": null,
            "common_shares": 8188135,
            "book_valuer_per_share": 55.16,
            "book_valuer_per_share_4q_avg": 61.66,
            "equity": 45219868,
            "current_ratio": 217.14,
            "debt_ratio": 33.22,
            "inventory_turnover_ratio": 0.99,
            "account_receivable_turnover_ratio": 2.14,
            "reinvestment_rate": null,
            "research_to_sale_ratio": 34.07,
            "price_fair": 5.16,
            "eps_avg_yearly": 1.72,
            "eps_latest_yearly": 1.72,
            "eps_growth_yearly": -92.86
        },
        "20191": {
            "year_quarter": 20191,
            "year": 2019,
            "quarter": 1,
            "eps": -2.98,
            "eps_growth_year": -111.6,
            "eps_4q": -14.01,
            "eps_4q_growth_year": -284.83,
            "roe": -5.54,
            "roe_4q": -23.709999999999997,
            "gross_profit": 431429,
            "gross_margin": 14.66,
            "gross_margin_4q_avg": 7.5,
            "net_income": -2455505,
            "net_income_4q": null,
            "revenue": 2943626,
            "revenue_4q": null,
            "common_shares": 8188119,
            "book_valuer_per_share": 52.92,
            "book_valuer_per_share_4q_avg": 58.26,
            "equity": 43373737,
            "current_ratio": 216.13,
            "debt_ratio": 32.95,
            "inventory_turnover_ratio": 0.77,
            "account_receivable_turnover_ratio": 1.89,
            "reinvestment_rate": null,
            "research_to_sale_ratio": 49.43,
            "price_fair": 0,
            "eps_avg_yearly": 0,
            "eps_latest_yearly": 0,
            "eps_growth_yearly": 0
        },
        "20192": {
            "year_quarter": 20192,
            "year": 2019,
            "quarter": 2,
            "eps": -2.71,
            "eps_growth_year": null,
            "eps_4q": -14.18,
            "eps_4q_growth_year": -290.53,
            "roe": -5.29,
            "roe_4q": -25.119999999999997,
            "gross_profit": 570286,
            "gross_margin": 20.32,
            "gross_margin_4q_avg": 11.92,
            "net_income": -2229025,
            "net_income_4q": null,
            "revenue": 2807105,
            "revenue_4q": null,
            "common_shares": 8188119,
            "book_valuer_per_share": 49.87,
            "book_valuer_per_share_4q_avg": 54.65,
            "equity": 40859262,
            "current_ratio": 212.11,
            "debt_ratio": 33.4,
            "inventory_turnover_ratio": 0.71,
            "account_receivable_turnover_ratio": 2.03,
            "reinvestment_rate": null,
            "research_to_sale_ratio": 51.68,
            "price_fair": 0,
            "eps_avg_yearly": 0,
            "eps_latest_yearly": 0,
            "eps_growth_yearly": 0
        },
        "20193": {
            "year_quarter": 20193,
            "year": 2019,
            "quarter": 3,
            "eps": -2.86,
            "eps_growth_year": null,
            "eps_4q": -13.87,
            "eps_4q_growth_year": -271.71,
            "roe": -5.99,
            "roe_4q": -26.009999999999998,
            "gross_profit": 560642,
            "gross_margin": 22.88,
            "gross_margin_4q_avg": 16.46,
            "net_income": -2357233,
            "net_income_4q": null,
            "revenue": 2450258,
            "revenue_4q": null,
            "common_shares": 8188119,
            "book_valuer_per_share": 45.94,
            "book_valuer_per_share_4q_avg": 50.97,
            "equity": 37785762,
            "current_ratio": 205.19,
            "debt_ratio": 34.42,
            "inventory_turnover_ratio": 0.65,
            "account_receivable_turnover_ratio": 1.8,
            "reinvestment_rate": null,
            "research_to_sale_ratio": 58.81,
            "price_fair": 0,
            "eps_avg_yearly": 0,
            "eps_latest_yearly": 0,
            "eps_growth_yearly": 0
        },
        "20194": {
            "year_quarter": 20194,
            "year": 2019,
            "quarter": 4,
            "eps": -2.87,
            "eps_growth_year": null,
            "eps_4q": -11.43,
            "eps_4q_growth_year": -177.54,
            "roe": -6.52,
            "roe_4q": -23.34,
            "gross_profit": 465754,
            "gross_margin": 25.68,
            "gross_margin_4q_avg": 20.89,
            "net_income": -2371307,
            "net_income_4q": null,
            "revenue": 1813977,
            "revenue_4q": null,
            "common_shares": 8188086,
            "book_valuer_per_share": 42.57,
            "book_valuer_per_share_4q_avg": 47.83,
            "equity": 34997283,
            "current_ratio": 206.46,
            "debt_ratio": 33.64,
            "inventory_turnover_ratio": 0.53,
            "account_receivable_turnover_ratio": 2.01,
            "reinvestment_rate": null,
            "research_to_sale_ratio": 71.97,
            "price_fair": 0,
            "eps_avg_yearly": 0,
            "eps_latest_yearly": 0,
            "eps_growth_yearly": 0
        },
        "20201": {
            "year_quarter": 20201,
            "year": 2020,
            "quarter": 1,
            "eps": -2.05,
            "eps_growth_year": null,
            "eps_4q": -10.49,
            "eps_4q_growth_year": null,
            "roe": -4.98,
            "roe_4q": -22.78,
            "gross_profit": 349030,
            "gross_margin": 26.25,
            "gross_margin_4q_avg": 23.78,
            "net_income": -1693901,
            "net_income_4q": null,
            "revenue": 1329750,
            "revenue_4q": null,
            "common_shares": 8188043,
            "book_valuer_per_share": 40.24,
            "book_valuer_per_share_4q_avg": 44.66,
            "equity": 33079932,
            "current_ratio": 213.08,
            "debt_ratio": 31.82,
            "inventory_turnover_ratio": 0.47,
            "account_receivable_turnover_ratio": 3.15,
            "reinvestment_rate": null,
            "research_to_sale_ratio": 73.01,
            "price_fair": 0,
            "eps_avg_yearly": 0,
            "eps_latest_yearly": 0,
            "eps_growth_yearly": 0
        },
        "20202": {
            "year_quarter": 20202,
            "year": 2020,
            "quarter": 2,
            "eps": -2.23,
            "eps_growth_year": null,
            "eps_4q": -10.01,
            "eps_4q_growth_year": null,
            "roe": -5.65,
            "roe_4q": -23.14,
            "gross_profit": 355774,
            "gross_margin": 26.48,
            "gross_margin_4q_avg": 25.32,
            "net_income": -1842890,
            "net_income_4q": null,
            "revenue": 1343394,
            "revenue_4q": null,
            "common_shares": 8188043,
            "book_valuer_per_share": 39.17,
            "book_valuer_per_share_4q_avg": 41.98,
            "equity": 32179979,
            "current_ratio": 208.58,
            "debt_ratio": 32.17,
            "inventory_turnover_ratio": 0.57,
            "account_receivable_turnover_ratio": 2.67,
            "reinvestment_rate": null,
            "research_to_sale_ratio": 68.64,
            "price_fair": 0,
            "eps_avg_yearly": 0,
            "eps_latest_yearly": 0,
            "eps_growth_yearly": 0
        },
        "20203": {
            "year_quarter": 20203,
            "year": 2020,
            "quarter": 3,
            "eps": -1.7,
            "eps_growth_year": null,
            "eps_4q": -8.86,
            "eps_4q_growth_year": null,
            "roe": -4.47,
            "roe_4q": -21.62,
            "gross_profit": 413984,
            "gross_margin": 27,
            "gross_margin_4q_avg": 26.35,
            "net_income": -1413698,
            "net_income_4q": null,
            "revenue": 1533160,
            "revenue_4q": null,
            "common_shares": 8186444,
            "book_valuer_per_share": 37.78,
            "book_valuer_per_share_4q_avg": 39.94,
            "equity": 31011541,
            "current_ratio": 204.09,
            "debt_ratio": 32.34,
            "inventory_turnover_ratio": 0.7,
            "account_receivable_turnover_ratio": 2.52,
            "reinvestment_rate": null,
            "research_to_sale_ratio": 58.35,
            "price_fair": 0,
            "eps_avg_yearly": 0,
            "eps_latest_yearly": 0,
            "eps_growth_yearly": 0
        },
        "20204": {
            "year_quarter": 20204,
            "year": 2020,
            "quarter": 4,
            "eps": -1.28,
            "eps_growth_year": null,
            "eps_4q": -7.27,
            "eps_4q_growth_year": null,
            "roe": -3.52,
            "roe_4q": -18.62,
            "gross_profit": 445976,
            "gross_margin": 27.88,
            "gross_margin_4q_avg": 26.9,
            "net_income": -1072109,
            "net_income_4q": null,
            "revenue": 1599404,
            "revenue_4q": null,
            "common_shares": 8186444,
            "book_valuer_per_share": 36.51,
            "book_valuer_per_share_4q_avg": 38.43,
            "equity": 29953576,
            "current_ratio": 194.13,
            "debt_ratio": 33.53,
            "inventory_turnover_ratio": 0.74,
            "account_receivable_turnover_ratio": 2.89,
            "reinvestment_rate": null,
            "research_to_sale_ratio": 49.83,
            "price_fair": 0,
            "eps_avg_yearly": 0,
            "eps_latest_yearly": 0,
            "eps_growth_yearly": 0
        },
        "20211": {
            "year_quarter": 20211,
            "year": 2021,
            "quarter": 1,
            "eps": -1.25,
            "eps_growth_year": null,
            "eps_4q": -6.46,
            "eps_4q_growth_year": null,
            "roe": -3.52,
            "roe_4q": -17.16,
            "gross_profit": 340208,
            "gross_margin": 28.95,
            "gross_margin_4q_avg": 27.58,
            "net_income": -1038130,
            "net_income_4q": null,
            "revenue": 1175087,
            "revenue_4q": null,
            "common_shares": 8186444,
            "book_valuer_per_share": 35.38,
            "book_valuer_per_share_4q_avg": 37.21,
            "equity": 29006594,
            "current_ratio": 200.74,
            "debt_ratio": 34.6,
            "inventory_turnover_ratio": 0.54,
            "account_receivable_turnover_ratio": 3.05,
            "reinvestment_rate": null,
            "research_to_sale_ratio": 59.02,
            "price_fair": 0,
            "eps_avg_yearly": 0,
            "eps_latest_yearly": 0,
            "eps_growth_yearly": 0
        },
        "20212": {
            "year_quarter": 20212,
            "year": 2021,
            "quarter": 2,
            "eps": -0.68,
            "eps_growth_year": null,
            "eps_4q": -4.91,
            "eps_4q_growth_year": null,
            "roe": -1.98,
            "roe_4q": -13.489999999999998,
            "gross_profit": 403294,
            "gross_margin": 29.89,
            "gross_margin_4q_avg": 28.43,
            "net_income": -565459,
            "net_income_4q": null,
            "revenue": 1349180,
            "revenue_4q": null,
            "common_shares": 8189294,
            "book_valuer_per_share": 34.42,
            "book_valuer_per_share_4q_avg": 36.02,
            "equity": 28190815,
            "current_ratio": 184.25,
            "debt_ratio": 36.69,
            "inventory_turnover_ratio": 0.58,
            "account_receivable_turnover_ratio": 3.03,
            "reinvestment_rate": null,
            "research_to_sale_ratio": 44.48,
            "price_fair": 0,
            "eps_avg_yearly": 0,
            "eps_latest_yearly": 0,
            "eps_growth_yearly": 0
        },
        "20213": {
            "year_quarter": 20213,
            "year": 2021,
            "quarter": 3,
            "eps": -0.94,
            "eps_growth_year": null,
            "eps_4q": -4.14,
            "eps_4q_growth_year": null,
            "roe": -2.75,
            "roe_4q": -11.77,
            "gross_profit": 424335,
            "gross_margin": 31.64,
            "gross_margin_4q_avg": 29.59,
            "net_income": -766508,
            "net_income_4q": null,
            "revenue": 1340964,
            "revenue_4q": null,
            "common_shares": 8194292,
            "book_valuer_per_share": 33.69,
            "book_valuer_per_share_4q_avg": 35,
            "equity": 27608669,
            "current_ratio": 176.91,
            "debt_ratio": 38.33,
            "inventory_turnover_ratio": 0.53,
            "account_receivable_turnover_ratio": 2.36,
            "reinvestment_rate": null,
            "research_to_sale_ratio": 36.23,
            "price_fair": 0,
            "eps_avg_yearly": 0,
            "eps_latest_yearly": 0,
            "eps_growth_yearly": 0
        },
        "20214": {
            "year_quarter": 20214,
            "year": 2021,
            "quarter": 4,
            "eps": -0.89,
            "eps_growth_year": null,
            "eps_4q": -3.73,
            "eps_4q_growth_year": null,
            "roe": -2.67,
            "roe_4q": -10.92,
            "gross_profit": 468220,
            "gross_margin": 33.73,
            "gross_margin_4q_avg": 31.05,
            "net_income": -731720,
            "net_income_4q": null,
            "revenue": 1388048,
            "revenue_4q": null,
            "common_shares": 8245050,
            "book_valuer_per_share": 33.02,
            "book_valuer_per_share_4q_avg": 34.13,
            "equity": 27222902,
            "current_ratio": 181.46,
            "debt_ratio": 38.39,
            "inventory_turnover_ratio": 0.54,
            "account_receivable_turnover_ratio": 2.81,
            "reinvestment_rate": null,
            "research_to_sale_ratio": 34.35,
            "price_fair": 0,
            "eps_avg_yearly": 0,
            "eps_latest_yearly": 0,
            "eps_growth_yearly": 0
        },
        "20221": {
            "year_quarter": 20221,
            "year": 2022,
            "quarter": 1,
            "eps": -0.92,
            "eps_growth_year": null,
            "eps_4q": -3.4,
            "eps_4q_growth_year": null,
            "roe": -2.77,
            "roe_4q": -10.17,
            "gross_profit": 417468,
            "gross_margin": 37.81,
            "gross_margin_4q_avg": 33.27,
            "net_income": -755664,
            "net_income_4q": null,
            "revenue": 1104152,
            "revenue_4q": null,
            "common_shares": 8249274,
            "book_valuer_per_share": 33.08,
            "book_valuer_per_share_4q_avg": 33.55,
            "equity": 27285234,
            "current_ratio": 189.12,
            "debt_ratio": 39.78,
            "inventory_turnover_ratio": 0.4,
            "account_receivable_turnover_ratio": 2.71,
            "reinvestment_rate": null,
            "research_to_sale_ratio": 47.02,
            "price_fair": 0,
            "eps_avg_yearly": 0,
            "eps_latest_yearly": 0,
            "eps_growth_yearly": 0
        },
        "20222": {
            "year_quarter": 20222,
            "year": 2022,
            "quarter": 2,
            "eps": -0.91,
            "eps_growth_year": null,
            "eps_4q": -3.63,
            "eps_4q_growth_year": null,
            "roe": -2.77,
            "roe_4q": -10.96,
            "gross_profit": 394990,
            "gross_margin": 39.17,
            "gross_margin_4q_avg": 35.59,
            "net_income": -747946,
            "net_income_4q": null,
            "revenue": 1008462,
            "revenue_4q": null,
            "common_shares": 8262550,
            "book_valuer_per_share": 32.44,
            "book_valuer_per_share_4q_avg": 33.06,
            "equity": 26799917,
            "current_ratio": 200.43,
            "debt_ratio": 43.39,
            "inventory_turnover_ratio": 0.35,
            "account_receivable_turnover_ratio": 2.4,
            "reinvestment_rate": null,
            "research_to_sale_ratio": 53.49,
            "price_fair": 0,
            "eps_avg_yearly": 0,
            "eps_latest_yearly": 0,
            "eps_growth_yearly": 0
        },
        "20223": {
            "year_quarter": 20223,
            "year": 2022,
            "quarter": 3,
            "eps": -1.19,
            "eps_growth_year": null,
            "eps_4q": -3.89,
            "eps_4q_growth_year": null,
            "roe": -3.67,
            "roe_4q": -11.879999999999999,
            "gross_profit": 425376,
            "gross_margin": 39.36,
            "gross_margin_4q_avg": 37.52,
            "net_income": -982811,
            "net_income_4q": null,
            "revenue": 1080718,
            "revenue_4q": null,
            "common_shares": 8275816,
            "book_valuer_per_share": 32.38,
            "book_valuer_per_share_4q_avg": 32.73,
            "equity": 26795772,
            "current_ratio": 193.83,
            "debt_ratio": 44.29,
            "inventory_turnover_ratio": 0.38,
            "account_receivable_turnover_ratio": 2.16,
            "reinvestment_rate": null,
            "research_to_sale_ratio": 53.16,
            "price_fair": 0,
            "eps_avg_yearly": 0,
            "eps_latest_yearly": 0,
            "eps_growth_yearly": 0
        },
        "20224": {
            "year_quarter": 20224,
            "year": 2022,
            "quarter": 4,
            "eps": -1.12,
            "eps_growth_year": null,
            "eps_4q": -4.11,
            "eps_4q_growth_year": null,
            "roe": -3.54,
            "roe_4q": -12.75,
            "gross_profit": 492144,
            "gross_margin": 40.49,
            "gross_margin_4q_avg": 39.21,
            "net_income": -925362,
            "net_income_4q": null,
            "revenue": 1215491,
            "revenue_4q": null,
            "common_shares": 8295153,
            "book_valuer_per_share": 30.81,
            "book_valuer_per_share_4q_avg": 32.18,
            "equity": 25559160,
            "current_ratio": 200.96,
            "debt_ratio": 44.96,
            "inventory_turnover_ratio": 0.46,
            "account_receivable_turnover_ratio": 2.21,
            "reinvestment_rate": null,
            "research_to_sale_ratio": 59.49,
            "price_fair": 0,
            "eps_avg_yearly": 0,
            "eps_latest_yearly": 0,
            "eps_growth_yearly": 0
        },
        "20231": {
            "year_quarter": 20231,
            "year": 2023,
            "quarter": 1,
            "eps": -0.82,
            "eps_growth_year": null,
            "eps_4q": -4.02,
            "eps_4q_growth_year": null,
            "roe": -2.69,
            "roe_4q": -12.67,
            "gross_profit": 397609,
            "gross_margin": 40.77,
            "gross_margin_4q_avg": 39.95,
            "net_income": -683669,
            "net_income_4q": null,
            "revenue": 975316,
            "revenue_4q": null,
            "common_shares": 8310921,
            "book_valuer_per_share": 30.39,
            "book_valuer_per_share_4q_avg": 31.51,
            "equity": 25260284,
            "current_ratio": 214.26,
            "debt_ratio": 45.95,
            "inventory_turnover_ratio": 0.41,
            "account_receivable_turnover_ratio": 1.8,
            "reinvestment_rate": null,
            "research_to_sale_ratio": 65.26,
            "price_fair": 0,
            "eps_avg_yearly": 0,
            "eps_latest_yearly": 0,
            "eps_growth_yearly": 0
        },
        "20232": {
            "year_quarter": 20232,
            "year": 2023,
            "quarter": 2,
            "eps": -1.08,
            "eps_growth_year": null,
            "eps_4q": -4.2,
            "eps_4q_growth_year": null,
            "roe": -3.58,
            "roe_4q": -13.479999999999999,
            "gross_profit": 473371,
            "gross_margin": 41.38,
            "gross_margin_4q_avg": 40.5,
            "net_income": -900602,
            "net_income_4q": null,
            "revenue": 1143924,
            "revenue_4q": null,
            "common_shares": 8314380,
            "book_valuer_per_share": 30.18,
            "book_valuer_per_share_4q_avg": 30.94,
            "equity": 25089513,
            "current_ratio": 204.37,
            "debt_ratio": 46.94,
            "inventory_turnover_ratio": 0.48,
            "account_receivable_turnover_ratio": 2.02,
            "reinvestment_rate": null,
            "research_to_sale_ratio": 62.61,
            "price_fair": 0,
            "eps_avg_yearly": 0,
            "eps_latest_yearly": 0,
            "eps_growth_yearly": 0
        },
        "20233": {
            "year_quarter": 20233,
            "year": 2023,
            "quarter": 3,
            "eps": -1.1,
            "eps_growth_year": null,
            "eps_4q": -4.12,
            "eps_4q_growth_year": null,
            "roe": -3.7,
            "roe_4q": -13.510000000000002,
            "gross_profit": 455086,
            "gross_margin": 41.4,
            "gross_margin_4q_avg": 41.01,
            "net_income": -914997,
            "net_income_4q": null,
            "revenue": 1099234,
            "revenue_4q": null,
            "common_shares": 8316425,
            "book_valuer_per_share": 29.38,
            "book_valuer_per_share_4q_avg": 30.19,
            "equity": 24430863,
            "current_ratio": 202.89,
            "debt_ratio": 48.24,
            "inventory_turnover_ratio": 0.47,
            "account_receivable_turnover_ratio": 1.51,
            "reinvestment_rate": null,
            "research_to_sale_ratio": 59.9,
            "price_fair": 0,
            "eps_avg_yearly": 0,
            "eps_latest_yearly": 0,
            "eps_growth_yearly": 0
        }
    },
    "months": {
        "2002-03": {
            "month": "2002-03",
            "price": "192.75",
            "revenue": 1744832
        },
        "2002-04": {
            "month": "2002-04",
            "price": "246.67",
            "revenue": 1459385
        },
        "2002-05": {
            "month": "2002-05",
            "price": "194.68",
            "revenue": 1509418
        },
        "2002-06": {
            "month": "2002-06",
            "price": "148.90",
            "revenue": 2154531
        },
        "2002-07": {
            "month": "2002-07",
            "price": "117.87",
            "revenue": 1346801
        },
        "2002-08": {
            "month": "2002-08",
            "price": "116.32",
            "revenue": 1541727
        },
        "2002-09": {
            "month": "2002-09",
            "price": "112.80",
            "revenue": 1601091
        },
        "2002-10": {
            "month": "2002-10",
            "price": "119.36",
            "revenue": 1723002
        },
        "2002-11": {
            "month": "2002-11",
            "price": "133.36",
            "revenue": 2530915
        },
        "2002-12": {
            "month": "2002-12",
            "price": "160.77",
            "revenue": 2596606
        },
        "2003-01": {
            "month": "2003-01",
            "price": "172.37",
            "revenue": 1605933
        },
        "2003-02": {
            "month": "2003-02",
            "price": "171.38",
            "revenue": 1701931
        },
        "2003-03": {
            "month": "2003-03",
            "price": "148.81",
            "revenue": 1403622
        },
        "2003-04": {
            "month": "2003-04",
            "price": "133.61",
            "revenue": 1504374
        },
        "2003-05": {
            "month": "2003-05",
            "price": "110.93",
            "revenue": 1134821
        },
        "2003-06": {
            "month": "2003-06",
            "price": "120.30",
            "revenue": 1744966
        },
        "2003-07": {
            "month": "2003-07",
            "price": "136.72",
            "revenue": 1710175
        },
        "2003-08": {
            "month": "2003-08",
            "price": "131.12",
            "revenue": 1333062
        },
        "2003-09": {
            "month": "2003-09",
            "price": "119.14",
            "revenue": 1613437
        },
        "2003-10": {
            "month": "2003-10",
            "price": "125.86",
            "revenue": 2735305
        },
        "2003-11": {
            "month": "2003-11",
            "price": "133.65",
            "revenue": 2674962
        },
        "2003-12": {
            "month": "2003-12",
            "price": "126.35",
            "revenue": 2659018
        },
        "2004-01": {
            "month": "2004-01",
            "price": "131.27",
            "revenue": 2209630
        },
        "2004-02": {
            "month": "2004-02",
            "price": "135.10",
            "revenue": 2254640
        },
        "2004-03": {
            "month": "2004-03",
            "price": "132.41",
            "revenue": 2421833
        },
        "2004-04": {
            "month": "2004-04",
            "price": "146.41",
            "revenue": 2770551
        },
        "2004-05": {
            "month": "2004-05",
            "price": "142.07",
            "revenue": 2814693
        },
        "2004-06": {
            "month": "2004-06",
            "price": "145.79",
            "revenue": 2510146
        },
        "2004-07": {
            "month": "2004-07",
            "price": "131.14",
            "revenue": 2038047
        },
        "2004-08": {
            "month": "2004-08",
            "price": "115.50",
            "revenue": 2045931
        },
        "2004-09": {
            "month": "2004-09",
            "price": "122.62",
            "revenue": 2997819
        },
        "2004-10": {
            "month": "2004-10",
            "price": "132.98",
            "revenue": 4017974
        },
        "2004-11": {
            "month": "2004-11",
            "price": "143.75",
            "revenue": 5415371
        },
        "2004-12": {
            "month": "2004-12",
            "price": "146.54",
            "revenue": 4911011
        },
        "2005-01": {
            "month": "2005-01",
            "price": "150.00",
            "revenue": 4200760
        },
        "2005-02": {
            "month": "2005-02",
            "price": "176.08",
            "revenue": 4118516
        },
        "2005-03": {
            "month": "2005-03",
            "price": "212.15",
            "revenue": 4931351
        },
        "2005-04": {
            "month": "2005-04",
            "price": "219.70",
            "revenue": 5111737
        },
        "2005-05": {
            "month": "2005-05",
            "price": "267.95",
            "revenue": 5103092
        },
        "2005-06": {
            "month": "2005-06",
            "price": "273.36",
            "revenue": 5229232
        },
        "2005-07": {
            "month": "2005-07",
            "price": "365.92",
            "revenue": 5249720
        },
        "2005-08": {
            "month": "2005-08",
            "price": "365.48",
            "revenue": 5203580
        },
        "2005-09": {
            "month": "2005-09",
            "price": "377.76",
            "revenue": 6109330
        },
        "2005-10": {
            "month": "2005-10",
            "price": "376.70",
            "revenue": 8580720
        },
        "2005-11": {
            "month": "2005-11",
            "price": "443.80",
            "revenue": 10442806
        },
        "2005-12": {
            "month": "2005-12",
            "price": "555.45",
            "revenue": 8506694
        },
        "2006-01": {
            "month": "2006-01",
            "price": "667.11",
            "revenue": 7188099
        },
        "2006-02": {
            "month": "2006-02",
            "price": "695.29",
            "revenue": 7817229
        },
        "2006-03": {
            "month": "2006-03",
            "price": "827.04",
            "revenue": 9007128
        },
        "2006-04": {
            "month": "2006-04",
            "price": "945.32",
            "revenue": 7595747
        },
        "2006-05": {
            "month": "2006-05",
            "price": "1082.76",
            "revenue": 8336261
        },
        "2006-06": {
            "month": "2006-06",
            "price": "862.45",
            "revenue": 10059990
        },
        "2006-07": {
            "month": "2006-07",
            "price": "863.48",
            "revenue": 8892935
        },
        "2006-08": {
            "month": "2006-08",
            "price": "781.09",
            "revenue": 8576975
        },
        "2006-09": {
            "month": "2006-09",
            "price": "882.24",
            "revenue": 8886703
        },
        "2006-10": {
            "month": "2006-10",
            "price": "824.45",
            "revenue": 10712803
        },
        "2006-11": {
            "month": "2006-11",
            "price": "772.77",
            "revenue": 10955701
        },
        "2006-12": {
            "month": "2006-12",
            "price": "668.67",
            "revenue": 8111763
        },
        "2007-01": {
            "month": "2007-01",
            "price": "549.80",
            "revenue": 7901122
        },
        "2007-02": {
            "month": "2007-02",
            "price": "488.42",
            "revenue": 6599472
        },
        "2007-03": {
            "month": "2007-03",
            "price": "472.76",
            "revenue": 9100731
        },
        "2007-04": {
            "month": "2007-04",
            "price": "504.18",
            "revenue": 9091957
        },
        "2007-05": {
            "month": "2007-05",
            "price": "566.27",
            "revenue": 7991570
        },
        "2007-06": {
            "month": "2007-06",
            "price": "623.65",
            "revenue": 9777205
        },
        "2007-07": {
            "month": "2007-07",
            "price": "595.68",
            "revenue": 9047414
        },
        "2007-08": {
            "month": "2007-08",
            "price": "481.67",
            "revenue": 9509395
        },
        "2007-09": {
            "month": "2007-09",
            "price": "467.97",
            "revenue": 10551315
        },
        "2007-10": {
            "month": "2007-10",
            "price": "613.86",
            "revenue": 13099706
        },
        "2007-11": {
            "month": "2007-11",
            "price": "611.86",
            "revenue": 14543128
        },
        "2007-12": {
            "month": "2007-12",
            "price": "576.00",
            "revenue": 11379121
        },
        "2008-01": {
            "month": "2008-01",
            "price": "560.09",
            "revenue": 12025247
        },
        "2008-02": {
            "month": "2008-02",
            "price": "649.79",
            "revenue": 9631294
        },
        "2008-03": {
            "month": "2008-03",
            "price": "658.81",
            "revenue": 11046822
        },
        "2008-04": {
            "month": "2008-04",
            "price": "759.76",
            "revenue": 11850217
        },
        "2008-05": {
            "month": "2008-05",
            "price": "827.29",
            "revenue": 10934409
        },
        "2008-06": {
            "month": "2008-06",
            "price": "746.33",
            "revenue": 11835568
        },
        "2008-07": {
            "month": "2008-07",
            "price": "575.09",
            "revenue": 11437963
        },
        "2008-08": {
            "month": "2008-08",
            "price": "562.86",
            "revenue": 12707705
        },
        "2008-09": {
            "month": "2008-09",
            "price": "542.10",
            "revenue": 13712940
        },
        "2008-10": {
            "month": "2008-10",
            "price": "413.48",
            "revenue": 16036024
        },
        "2008-11": {
            "month": "2008-11",
            "price": "345.10",
            "revenue": 17761610
        },
        "2008-12": {
            "month": "2008-12",
            "price": "327.74",
            "revenue": 13578965
        },
        "2009-01": {
            "month": "2009-01",
            "price": "326.17",
            "revenue": 10008007
        },
        "2009-02": {
            "month": "2009-02",
            "price": "364.80",
            "revenue": 9206345
        },
        "2009-03": {
            "month": "2009-03",
            "price": "407.43",
            "revenue": 12376014
        },
        "2009-04": {
            "month": "2009-04",
            "price": "420.50",
            "revenue": 11405184
        },
        "2009-05": {
            "month": "2009-05",
            "price": "477.28",
            "revenue": 12482728
        },
        "2009-06": {
            "month": "2009-06",
            "price": "457.89",
            "revenue": 14313644
        },
        "2009-07": {
            "month": "2009-07",
            "price": "469.52",
            "revenue": 10831787
        },
        "2009-08": {
            "month": "2009-08",
            "price": "338.95",
            "revenue": 11347400
        },
        "2009-09": {
            "month": "2009-09",
            "price": "355.20",
            "revenue": 11827964
        },
        "2009-10": {
            "month": "2009-10",
            "price": "343.27",
            "revenue": 12704300
        },
        "2009-11": {
            "month": "2009-11",
            "price": "359.19",
            "revenue": 14308432
        },
        "2009-12": {
            "month": "2009-12",
            "price": "350.54",
            "revenue": 14068909
        },
        "2010-01": {
            "month": "2010-01",
            "price": "363.12",
            "revenue": 11120974
        },
        "2010-02": {
            "month": "2010-02",
            "price": "310.75",
            "revenue": 10193620
        },
        "2010-03": {
            "month": "2010-03",
            "price": "344.63",
            "revenue": 16382800
        },
        "2010-04": {
            "month": "2010-04",
            "price": "397.60",
            "revenue": 18011808
        },
        "2010-05": {
            "month": "2010-05",
            "price": "430.26",
            "revenue": 18662576
        },
        "2010-06": {
            "month": "2010-06",
            "price": "423.79",
            "revenue": 23857984
        },
        "2010-07": {
            "month": "2010-07",
            "price": "537.61",
            "revenue": 24611445
        },
        "2010-08": {
            "month": "2010-08",
            "price": "609.23",
            "revenue": 24179074
        },
        "2010-09": {
            "month": "2010-09",
            "price": "690.48",
            "revenue": 27058270
        },
        "2010-10": {
            "month": "2010-10",
            "price": "686.81",
            "revenue": 32434307
        },
        "2010-11": {
            "month": "2010-11",
            "price": "796.82",
            "revenue": 38484295
        },
        "2010-12": {
            "month": "2010-12",
            "price": "888.91",
            "revenue": 33086596
        },
        "2011-01": {
            "month": "2011-01",
            "price": "902.85",
            "revenue": 35014430
        },
        "2011-02": {
            "month": "2011-02",
            "price": "981.71",
            "revenue": 32106470
        },
        "2011-03": {
            "month": "2011-03",
            "price": "1065.00",
            "revenue": 37035700
        },
        "2011-04": {
            "month": "2011-04",
            "price": "1226.32",
            "revenue": 38728646
        },
        "2011-05": {
            "month": "2011-05",
            "price": "1195.71",
            "revenue": 40620501
        },
        "2011-06": {
            "month": "2011-06",
            "price": "1106.52",
            "revenue": 45048858
        },
        "2011-07": {
            "month": "2011-07",
            "price": "947.67",
            "revenue": 45111543
        },
        "2011-08": {
            "month": "2011-08",
            "price": "793.61",
            "revenue": 45321945
        },
        "2011-09": {
            "month": "2011-09",
            "price": "730.52",
            "revenue": 45387532
        },
        "2011-10": {
            "month": "2011-10",
            "price": "697.40",
            "revenue": 44113992
        },
        "2011-11": {
            "month": "2011-11",
            "price": "612.82",
            "revenue": 30942382
        },
        "2011-12": {
            "month": "2011-12",
            "price": "465.93",
            "revenue": 26362776
        },
        "2012-01": {
            "month": "2012-01",
            "price": "479.47",
            "revenue": 16615310
        },
        "2012-02": {
            "month": "2012-02",
            "price": "577.35",
            "revenue": 20294435
        },
        "2012-03": {
            "month": "2012-03",
            "price": "622.96",
            "revenue": 30879836
        },
        "2012-04": {
            "month": "2012-04",
            "price": "504.40",
            "revenue": 31031952
        },
        "2012-05": {
            "month": "2012-05",
            "price": "432.91",
            "revenue": 30004481
        },
        "2012-06": {
            "month": "2012-06",
            "price": "376.38",
            "revenue": 30004443
        },
        "2012-07": {
            "month": "2012-07",
            "price": "310.23",
            "revenue": 25024934
        },
        "2012-08": {
            "month": "2012-08",
            "price": "252.20",
            "revenue": 24019109
        },
        "2012-09": {
            "month": "2012-09",
            "price": "286.75",
            "revenue": 21132795
        },
        "2012-10": {
            "month": "2012-10",
            "price": "258.18",
            "revenue": 17213683
        },
        "2012-11": {
            "month": "2012-11",
            "price": "232.32",
            "revenue": 21229764
        },
        "2012-12": {
            "month": "2012-12",
            "price": "279.52",
            "revenue": 21569433
        },
        "2013-01": {
            "month": "2013-01",
            "price": "285.80",
            "revenue": 15536282
        },
        "2013-02": {
            "month": "2013-02",
            "price": "277.58",
            "revenue": 11369748
        },
        "2013-03": {
            "month": "2013-03",
            "price": "251.24",
            "revenue": 15882487
        },
        "2013-04": {
            "month": "2013-04",
            "price": "265.50",
            "revenue": 19590931
        },
        "2013-05": {
            "month": "2013-05",
            "price": "282.82",
            "revenue": 29000570
        },
        "2013-06": {
            "month": "2013-06",
            "price": "262.45",
            "revenue": 22075414
        },
        "2013-07": {
            "month": "2013-07",
            "price": "187.26",
            "revenue": 15728367
        },
        "2013-08": {
            "month": "2013-08",
            "price": "152.36",
            "revenue": 13167981
        },
        "2013-09": {
            "month": "2013-09",
            "price": "136.58",
            "revenue": 18151219
        },
        "2013-10": {
            "month": "2013-10",
            "price": "134.95",
            "revenue": 14995072
        },
        "2013-11": {
            "month": "2013-11",
            "price": "152.52",
            "revenue": 15471596
        },
        "2013-12": {
            "month": "2013-12",
            "price": "144.11",
            "revenue": 12432980
        },
        "2014-01": {
            "month": "2014-01",
            "price": "135.56",
            "revenue": 9671059
        },
        "2014-02": {
            "month": "2014-02",
            "price": "131.09",
            "revenue": 7225000
        },
        "2014-03": {
            "month": "2014-03",
            "price": "146.86",
            "revenue": 16224784
        },
        "2014-04": {
            "month": "2014-04",
            "price": "155.93",
            "revenue": 22078861
        },
        "2014-05": {
            "month": "2014-05",
            "price": "164.57",
            "revenue": 21064547
        },
        "2014-06": {
            "month": "2014-06",
            "price": "138.52",
            "revenue": 21916987
        },
        "2014-07": {
            "month": "2014-07",
            "price": "136.77",
            "revenue": 10604712
        },
        "2014-08": {
            "month": "2014-08",
            "price": "129.60",
            "revenue": 14541044
        },
        "2014-09": {
            "month": "2014-09",
            "price": "132.17",
            "revenue": 16718158
        },
        "2014-10": {
            "month": "2014-10",
            "price": "130.91",
            "revenue": 15750983
        },
        "2014-11": {
            "month": "2014-11",
            "price": "136.35",
            "revenue": 16930055
        },
        "2014-12": {
            "month": "2014-12",
            "price": "139.81",
            "revenue": 15185011
        },
        "2015-01": {
            "month": "2015-01",
            "price": "152.12",
            "revenue": 12275099
        },
        "2015-02": {
            "month": "2015-02",
            "price": "152.19",
            "revenue": 9226165
        },
        "2015-03": {
            "month": "2015-03",
            "price": "142.64",
            "revenue": 20023008
        },
        "2015-04": {
            "month": "2015-04",
            "price": "132.18",
            "revenue": 13542474
        },
        "2015-05": {
            "month": "2015-05",
            "price": "110.18",
            "revenue": 10788095
        },
        "2015-06": {
            "month": "2015-06",
            "price": "81.65",
            "revenue": 8679129
        },
        "2015-07": {
            "month": "2015-07",
            "price": "70.40",
            "revenue": 7407538
        },
        "2015-08": {
            "month": "2015-08",
            "price": "53.72",
            "revenue": 6889966
        },
        "2015-09": {
            "month": "2015-09",
            "price": "57.26",
            "revenue": 7104607
        },
        "2015-10": {
            "month": "2015-10",
            "price": "72.97",
            "revenue": 8946382
        },
        "2015-11": {
            "month": "2015-11",
            "price": "81.37",
            "revenue": 10285016
        },
        "2015-12": {
            "month": "2015-12",
            "price": "76.87",
            "revenue": 6516752
        },
        "2016-01": {
            "month": "2016-01",
            "price": "75.65",
            "revenue": 6477341
        },
        "2016-02": {
            "month": "2016-02",
            "price": "78.08",
            "revenue": 4199863
        },
        "2016-03": {
            "month": "2016-03",
            "price": "100.19",
            "revenue": 4143778
        },
        "2016-04": {
            "month": "2016-04",
            "price": "83.97",
            "revenue": 5750884
        },
        "2016-05": {
            "month": "2016-05",
            "price": "70.20",
            "revenue": 6752783
        },
        "2016-06": {
            "month": "2016-06",
            "price": "94.63",
            "revenue": 6358457
        },
        "2016-07": {
            "month": "2016-07",
            "price": "98.63",
            "revenue": 6319002
        },
        "2016-08": {
            "month": "2016-08",
            "price": "94.36",
            "revenue": 6579394
        },
        "2016-09": {
            "month": "2016-09",
            "price": "83.16",
            "revenue": 9331938
        },
        "2016-10": {
            "month": "2016-10",
            "price": "91.64",
            "revenue": 8171670
        },
        "2016-11": {
            "month": "2016-11",
            "price": "83.41",
            "revenue": 7670098
        },
        "2016-12": {
            "month": "2016-12",
            "price": "80.07",
            "revenue": 6405949
        },
        "2017-01": {
            "month": "2017-01",
            "price": "79.86",
            "revenue": 4664909
        },
        "2017-02": {
            "month": "2017-02",
            "price": "77.89",
            "revenue": 4669052
        },
        "2017-03": {
            "month": "2017-03",
            "price": "76.85",
            "revenue": 5196863
        },
        "2017-04": {
            "month": "2017-04",
            "price": "74.34",
            "revenue": 4713864
        },
        "2017-05": {
            "month": "2017-05",
            "price": "70.24",
            "revenue": 4530677
        },
        "2017-06": {
            "month": "2017-06",
            "price": "70.84",
            "revenue": 6891368
        },
        "2017-07": {
            "month": "2017-07",
            "price": "72.14",
            "revenue": 6194447
        },
        "2017-08": {
            "month": "2017-08",
            "price": "67.67",
            "revenue": 3000856
        },
        "2017-09": {
            "month": "2017-09",
            "price": "70.78",
            "revenue": 6510393
        },
        "2017-10": {
            "month": "2017-10",
            "price": "70.78",
            "revenue": 6064080
        },
        "2017-11": {
            "month": "2017-11",
            "price": "67.51",
            "revenue": 5663333
        },
        "2017-12": {
            "month": "2017-12",
            "price": "69.70",
            "revenue": 4019974
        },
        "2018-01": {
            "month": "2018-01",
            "price": "71.65",
            "revenue": 3403991
        },
        "2018-02": {
            "month": "2018-02",
            "price": "63.71",
            "revenue": 2612857
        },
        "2018-03": {
            "month": "2018-03",
            "price": "63.32",
            "revenue": 2771895
        },
        "2018-04": {
            "month": "2018-04",
            "price": "62.26",
            "revenue": 2099221
        },
        "2018-05": {
            "month": "2018-05",
            "price": "57.94",
            "revenue": 2445327
        },
        "2018-06": {
            "month": "2018-06",
            "price": "58.34",
            "revenue": 2229913
        },
        "2018-07": {
            "month": "2018-07",
            "price": "52.95",
            "revenue": 1399596
        },
        "2018-08": {
            "month": "2018-08",
            "price": "47.10",
            "revenue": 1388825
        },
        "2018-09": {
            "month": "2018-09",
            "price": "40.63",
            "revenue": 1255856
        },
        "2018-10": {
            "month": "2018-10",
            "price": "33.93",
            "revenue": 1307123
        },
        "2018-11": {
            "month": "2018-11",
            "price": "41.11",
            "revenue": 1473755
        },
        "2018-12": {
            "month": "2018-12",
            "price": "39.27",
            "revenue": 1352251
        },
        "2019-01": {
            "month": "2019-01",
            "price": "35.07",
            "revenue": 1005681
        },
        "2019-02": {
            "month": "2019-02",
            "price": "36.72",
            "revenue": 625193
        },
        "2019-03": {
            "month": "2019-03",
            "price": "38.30",
            "revenue": 1312752
        },
        "2019-04": {
            "month": "2019-04",
            "price": "42.36",
            "revenue": 592648
        },
        "2019-05": {
            "month": "2019-05",
            "price": "37.03",
            "revenue": 753041
        },
        "2019-06": {
            "month": "2019-06",
            "price": "36.30",
            "revenue": 1461416
        },
        "2019-07": {
            "month": "2019-07",
            "price": "38.87",
            "revenue": 440615
        },
        "2019-08": {
            "month": "2019-08",
            "price": "34.38",
            "revenue": 734614
        },
        "2019-09": {
            "month": "2019-09",
            "price": "36.58",
            "revenue": 1275029
        },
        "2019-10": {
            "month": "2019-10",
            "price": "37.66",
            "revenue": 655638
        },
        "2019-11": {
            "month": "2019-11",
            "price": "35.53",
            "revenue": 549962
        },
        "2019-12": {
            "month": "2019-12",
            "price": "37.22",
            "revenue": 608377
        },
        "2020-01": {
            "month": "2020-01",
            "price": "37.04",
            "revenue": 478357
        },
        "2020-02": {
            "month": "2020-02",
            "price": "34.39",
            "revenue": 419146
        },
        "2020-03": {
            "month": "2020-03",
            "price": "31.42",
            "revenue": 432247
        },
        "2020-04": {
            "month": "2020-04",
            "price": "29.84",
            "revenue": 297166
        },
        "2020-05": {
            "month": "2020-05",
            "price": "29.12",
            "revenue": 396975
        },
        "2020-06": {
            "month": "2020-06",
            "price": "30.36",
            "revenue": 649253
        },
        "2020-07": {
            "month": "2020-07",
            "price": "31.33",
            "revenue": 283989
        },
        "2020-08": {
            "month": "2020-08",
            "price": "29.78",
            "revenue": 432431
        },
        "2020-09": {
            "month": "2020-09",
            "price": "29.96",
            "revenue": 816740
        },
        "2020-10": {
            "month": "2020-10",
            "price": "28.97",
            "revenue": 429561
        },
        "2020-11": {
            "month": "2020-11",
            "price": "29.45",
            "revenue": 555264
        },
        "2020-12": {
            "month": "2020-12",
            "price": "31.17",
            "revenue": 614579
        },
        "2021-01": {
            "month": "2021-01",
            "price": "29.22",
            "revenue": 492663
        },
        "2021-02": {
            "month": "2021-02",
            "price": "28.58",
            "revenue": 227702
        },
        "2021-03": {
            "month": "2021-03",
            "price": "28.93",
            "revenue": 454722
        },
        "2021-04": {
            "month": "2021-04",
            "price": "37.02",
            "revenue": 380022
        },
        "2021-05": {
            "month": "2021-05",
            "price": "36.75",
            "revenue": 305094
        },
        "2021-06": {
            "month": "2021-06",
            "price": "39.01",
            "revenue": 664064
        },
        "2021-07": {
            "month": "2021-07",
            "price": "37.67",
            "revenue": 373804
        },
        "2021-08": {
            "month": "2021-08",
            "price": "37.30",
            "revenue": 366303
        },
        "2021-09": {
            "month": "2021-09",
            "price": "36.40",
            "revenue": 600857
        },
        "2021-10": {
            "month": "2021-10",
            "price": "43.32",
            "revenue": 349595
        },
        "2021-11": {
            "month": "2021-11",
            "price": "80.15",
            "revenue": 462922
        },
        "2021-12": {
            "month": "2021-12",
            "price": "83.03",
            "revenue": 575531
        },
        "2022-01": {
            "month": "2022-01",
            "price": "73.27",
            "revenue": 359148
        },
        "2022-02": {
            "month": "2022-02",
            "price": "64.25",
            "revenue": 319604
        },
        "2022-03": {
            "month": "2022-03",
            "price": "59.59",
            "revenue": 425400
        },
        "2022-04": {
            "month": "2022-04",
            "price": "53.32",
            "revenue": 209333
        },
        "2022-05": {
            "month": "2022-05",
            "price": "47.24",
            "revenue": 303790
        },
        "2022-06": {
            "month": "2022-06",
            "price": "48.64",
            "revenue": 495339
        },
        "2022-07": {
            "month": "2022-07",
            "price": "60.71",
            "revenue": 304518
        },
        "2022-08": {
            "month": "2022-08",
            "price": "62.03",
            "revenue": 312762
        },
        "2022-09": {
            "month": "2022-09",
            "price": "60.20",
            "revenue": 463438
        },
        "2022-10": {
            "month": "2022-10",
            "price": "51.78",
            "revenue": 305668
        },
        "2022-11": {
            "month": "2022-11",
            "price": "53.05",
            "revenue": 389373
        },
        "2022-12": {
            "month": "2022-12",
            "price": "57.39",
            "revenue": 520450
        },
        "2023-01": {
            "month": "2023-01",
            "price": "58.62",
            "revenue": 214754
        },
        "2023-02": {
            "month": "2023-02",
            "price": "65.78",
            "revenue": 251287
        },
        "2023-03": {
            "month": "2023-03",
            "price": "63.17",
            "revenue": 509275
        },
        "2023-04": {
            "month": "2023-04",
            "price": "61.21",
            "revenue": 300629
        },
        "2023-05": {
            "month": "2023-05",
            "price": "58.47",
            "revenue": 359336
        },
        "2023-06": {
            "month": "2023-06",
            "price": "59.77",
            "revenue": 483959
        },
        "2023-07": {
            "month": "2023-07",
            "price": "56.86",
            "revenue": 241703
        },
        "2023-08": {
            "month": "2023-08",
            "price": "51.37",
            "revenue": 256065
        },
        "2023-09": {
            "month": "2023-09",
            "price": "50.13",
            "revenue": 601466
        },
        "2023-10": {
            "month": "2023-10",
            "price": "47.44",
            "revenue": 215940
        },
        "2023-11": {
            "month": "2023-11",
            "price": "48.05",
            "revenue": 348402
        },
        "2023-12": {
            "month": "2023-12",
            "price": "49.95",
            "revenue": 635116
        }
    }
}
