{
    "summary": {
        "stock_name": "東貝",
        "stock_id": "2499",
        "category": "光電",
        "main_business": "光電元件、零組件、成品、系統設備製造及買賣業務 。<br>半導體元件、零組件製造、買賣業務。<br>光纖系統設備設計、製造、買賣業務。",
        "website_url": "http://www.unityopto.com.tw",
        "ceo": "路洹瀛",
        "pe_ratio": -7,
        "report_year_from": 2001,
        "report_year_to": 2019,
        "age": 22,
        "eps_negative_percentage": 38,
        "eps_growth_avg": {
            "last_all": -23.56,
            "last_2y": -100,
            "last_4y": -82.5,
            "last_8y": -25.66,
            "last_12y": -30.34,
            "last_16y": -25.48,
            "last_20y": null,
            "at_2006_last_3y": -14.56,
            "at_2007_last_3y": -1.01,
            "at_2008_last_3y": -51.01,
            "at_2009_last_3y": -48.93,
            "at_2010_last_3y": -39.69,
            "at_2011_last_3y": -83.12,
            "at_2012_last_3y": -74.69,
            "at_2013_last_3y": -16.46,
            "at_2014_last_3y": 31.18,
            "at_2015_last_3y": 48.68,
            "at_2016_last_3y": 11.51,
            "at_2017_last_3y": -17.98,
            "at_2018_last_3y": -73.75,
            "at_2019_last_3y": -100,
            "at_2020_last_3y": -100,
            "at_2021_last_3y": -100,
            "at_2022_last_3y": -100,
            "at_2023_last_3y": -100,
            "at_2006_last_all": -11.35,
            "at_2007_last_all": -4.41,
            "at_2008_last_all": -18.07,
            "at_2009_last_all": -18.07,
            "at_2010_last_all": -21.98,
            "at_2011_last_all": -30.65,
            "at_2012_last_all": -30.65,
            "at_2013_last_all": -17.58,
            "at_2014_last_all": -7.48,
            "at_2015_last_all": -10.82,
            "at_2016_last_all": -17.68,
            "at_2017_last_all": -17.68,
            "at_2018_last_all": -17.68,
            "at_2019_last_all": -23.56,
            "at_2020_last_all": -23.56,
            "at_2021_last_all": -23.56,
            "at_2022_last_all": -23.56,
            "at_2023_last_all": -23.56
        },
        "latest_eps": -0.62,
        "latest_price": 4.12,
        "latest_roe": -6,
        "latest_gross_margin": 22.18,
        "latest_equity": 4632828,
        "latest_revenue": 1016128,
        "latest_gross_profit": 225428,
        "latest_net_income": -18190,
        "latest_debt_ratio": 65.9,
        "latest_current_ratio": 132.21,
        "latest_account_receivable_turnover_ratio": 0.42,
        "latest_inventory_turnover_ratio": 0.2,
        "latest_reinvestment_rate": null,
        "latest_research_to_sale_ratio": 4.58
    },
    "eps_dividends": {
        "2001": {
            "cash": 0,
            "stock": 3,
            "eps": 2.02
        },
        "2002": {
            "cash": 2,
            "stock": 2,
            "eps": 2.05
        },
        "2003": {
            "cash": 0,
            "stock": 1,
            "eps": 1.56
        },
        "2004": {
            "cash": 1,
            "stock": 1,
            "eps": 3.37
        },
        "2005": {
            "cash": 1,
            "stock": 2,
            "eps": 1.44
        },
        "2006": {
            "cash": 0,
            "stock": 1,
            "eps": 0.33
        },
        "2007": {
            "cash": 0,
            "stock": 0,
            "eps": 0.43
        },
        "2008": {
            "cash": 0,
            "stock": 0,
            "eps": -0.62
        },
        "2009": {
            "cash": 0,
            "stock": 0,
            "eps": 3.18
        },
        "2010": {
            "cash": 2,
            "stock": 0,
            "eps": 1.61
        },
        "2011": {
            "cash": 1,
            "stock": 0,
            "eps": -1.6
        },
        "2012": {
            "cash": 0,
            "stock": 0,
            "eps": 0.25
        },
        "2013": {
            "cash": 0,
            "stock": 0,
            "eps": 0.62
        },
        "2014": {
            "cash": 0,
            "stock": 0,
            "eps": 1.2
        },
        "2015": {
            "cash": 1,
            "stock": 0,
            "eps": 0.63
        },
        "2016": {
            "cash": 0,
            "stock": 0,
            "eps": -1.19
        },
        "2017": {
            "cash": 0,
            "stock": 0,
            "eps": -4.92
        },
        "2018": {
            "cash": 0,
            "stock": 0,
            "eps": 0.21
        },
        "2019": {
            "cash": 0,
            "stock": 0,
            "eps": -0.56
        }
    },
    "dividends": {
        "2001-04-26": {
            "cash": 0,
            "stock": 2.9
        },
        "2002-06-27": {
            "cash": 2,
            "stock": 2
        },
        "2003-04-21": {
            "cash": 0.2,
            "stock": 1.4
        },
        "2004-04-27": {
            "cash": 0.8,
            "stock": 0.7
        },
        "2005-04-26": {
            "cash": 0.97,
            "stock": 1.55
        },
        "2006-04-17": {
            "cash": 0.4,
            "stock": 0.8
        },
        "2007-04-27": {
            "cash": 0.1,
            "stock": 0.4
        },
        "2008-04-29": {
            "cash": 0.15,
            "stock": 0.35
        },
        "2010-04-28": {
            "cash": 2.1,
            "stock": 0.3
        },
        "2011-04-26": {
            "cash": 1.3,
            "stock": 0.15
        },
        "2013-03-26": {
            "cash": 0.2,
            "stock": 0
        },
        "2014-10-06": {
            "cash": 0.4,
            "stock": 0
        },
        "2015-10-07": {
            "cash": 1,
            "stock": 0
        },
        "2016-12-20": {
            "cash": 0.3,
            "stock": 0
        }
    },
    "prices": {
        "200101": "無",
        "200102": "無",
        "200103": "無",
        "200104": "無",
        "200105": "無",
        "200106": "無",
        "200107": "無",
        "200108": "無",
        "200109": "無",
        "200110": "無",
        "200111": "無",
        "200112": "無",
        "200201": "無",
        "200202": "50.36",
        "200203": "62.10",
        "200204": "64.05",
        "200205": "57.63",
        "200206": "45.84",
        "200207": "39.49",
        "200208": "39.91",
        "200209": "38.05",
        "200210": "37.15",
        "200211": "39.25",
        "200212": "39.43",
        "200301": "36.67",
        "200302": "33.88",
        "200303": "31.01",
        "200304": "31.45",
        "200305": "28.62",
        "200306": "32.94",
        "200307": "36.10",
        "200308": "35.87",
        "200309": "34.26",
        "200310": "32.96",
        "200311": "32.00",
        "200312": "31.59",
        "200401": "35.85",
        "200402": "37.34",
        "200403": "37.95",
        "200404": "41.37",
        "200405": "34.06",
        "200406": "32.46",
        "200407": "31.95",
        "200408": "33.15",
        "200409": "34.56",
        "200410": "31.48",
        "200411": "30.64",
        "200412": "30.48",
        "200501": "29.94",
        "200502": "34.08",
        "200503": "38.01",
        "200504": "37.01",
        "200505": "36.48",
        "200506": "37.63",
        "200507": "37.96",
        "200508": "33.17",
        "200509": "30.30",
        "200510": "29.16",
        "200511": "29.82",
        "200512": "35.72",
        "200601": "39.02",
        "200602": "37.37",
        "200603": "33.05",
        "200604": "34.22",
        "200605": "36.56",
        "200606": "34.96",
        "200607": "31.16",
        "200608": "27.45",
        "200609": "24.32",
        "200610": "24.33",
        "200611": "25.72",
        "200612": "27.90",
        "200701": "32.01",
        "200702": "35.20",
        "200703": "37.07",
        "200704": "38.30",
        "200705": "39.64",
        "200706": "43.15",
        "200707": "44.06",
        "200708": "39.61",
        "200709": "37.98",
        "200710": "38.18",
        "200711": "31.11",
        "200712": "28.88",
        "200801": "26.47",
        "200802": "26.06",
        "200803": "27.88",
        "200804": "28.44",
        "200805": "29.30",
        "200806": "24.29",
        "200807": "17.45",
        "200808": "19.14",
        "200809": "15.16",
        "200810": "12.86",
        "200811": "9.36",
        "200812": "8.31",
        "200901": "9.96",
        "200902": "11.61",
        "200903": "14.49",
        "200904": "21.81",
        "200905": "29.20",
        "200906": "33.05",
        "200907": "37.24",
        "200908": "41.87",
        "200909": "51.33",
        "200910": "56.42",
        "200911": "52.20",
        "200912": "60.90",
        "201001": "58.16",
        "201002": "49.24",
        "201003": "57.27",
        "201004": "63.98",
        "201005": "60.22",
        "201006": "57.33",
        "201007": "60.12",
        "201008": "50.90",
        "201009": "49.49",
        "201010": "46.74",
        "201011": "46.50",
        "201012": "49.81",
        "201101": "52.64",
        "201102": "52.55",
        "201103": "56.27",
        "201104": "51.62",
        "201105": "48.19",
        "201106": "45.87",
        "201107": "35.78",
        "201108": "29.91",
        "201109": "23.44",
        "201110": "24.45",
        "201111": "24.88",
        "201112": "22.81",
        "201201": "25.20",
        "201202": "31.49",
        "201203": "35.97",
        "201204": "32.00",
        "201205": "30.78",
        "201206": "29.34",
        "201207": "28.55",
        "201208": "29.45",
        "201209": "30.71",
        "201210": "28.37",
        "201211": "24.46",
        "201212": "27.20",
        "201301": "27.31",
        "201302": "27.83",
        "201303": "29.02",
        "201304": "28.17",
        "201305": "28.63",
        "201306": "27.45",
        "201307": "25.51",
        "201308": "23.23",
        "201309": "24.48",
        "201310": "23.68",
        "201311": "21.24",
        "201312": "26.34",
        "201401": "35.12",
        "201402": "34.56",
        "201403": "37.38",
        "201404": "36.94",
        "201405": "35.91",
        "201406": "34.08",
        "201407": "36.78",
        "201408": "33.70",
        "201409": "34.63",
        "201410": "29.48",
        "201411": "28.42",
        "201412": "31.55",
        "201501": "30.44",
        "201502": "31.51",
        "201503": "33.23",
        "201504": "32.53",
        "201505": "29.85",
        "201506": "24.26",
        "201507": "21.58",
        "201508": "15.97",
        "201509": "15.50",
        "201510": "17.87",
        "201511": "20.36",
        "201512": "19.48",
        "201601": "17.88",
        "201602": "18.72",
        "201603": "17.98",
        "201604": "16.03",
        "201605": "14.55",
        "201606": "15.35",
        "201607": "17.17",
        "201608": "16.24",
        "201609": "15.98",
        "201610": "15.06",
        "201611": "13.97",
        "201612": "13.16",
        "201701": "13.06",
        "201702": "13.69",
        "201703": "13.60",
        "201704": "13.24",
        "201705": "12.15",
        "201706": "11.80",
        "201707": "11.30",
        "201708": "11.65",
        "201709": "12.35",
        "201710": "12.15",
        "201711": "11.80",
        "201712": "11.58",
        "201801": "11.70",
        "201802": "10.98",
        "201803": "10.66",
        "201804": "9.05",
        "201805": "10.47",
        "201806": "12.16",
        "201807": "11.35",
        "201808": "11.02",
        "201809": "10.49",
        "201810": "9.08",
        "201811": "8.85",
        "201812": "9.14",
        "201901": "8.78",
        "201902": "8.95",
        "201903": "9.00",
        "201904": "9.67",
        "201905": "8.97",
        "201906": "8.70",
        "201907": "8.94",
        "201908": "8.25",
        "201909": "7.94",
        "201910": "6.39",
        "201911": "6.60",
        "201912": "7.01",
        "202001": "6.82",
        "202002": "6.19",
        "202003": "6.27",
        "202004": "4.34",
        "202005": "無",
        "202006": "無",
        "202007": "無",
        "202008": "無",
        "202009": "無",
        "202010": "無",
        "202011": "無",
        "202012": "無",
        "202101": "無",
        "202102": "無",
        "202103": "無",
        "202104": "無",
        "202105": "無",
        "202106": "無",
        "202107": "無",
        "202108": "無",
        "202109": "無",
        "202110": "無",
        "202111": "無",
        "202112": "無",
        "202201": "無",
        "202202": "無",
        "202203": "無",
        "202204": "無",
        "202205": "無",
        "202206": "無",
        "202207": "無",
        "202208": "無",
        "202209": "無",
        "202210": "無",
        "202211": "無",
        "202212": "無",
        "202301": "無",
        "202302": "無",
        "202303": "無",
        "202304": "無",
        "202305": "無"
    },
    "quarters": {
        "20011": {
            "year_quarter": 20011,
            "year": 2001,
            "quarter": 1,
            "eps": 0.4,
            "eps_growth_year": null,
            "eps_4q": null,
            "eps_4q_growth_year": null,
            "roe": 1.69,
            "gross_profit": 42165,
            "gross_margin": 21.14,
            "net_income": 22960,
            "revenue": 199497,
            "common_shares": 583707,
            "equity": 1422006,
            "current_ratio": 391.3,
            "debt_ratio": 22.08,
            "inventory_turnover_ratio": 0.56,
            "account_receivable_turnover_ratio": null,
            "reinvestment_rate": null,
            "research_to_sale_ratio": null,
            "price_fair": 0,
            "eps_avg_yearly": 0,
            "eps_latest_yearly": 0,
            "eps_growth_yearly": 0
        },
        "20012": {
            "year_quarter": 20012,
            "year": 2001,
            "quarter": 2,
            "eps": 0.53,
            "eps_growth_year": null,
            "eps_4q": null,
            "eps_4q_growth_year": null,
            "roe": 2.77,
            "gross_profit": 84304,
            "gross_margin": 29.33,
            "net_income": 39969,
            "revenue": 287434,
            "common_shares": 762832,
            "equity": 1467602,
            "current_ratio": 311.96,
            "debt_ratio": 24.69,
            "inventory_turnover_ratio": 0.71,
            "account_receivable_turnover_ratio": null,
            "reinvestment_rate": null,
            "research_to_sale_ratio": null,
            "price_fair": 0,
            "eps_avg_yearly": 0,
            "eps_latest_yearly": 0,
            "eps_growth_yearly": 0
        },
        "20013": {
            "year_quarter": 20013,
            "year": 2001,
            "quarter": 3,
            "eps": 0.31,
            "eps_growth_year": null,
            "eps_4q": null,
            "eps_4q_growth_year": null,
            "roe": 1.61,
            "gross_profit": 72579,
            "gross_margin": 26.87,
            "net_income": 23670,
            "revenue": 270104,
            "common_shares": 762832,
            "equity": 1477265,
            "current_ratio": 331.94,
            "debt_ratio": 23.34,
            "inventory_turnover_ratio": 0.74,
            "account_receivable_turnover_ratio": null,
            "reinvestment_rate": null,
            "research_to_sale_ratio": null,
            "price_fair": 0,
            "eps_avg_yearly": 0,
            "eps_latest_yearly": 0,
            "eps_growth_yearly": 0
        },
        "20014": {
            "year_quarter": 20014,
            "year": 2001,
            "quarter": 4,
            "eps": 0.78,
            "eps_growth_year": null,
            "eps_4q": 1.92,
            "eps_4q_growth_year": null,
            "roe": 3.93,
            "gross_profit": 68077,
            "gross_margin": 24.26,
            "net_income": 59502,
            "revenue": 280599,
            "common_shares": 762832,
            "equity": 1552550,
            "current_ratio": 329.65,
            "debt_ratio": 23.93,
            "inventory_turnover_ratio": 0.9,
            "account_receivable_turnover_ratio": null,
            "reinvestment_rate": null,
            "research_to_sale_ratio": null,
            "price_fair": 0,
            "eps_avg_yearly": 0,
            "eps_latest_yearly": 0,
            "eps_growth_yearly": 0
        },
        "20021": {
            "year_quarter": 20021,
            "year": 2002,
            "quarter": 1,
            "eps": 0.59,
            "eps_growth_year": 47.5,
            "eps_4q": 2.2,
            "eps_4q_growth_year": null,
            "roe": 2.86,
            "gross_profit": 63592,
            "gross_margin": 23.86,
            "net_income": 45133,
            "revenue": 266470,
            "common_shares": 762832,
            "equity": 1609065,
            "current_ratio": 254.61,
            "debt_ratio": 27.3,
            "inventory_turnover_ratio": 0.84,
            "account_receivable_turnover_ratio": null,
            "reinvestment_rate": null,
            "research_to_sale_ratio": null,
            "price_fair": 7.08,
            "eps_avg_yearly": 2.36,
            "eps_latest_yearly": 2.36,
            "eps_growth_yearly": -97.44
        },
        "20022": {
            "year_quarter": 20022,
            "year": 2002,
            "quarter": 2,
            "eps": 0.54,
            "eps_growth_year": 1.89,
            "eps_4q": 2.22,
            "eps_4q_growth_year": null,
            "roe": 2.54,
            "gross_profit": 87654,
            "gross_margin": 24.34,
            "net_income": 41156,
            "revenue": 360191,
            "common_shares": 762832,
            "equity": 1628233,
            "current_ratio": 182.72,
            "debt_ratio": 34.18,
            "inventory_turnover_ratio": 1.01,
            "account_receivable_turnover_ratio": null,
            "reinvestment_rate": null,
            "research_to_sale_ratio": null,
            "price_fair": 6.78,
            "eps_avg_yearly": 2.26,
            "eps_latest_yearly": 2.16,
            "eps_growth_yearly": -65.67
        },
        "20023": {
            "year_quarter": 20023,
            "year": 2002,
            "quarter": 3,
            "eps": 0.51,
            "eps_growth_year": 64.52,
            "eps_4q": 2.06,
            "eps_4q_growth_year": null,
            "roe": 2.88,
            "gross_profit": 72769,
            "gross_margin": 22.32,
            "net_income": 47875,
            "revenue": 326092,
            "common_shares": 935418,
            "equity": 1698964,
            "current_ratio": 303.97,
            "debt_ratio": 39.56,
            "inventory_turnover_ratio": 0.82,
            "account_receivable_turnover_ratio": null,
            "reinvestment_rate": null,
            "research_to_sale_ratio": null,
            "price_fair": 6.56,
            "eps_avg_yearly": 2.19,
            "eps_latest_yearly": 2.04,
            "eps_growth_yearly": -51.19
        },
        "20024": {
            "year_quarter": 20024,
            "year": 2002,
            "quarter": 4,
            "eps": 0.41,
            "eps_growth_year": -47.44,
            "eps_4q": 1.85,
            "eps_4q_growth_year": -3.37,
            "roe": 2.13,
            "gross_profit": 67852,
            "gross_margin": 22.33,
            "net_income": 38183,
            "revenue": 303920,
            "common_shares": 985143,
            "equity": 1890647,
            "current_ratio": 489.87,
            "debt_ratio": 29.32,
            "inventory_turnover_ratio": 0.61,
            "account_receivable_turnover_ratio": null,
            "reinvestment_rate": null,
            "research_to_sale_ratio": null,
            "price_fair": 6.15,
            "eps_avg_yearly": 2.05,
            "eps_latest_yearly": 1.64,
            "eps_growth_yearly": -58
        },
        "20031": {
            "year_quarter": 20031,
            "year": 2003,
            "quarter": 1,
            "eps": 0.32,
            "eps_growth_year": -45.76,
            "eps_4q": 1.59,
            "eps_4q_growth_year": -27.61,
            "roe": 1.68,
            "gross_profit": 70840,
            "gross_margin": 21.02,
            "net_income": 31991,
            "revenue": 336955,
            "common_shares": 985143,
            "equity": 1925359,
            "current_ratio": 249.03,
            "debt_ratio": 33.62,
            "inventory_turnover_ratio": 0.6,
            "account_receivable_turnover_ratio": null,
            "reinvestment_rate": null,
            "research_to_sale_ratio": null,
            "price_fair": 5.69,
            "eps_avg_yearly": 1.9,
            "eps_latest_yearly": 1.28,
            "eps_growth_yearly": -63.96
        },
        "20032": {
            "year_quarter": 20032,
            "year": 2003,
            "quarter": 2,
            "eps": 0.53,
            "eps_growth_year": -1.85,
            "eps_4q": 1.73,
            "eps_4q_growth_year": -22.28,
            "roe": 2.7,
            "gross_profit": 87739,
            "gross_margin": 23.73,
            "net_income": 52218,
            "revenue": 369775,
            "common_shares": 985143,
            "equity": 1945333,
            "current_ratio": 249.8,
            "debt_ratio": 33.22,
            "inventory_turnover_ratio": 0.66,
            "account_receivable_turnover_ratio": null,
            "reinvestment_rate": null,
            "research_to_sale_ratio": null,
            "price_fair": 5.8,
            "eps_avg_yearly": 1.93,
            "eps_latest_yearly": 2.12,
            "eps_growth_yearly": -9.55
        },
        "20033": {
            "year_quarter": 20033,
            "year": 2003,
            "quarter": 3,
            "eps": 0.32,
            "eps_growth_year": -37.25,
            "eps_4q": 1.4,
            "eps_4q_growth_year": -32.18,
            "roe": 1.85,
            "gross_profit": 113233,
            "gross_margin": 26.68,
            "net_income": 36293,
            "revenue": 424382,
            "common_shares": 1148071,
            "equity": 1987521,
            "current_ratio": 233.41,
            "debt_ratio": 34.65,
            "inventory_turnover_ratio": 0.74,
            "account_receivable_turnover_ratio": null,
            "reinvestment_rate": null,
            "research_to_sale_ratio": null,
            "price_fair": 5.52,
            "eps_avg_yearly": 1.84,
            "eps_latest_yearly": 1.28,
            "eps_growth_yearly": -30.83
        },
        "20034": {
            "year_quarter": 20034,
            "year": 2003,
            "quarter": 4,
            "eps": 0.39,
            "eps_growth_year": -4.88,
            "eps_4q": 1.45,
            "eps_4q_growth_year": -21.43,
            "roe": 2.18,
            "gross_profit": 90419,
            "gross_margin": 21.51,
            "net_income": 44166,
            "revenue": 420283,
            "common_shares": 1152134,
            "equity": 2058728,
            "current_ratio": 283.6,
            "debt_ratio": 32.94,
            "inventory_turnover_ratio": 0.62,
            "account_receivable_turnover_ratio": null,
            "reinvestment_rate": null,
            "research_to_sale_ratio": null,
            "price_fair": 5.42,
            "eps_avg_yearly": 1.81,
            "eps_latest_yearly": 1.56,
            "eps_growth_yearly": -16.04
        },
        "20041": {
            "year_quarter": 20041,
            "year": 2004,
            "quarter": 1,
            "eps": 0.54,
            "eps_growth_year": 68.75,
            "eps_4q": 1.69,
            "eps_4q_growth_year": 6.12,
            "roe": 2.96,
            "gross_profit": 112278,
            "gross_margin": 25.54,
            "net_income": 62300,
            "revenue": 439618,
            "common_shares": 1164714,
            "equity": 2144623,
            "current_ratio": 203.78,
            "debt_ratio": 35.83,
            "inventory_turnover_ratio": 0.56,
            "account_receivable_turnover_ratio": null,
            "reinvestment_rate": null,
            "research_to_sale_ratio": null,
            "price_fair": 23.68,
            "eps_avg_yearly": 1.84,
            "eps_latest_yearly": 2.16,
            "eps_growth_yearly": 2.84
        },
        "20042": {
            "year_quarter": 20042,
            "year": 2004,
            "quarter": 2,
            "eps": 2.02,
            "eps_growth_year": 281.13,
            "eps_4q": 3.12,
            "eps_4q_growth_year": 80.65,
            "roe": 11.17,
            "gross_profit": 138889,
            "gross_margin": 26.76,
            "net_income": 261709,
            "revenue": 518951,
            "common_shares": 1244608,
            "equity": 2539914,
            "current_ratio": 297.14,
            "debt_ratio": 41.75,
            "inventory_turnover_ratio": 0.68,
            "account_receivable_turnover_ratio": null,
            "reinvestment_rate": null,
            "research_to_sale_ratio": null,
            "price_fair": 86.38,
            "eps_avg_yearly": 2.47,
            "eps_latest_yearly": 8.08,
            "eps_growth_yearly": 112.19
        },
        "20043": {
            "year_quarter": 20043,
            "year": 2004,
            "quarter": 3,
            "eps": 0.59,
            "eps_growth_year": 84.38,
            "eps_4q": 3.42,
            "eps_4q_growth_year": 144.17,
            "roe": 3.06,
            "gross_profit": 154466,
            "gross_margin": 27.8,
            "net_income": 76857,
            "revenue": 555579,
            "common_shares": 1358929,
            "equity": 2479707,
            "current_ratio": 276.12,
            "debt_ratio": 40.07,
            "inventory_turnover_ratio": 0.65,
            "account_receivable_turnover_ratio": null,
            "reinvestment_rate": null,
            "research_to_sale_ratio": null,
            "price_fair": 86.04,
            "eps_avg_yearly": 2.46,
            "eps_latest_yearly": 2.36,
            "eps_growth_yearly": 76.24
        },
        "20044": {
            "year_quarter": 20044,
            "year": 2004,
            "quarter": 4,
            "eps": 0.22,
            "eps_growth_year": -43.59,
            "eps_4q": 3.32,
            "eps_4q_growth_year": 128.53,
            "roe": 1.16,
            "gross_profit": 115649,
            "gross_margin": 23.23,
            "net_income": 28421,
            "revenue": 497864,
            "common_shares": 1359619,
            "equity": 2439535,
            "current_ratio": 289.69,
            "debt_ratio": 39.39,
            "inventory_turnover_ratio": 0.53,
            "account_receivable_turnover_ratio": null,
            "reinvestment_rate": 56.71,
            "research_to_sale_ratio": null,
            "price_fair": 81.43,
            "eps_avg_yearly": 2.33,
            "eps_latest_yearly": 0.88,
            "eps_growth_yearly": 48.99
        },
        "20051": {
            "year_quarter": 20051,
            "year": 2005,
            "quarter": 1,
            "eps": 0.22,
            "eps_growth_year": -59.26,
            "eps_4q": 2.95,
            "eps_4q_growth_year": 74.77,
            "roe": 1.18,
            "gross_profit": 69221,
            "gross_margin": 16.98,
            "net_income": 29534,
            "revenue": 407755,
            "common_shares": 1388422,
            "equity": 2580628,
            "current_ratio": 280.27,
            "debt_ratio": 38.22,
            "inventory_turnover_ratio": 0.46,
            "account_receivable_turnover_ratio": null,
            "reinvestment_rate": 33.47,
            "research_to_sale_ratio": null,
            "price_fair": 77.54,
            "eps_avg_yearly": 2.22,
            "eps_latest_yearly": 0.88,
            "eps_growth_yearly": 45.22
        },
        "20052": {
            "year_quarter": 20052,
            "year": 2005,
            "quarter": 2,
            "eps": 0.47,
            "eps_growth_year": -76.73,
            "eps_4q": 1.32,
            "eps_4q_growth_year": -57.6,
            "roe": 2.86,
            "gross_profit": 129749,
            "gross_margin": 20.88,
            "net_income": 74214,
            "revenue": 621503,
            "common_shares": 1389047,
            "equity": 2617173,
            "current_ratio": 251.86,
            "debt_ratio": 40.41,
            "inventory_turnover_ratio": 0.75,
            "account_receivable_turnover_ratio": null,
            "reinvestment_rate": 30.66,
            "research_to_sale_ratio": null,
            "price_fair": 76.7,
            "eps_avg_yearly": 2.19,
            "eps_latest_yearly": 1.88,
            "eps_growth_yearly": 74.46
        },
        "20053": {
            "year_quarter": 20053,
            "year": 2005,
            "quarter": 3,
            "eps": 0.6,
            "eps_growth_year": 1.69,
            "eps_4q": 1.43,
            "eps_4q_growth_year": -58.21,
            "roe": 3.55,
            "gross_profit": 135294,
            "gross_margin": 22.8,
            "net_income": 95797,
            "revenue": 593412,
            "common_shares": 1648888,
            "equity": 2785086,
            "current_ratio": 231.26,
            "debt_ratio": 41.73,
            "inventory_turnover_ratio": 0.6,
            "account_receivable_turnover_ratio": null,
            "reinvestment_rate": 25.76,
            "research_to_sale_ratio": null,
            "price_fair": 77.19,
            "eps_avg_yearly": 2.21,
            "eps_latest_yearly": 2.4,
            "eps_growth_yearly": 76.87
        },
        "20054": {
            "year_quarter": 20054,
            "year": 2005,
            "quarter": 4,
            "eps": 0.15,
            "eps_growth_year": -31.82,
            "eps_4q": 1.37,
            "eps_4q_growth_year": -58.84,
            "roe": 0.87,
            "gross_profit": 149968,
            "gross_margin": 20.21,
            "net_income": 24577,
            "revenue": 742118,
            "common_shares": 1660707,
            "equity": 2849421,
            "current_ratio": 215.97,
            "debt_ratio": 41.89,
            "inventory_turnover_ratio": 0.55,
            "account_receivable_turnover_ratio": null,
            "reinvestment_rate": 58.02,
            "research_to_sale_ratio": null,
            "price_fair": 73.68,
            "eps_avg_yearly": 2.11,
            "eps_latest_yearly": 0.6,
            "eps_growth_yearly": 53.31
        },
        "20061": {
            "year_quarter": 20061,
            "year": 2006,
            "quarter": 1,
            "eps": 0.23,
            "eps_growth_year": 4.55,
            "eps_4q": 1.38,
            "eps_4q_growth_year": -53.17,
            "roe": 1.38,
            "gross_profit": 88539,
            "gross_margin": 16.29,
            "net_income": 38810,
            "revenue": 543523,
            "common_shares": 1701709,
            "equity": 2779607,
            "current_ratio": 173.36,
            "debt_ratio": 44.87,
            "inventory_turnover_ratio": 0.36,
            "account_receivable_turnover_ratio": null,
            "reinvestment_rate": 30.49,
            "research_to_sale_ratio": null,
            "price_fair": 70.53,
            "eps_avg_yearly": 2.02,
            "eps_latest_yearly": 0.92,
            "eps_growth_yearly": 72.74
        },
        "20062": {
            "year_quarter": 20062,
            "year": 2006,
            "quarter": 2,
            "eps": 0.38,
            "eps_growth_year": -19.15,
            "eps_4q": 1.26,
            "eps_4q_growth_year": -5.12,
            "roe": 2.48,
            "gross_profit": 99006,
            "gross_margin": 16.58,
            "net_income": 69051,
            "revenue": 597156,
            "common_shares": 1707994,
            "equity": 2779897,
            "current_ratio": 128.16,
            "debt_ratio": 44.19,
            "inventory_turnover_ratio": 0.4,
            "account_receivable_turnover_ratio": null,
            "reinvestment_rate": 28.58,
            "research_to_sale_ratio": null,
            "price_fair": 69.13,
            "eps_avg_yearly": 1.98,
            "eps_latest_yearly": 1.52,
            "eps_growth_yearly": 91.16
        },
        "20063": {
            "year_quarter": 20063,
            "year": 2006,
            "quarter": 3,
            "eps": 0.01,
            "eps_growth_year": -98.33,
            "eps_4q": 0.72,
            "eps_4q_growth_year": -49.55,
            "roe": 0.04,
            "gross_profit": 99788,
            "gross_margin": 18.32,
            "net_income": 1245,
            "revenue": 544843,
            "common_shares": 1856044,
            "equity": 2760658,
            "current_ratio": 124.46,
            "debt_ratio": 46.01,
            "inventory_turnover_ratio": 0.34,
            "account_receivable_turnover_ratio": null,
            "reinvestment_rate": 27.61,
            "research_to_sale_ratio": null,
            "price_fair": 64.75,
            "eps_avg_yearly": 1.85,
            "eps_latest_yearly": 0.04,
            "eps_growth_yearly": 68.21
        },
        "20064": {
            "year_quarter": 20064,
            "year": 2006,
            "quarter": 4,
            "eps": -0.29,
            "eps_growth_year": -293.33,
            "eps_4q": 0.36,
            "eps_4q_growth_year": -73.64,
            "roe": -1.75,
            "gross_profit": 91791,
            "gross_margin": 14.86,
            "net_income": -52376,
            "revenue": 617653,
            "common_shares": 2107515,
            "equity": 3238651,
            "current_ratio": 153.2,
            "debt_ratio": 39.62,
            "inventory_turnover_ratio": 0.37,
            "account_receivable_turnover_ratio": null,
            "reinvestment_rate": 63.29,
            "research_to_sale_ratio": null,
            "price_fair": 65.24,
            "eps_avg_yearly": 1.86,
            "eps_latest_yearly": 0.04,
            "eps_growth_yearly": 77.98
        },
        "20071": {
            "year_quarter": 20071,
            "year": 2007,
            "quarter": 1,
            "eps": 0.32,
            "eps_growth_year": 39.13,
            "eps_4q": 0.41,
            "eps_4q_growth_year": -70.38,
            "roe": 1.88,
            "gross_profit": 97927,
            "gross_margin": 17.54,
            "net_income": 63936,
            "revenue": 558400,
            "common_shares": 2128552,
            "equity": 3556583,
            "current_ratio": 141.59,
            "debt_ratio": 38.97,
            "inventory_turnover_ratio": 0.33,
            "account_receivable_turnover_ratio": null,
            "reinvestment_rate": 37.67,
            "research_to_sale_ratio": null,
            "price_fair": 66.7,
            "eps_avg_yearly": 1.91,
            "eps_latest_yearly": 0.04,
            "eps_growth_yearly": 89.82
        },
        "20072": {
            "year_quarter": 20072,
            "year": 2007,
            "quarter": 2,
            "eps": 0.19,
            "eps_growth_year": -50,
            "eps_4q": 0.25,
            "eps_4q_growth_year": -80.05,
            "roe": 1.12,
            "gross_profit": 128530,
            "gross_margin": 16.38,
            "net_income": 40163,
            "revenue": 784603,
            "common_shares": 2158855,
            "equity": 3639231,
            "current_ratio": 141.74,
            "debt_ratio": 37.5,
            "inventory_turnover_ratio": 0.49,
            "account_receivable_turnover_ratio": null,
            "reinvestment_rate": 49.9,
            "research_to_sale_ratio": null,
            "price_fair": 63.3,
            "eps_avg_yearly": 1.81,
            "eps_latest_yearly": 0.76,
            "eps_growth_yearly": 59.47
        },
        "20073": {
            "year_quarter": 20073,
            "year": 2007,
            "quarter": 3,
            "eps": 0.27,
            "eps_growth_year": 2600,
            "eps_4q": 0.51,
            "eps_4q_growth_year": -29.55,
            "roe": 1.58,
            "gross_profit": 138087,
            "gross_margin": 14.94,
            "net_income": 58826,
            "revenue": 924027,
            "common_shares": 2282713,
            "equity": 3799171,
            "current_ratio": 147.15,
            "debt_ratio": 36.96,
            "inventory_turnover_ratio": 0.59,
            "account_receivable_turnover_ratio": null,
            "reinvestment_rate": 46.64,
            "research_to_sale_ratio": null,
            "price_fair": 62.8,
            "eps_avg_yearly": 1.79,
            "eps_latest_yearly": 1.08,
            "eps_growth_yearly": 82.82
        },
        "20074": {
            "year_quarter": 20074,
            "year": 2007,
            "quarter": 4,
            "eps": -0.35,
            "eps_growth_year": null,
            "eps_4q": 0.43,
            "eps_4q_growth_year": 20.16,
            "roe": -2.02,
            "gross_profit": 130309,
            "gross_margin": 14.03,
            "net_income": -76981,
            "revenue": 928872,
            "common_shares": 2297101,
            "equity": 3838350,
            "current_ratio": 142.72,
            "debt_ratio": 39.06,
            "inventory_turnover_ratio": 0.58,
            "account_receivable_turnover_ratio": null,
            "reinvestment_rate": 101.22,
            "research_to_sale_ratio": null,
            "price_fair": 63.43,
            "eps_avg_yearly": 1.81,
            "eps_latest_yearly": 1.08,
            "eps_growth_yearly": 82.46
        },
        "20081": {
            "year_quarter": 20081,
            "year": 2008,
            "quarter": 1,
            "eps": -0.29,
            "eps_growth_year": -190.62,
            "eps_4q": -0.19,
            "eps_4q_growth_year": -147.23,
            "roe": -1.92,
            "gross_profit": 102819,
            "gross_margin": 11.9,
            "net_income": -71751,
            "revenue": 863984,
            "common_shares": 2301320,
            "equity": 3650620,
            "current_ratio": 154.79,
            "debt_ratio": 43.15,
            "inventory_turnover_ratio": 0.53,
            "account_receivable_turnover_ratio": null,
            "reinvestment_rate": 143.91,
            "research_to_sale_ratio": null,
            "price_fair": 62.42,
            "eps_avg_yearly": 1.78,
            "eps_latest_yearly": 1.08,
            "eps_growth_yearly": 76.51
        },
        "20082": {
            "year_quarter": 20082,
            "year": 2008,
            "quarter": 2,
            "eps": 0.02,
            "eps_growth_year": -89.47,
            "eps_4q": -0.69,
            "eps_4q_growth_year": -376.48,
            "roe": 0.07,
            "gross_profit": 116640,
            "gross_margin": 14.81,
            "net_income": 2389,
            "revenue": 787756,
            "common_shares": 2301320,
            "equity": 3616113,
            "current_ratio": 121.33,
            "debt_ratio": 44.42,
            "inventory_turnover_ratio": 0.46,
            "account_receivable_turnover_ratio": null,
            "reinvestment_rate": 246.32,
            "research_to_sale_ratio": null,
            "price_fair": 3.63,
            "eps_avg_yearly": 1.21,
            "eps_latest_yearly": 1.08,
            "eps_growth_yearly": -16.2
        },
        "20083": {
            "year_quarter": 20083,
            "year": 2008,
            "quarter": 3,
            "eps": 0.36,
            "eps_growth_year": 33.33,
            "eps_4q": -0.25,
            "eps_4q_growth_year": -149.59,
            "roe": 2.23,
            "gross_profit": 149414,
            "gross_margin": 18.15,
            "net_income": 81595,
            "revenue": 823319,
            "common_shares": 2386299,
            "equity": 3703384,
            "current_ratio": 157.22,
            "debt_ratio": 47.4,
            "inventory_turnover_ratio": 0.45,
            "account_receivable_turnover_ratio": null,
            "reinvestment_rate": 267.77,
            "research_to_sale_ratio": null,
            "price_fair": 39.45,
            "eps_avg_yearly": 1.13,
            "eps_latest_yearly": 1.44,
            "eps_growth_yearly": 627.73
        },
        "20084": {
            "year_quarter": 20084,
            "year": 2008,
            "quarter": 4,
            "eps": -0.71,
            "eps_growth_year": null,
            "eps_4q": -0.55,
            "eps_4q_growth_year": -227.24,
            "roe": -5.04,
            "gross_profit": 3928,
            "gross_margin": 0.48,
            "net_income": -180588,
            "revenue": 826777,
            "common_shares": 2386299,
            "equity": 3457987,
            "current_ratio": 165.46,
            "debt_ratio": 48.89,
            "inventory_turnover_ratio": 0.56,
            "account_receivable_turnover_ratio": null,
            "reinvestment_rate": 402.29,
            "research_to_sale_ratio": null,
            "price_fair": 40.32,
            "eps_avg_yearly": 1.15,
            "eps_latest_yearly": 1.44,
            "eps_growth_yearly": 715.58
        },
        "20091": {
            "year_quarter": 20091,
            "year": 2009,
            "quarter": 1,
            "eps": 0.47,
            "eps_growth_year": null,
            "eps_4q": 0.13,
            "eps_4q_growth_year": null,
            "roe": 2.8,
            "gross_profit": 97824,
            "gross_margin": 18.69,
            "net_income": 106514,
            "revenue": 523469,
            "common_shares": 2386299,
            "equity": 4160751,
            "current_ratio": 200.58,
            "debt_ratio": 45.52,
            "inventory_turnover_ratio": 0.31,
            "account_receivable_turnover_ratio": null,
            "reinvestment_rate": 417.52,
            "research_to_sale_ratio": null,
            "price_fair": 41.38,
            "eps_avg_yearly": 1.18,
            "eps_latest_yearly": 1.44,
            "eps_growth_yearly": 795.09
        },
        "20092": {
            "year_quarter": 20092,
            "year": 2009,
            "quarter": 2,
            "eps": 0.72,
            "eps_growth_year": 3500,
            "eps_4q": 0.82,
            "eps_4q_growth_year": null,
            "roe": 3.99,
            "gross_profit": 120404,
            "gross_margin": 11.57,
            "net_income": 170341,
            "revenue": 1040628,
            "common_shares": 2590546,
            "equity": 4369400,
            "current_ratio": 254.59,
            "debt_ratio": 38.71,
            "inventory_turnover_ratio": 0.69,
            "account_receivable_turnover_ratio": 1.8,
            "reinvestment_rate": 288.83,
            "research_to_sale_ratio": null,
            "price_fair": 45.27,
            "eps_avg_yearly": 1.29,
            "eps_latest_yearly": 2.88,
            "eps_growth_yearly": 768.23
        },
        "20093": {
            "year_quarter": 20093,
            "year": 2009,
            "quarter": 3,
            "eps": 1.37,
            "eps_growth_year": 280.56,
            "eps_4q": 1.83,
            "eps_4q_growth_year": null,
            "roe": 7.01,
            "gross_profit": 315897,
            "gross_margin": 23.34,
            "net_income": 327472,
            "revenue": 1353573,
            "common_shares": 2592046,
            "equity": 4976971,
            "current_ratio": 232.76,
            "debt_ratio": 40.31,
            "inventory_turnover_ratio": 0.81,
            "account_receivable_turnover_ratio": 0.94,
            "reinvestment_rate": 206.87,
            "research_to_sale_ratio": null,
            "price_fair": 57.24,
            "eps_avg_yearly": 1.64,
            "eps_latest_yearly": 5.48,
            "eps_growth_yearly": 796.06
        },
        "20094": {
            "year_quarter": 20094,
            "year": 2009,
            "quarter": 4,
            "eps": 0.62,
            "eps_growth_year": null,
            "eps_4q": 3.27,
            "eps_4q_growth_year": null,
            "roe": 2.37,
            "gross_profit": 81111,
            "gross_margin": 6.28,
            "net_income": 143095,
            "revenue": 1291931,
            "common_shares": 3092046,
            "equity": 7076165,
            "current_ratio": 319.29,
            "debt_ratio": 31.14,
            "inventory_turnover_ratio": 0.95,
            "account_receivable_turnover_ratio": 0.75,
            "reinvestment_rate": 103.48,
            "research_to_sale_ratio": null,
            "price_fair": 64.56,
            "eps_avg_yearly": 1.84,
            "eps_latest_yearly": 2.48,
            "eps_growth_yearly": 805.06
        },
        "20101": {
            "year_quarter": 20101,
            "year": 2010,
            "quarter": 1,
            "eps": null,
            "eps_growth_year": null,
            "eps_4q": null,
            "eps_4q_growth_year": null,
            "roe": null,
            "gross_profit": 218929,
            "gross_margin": null,
            "net_income": 255572,
            "revenue": 1173933,
            "common_shares": 3092696,
            "equity": 7304707,
            "current_ratio": 372.99,
            "debt_ratio": 28.17,
            "inventory_turnover_ratio": null,
            "account_receivable_turnover_ratio": null,
            "reinvestment_rate": null,
            "research_to_sale_ratio": null,
            "price_fair": 68.6,
            "eps_avg_yearly": 1.96,
            "eps_latest_yearly": 2.48,
            "eps_growth_yearly": 879.03
        },
        "20102": {
            "year_quarter": 20102,
            "year": 2010,
            "quarter": 2,
            "eps": 1.31,
            "eps_growth_year": 82.03,
            "eps_4q": 2.86,
            "eps_4q_growth_year": 250.11,
            "roe": 5.67,
            "gross_profit": 911076,
            "gross_margin": 33.35,
            "net_income": 406156,
            "revenue": 2732213,
            "common_shares": 3102626,
            "equity": 7031829,
            "current_ratio": 207.65,
            "debt_ratio": 38.76,
            "inventory_turnover_ratio": 1.12,
            "account_receivable_turnover_ratio": 2.08,
            "reinvestment_rate": 249.87,
            "research_to_sale_ratio": null,
            "price_fair": 70.8,
            "eps_avg_yearly": 2.02,
            "eps_latest_yearly": 2.48,
            "eps_growth_yearly": 967.34
        },
        "20103": {
            "year_quarter": 20103,
            "year": 2010,
            "quarter": 3,
            "eps": 0.76,
            "eps_growth_year": -44.83,
            "eps_4q": 2.55,
            "eps_4q_growth_year": 39.38,
            "roe": 3.34,
            "gross_profit": 470304,
            "gross_margin": 24.45,
            "net_income": 235050,
            "revenue": 1923415,
            "common_shares": 3194673,
            "equity": 7060227,
            "current_ratio": 272.02,
            "debt_ratio": 42.19,
            "inventory_turnover_ratio": 0.85,
            "account_receivable_turnover_ratio": 0.77,
            "reinvestment_rate": 220.97,
            "research_to_sale_ratio": 1.98,
            "price_fair": 85.8,
            "eps_avg_yearly": 2.45,
            "eps_latest_yearly": 3.04,
            "eps_growth_yearly": 998.98
        },
        "20104": {
            "year_quarter": 20104,
            "year": 2010,
            "quarter": 4,
            "eps": -0.46,
            "eps_growth_year": -173.95,
            "eps_4q": 1.51,
            "eps_4q_growth_year": -53.83,
            "roe": -2.24,
            "gross_profit": 190569,
            "gross_margin": 10.42,
            "net_income": -161598,
            "revenue": 1829019,
            "common_shares": 3347413,
            "equity": 7343707,
            "current_ratio": 263.96,
            "debt_ratio": 40.17,
            "inventory_turnover_ratio": 0.97,
            "account_receivable_turnover_ratio": 0.76,
            "reinvestment_rate": 223.18,
            "research_to_sale_ratio": 2.04,
            "price_fair": 85.8,
            "eps_avg_yearly": 2.45,
            "eps_latest_yearly": 3.04,
            "eps_growth_yearly": 998.98
        },
        "20111": {
            "year_quarter": 20111,
            "year": 2011,
            "quarter": 1,
            "eps": 0.61,
            "eps_growth_year": null,
            "eps_4q": 2.12,
            "eps_4q_growth_year": null,
            "roe": 2.5,
            "gross_profit": 411517,
            "gross_margin": 24.49,
            "net_income": 188148,
            "revenue": 1680578,
            "common_shares": 3323913,
            "equity": 7714179,
            "current_ratio": 170.72,
            "debt_ratio": 46.86,
            "inventory_turnover_ratio": 0.73,
            "account_receivable_turnover_ratio": 0.59,
            "reinvestment_rate": 343.56,
            "research_to_sale_ratio": 2.71,
            "price_fair": 85.8,
            "eps_avg_yearly": 2.45,
            "eps_latest_yearly": 3.04,
            "eps_growth_yearly": 998.98
        },
        "20112": {
            "year_quarter": 20112,
            "year": 2011,
            "quarter": 2,
            "eps": 0.01,
            "eps_growth_year": -99,
            "eps_4q": 0.87,
            "eps_4q_growth_year": -69.57,
            "roe": 0.08,
            "gross_profit": 264489,
            "gross_margin": 14.87,
            "net_income": 5499,
            "revenue": 1778852,
            "common_shares": 3324207,
            "equity": 6508384,
            "current_ratio": 150.48,
            "debt_ratio": 52.32,
            "inventory_turnover_ratio": 0.84,
            "account_receivable_turnover_ratio": 0.55,
            "reinvestment_rate": 316.43,
            "research_to_sale_ratio": 2.59,
            "price_fair": 82.2,
            "eps_avg_yearly": 2.35,
            "eps_latest_yearly": 0.04,
            "eps_growth_yearly": 965.99
        },
        "20113": {
            "year_quarter": 20113,
            "year": 2011,
            "quarter": 3,
            "eps": -0.19,
            "eps_growth_year": -125.48,
            "eps_4q": -0.03,
            "eps_4q_growth_year": -101.29,
            "roe": -1.14,
            "gross_profit": 242471,
            "gross_margin": 17.93,
            "net_income": -71276,
            "revenue": 1351981,
            "common_shares": 3373020,
            "equity": 5968010,
            "current_ratio": 119.64,
            "debt_ratio": 53.47,
            "inventory_turnover_ratio": 0.63,
            "account_receivable_turnover_ratio": 0.41,
            "reinvestment_rate": 303.93,
            "research_to_sale_ratio": 3.27,
            "price_fair": 89.6,
            "eps_avg_yearly": 2.56,
            "eps_latest_yearly": 0.04,
            "eps_growth_yearly": 1098.92
        },
        "20114": {
            "year_quarter": 20114,
            "year": 2011,
            "quarter": 4,
            "eps": -2.03,
            "eps_growth_year": null,
            "eps_4q": -1.61,
            "eps_4q_growth_year": -206.46,
            "roe": -11.6,
            "gross_profit": -130181,
            "gross_margin": -13.04,
            "net_income": -660895,
            "revenue": 998103,
            "common_shares": 3373020,
            "equity": 5423678,
            "current_ratio": 98.43,
            "debt_ratio": 55.57,
            "inventory_turnover_ratio": 0.67,
            "account_receivable_turnover_ratio": 0.33,
            "reinvestment_rate": 454.61,
            "research_to_sale_ratio": 5.01,
            "price_fair": 89.6,
            "eps_avg_yearly": 2.56,
            "eps_latest_yearly": 0.04,
            "eps_growth_yearly": 1098.92
        },
        "20121": {
            "year_quarter": 20121,
            "year": 2012,
            "quarter": 1,
            "eps": 0.16,
            "eps_growth_year": -73.77,
            "eps_4q": -2.05,
            "eps_4q_growth_year": -196.78,
            "roe": 0.93,
            "gross_profit": 221603,
            "gross_margin": 21.71,
            "net_income": 51309,
            "revenue": 1020808,
            "common_shares": 3303530,
            "equity": 5620411,
            "current_ratio": 100.54,
            "debt_ratio": 54.87,
            "inventory_turnover_ratio": 0.46,
            "account_receivable_turnover_ratio": 0.39,
            "reinvestment_rate": 397.41,
            "research_to_sale_ratio": 4.95,
            "price_fair": 89.6,
            "eps_avg_yearly": 2.56,
            "eps_latest_yearly": 0.04,
            "eps_growth_yearly": 1098.92
        },
        "20122": {
            "year_quarter": 20122,
            "year": 2012,
            "quarter": 2,
            "eps": 0.24,
            "eps_growth_year": 1724.55,
            "eps_4q": -1.82,
            "eps_4q_growth_year": -309.77,
            "roe": 1.42,
            "gross_profit": 325732,
            "gross_margin": 17.67,
            "net_income": 79561,
            "revenue": 1842972,
            "common_shares": 3303860,
            "equity": 5604548,
            "current_ratio": 111.95,
            "debt_ratio": 56.42,
            "inventory_turnover_ratio": 0.78,
            "account_receivable_turnover_ratio": 0.67,
            "reinvestment_rate": 343.78,
            "research_to_sale_ratio": 3.42,
            "price_fair": 81.6,
            "eps_avg_yearly": 2.33,
            "eps_latest_yearly": 0.96,
            "eps_growth_yearly": 970.5
        },
        "20123": {
            "year_quarter": 20123,
            "year": 2012,
            "quarter": 3,
            "eps": 0.07,
            "eps_growth_year": null,
            "eps_4q": -1.56,
            "eps_4q_growth_year": null,
            "roe": 0.33,
            "gross_profit": 441653,
            "gross_margin": 18.23,
            "net_income": 18980,
            "revenue": 2422106,
            "common_shares": 3303860,
            "equity": 5762096,
            "current_ratio": 131.75,
            "debt_ratio": 61.37,
            "inventory_turnover_ratio": 0.95,
            "account_receivable_turnover_ratio": 0.69,
            "reinvestment_rate": 348.84,
            "research_to_sale_ratio": 2.72,
            "price_fair": 6.5,
            "eps_avg_yearly": 2.17,
            "eps_latest_yearly": 0.28,
            "eps_growth_yearly": -41.4
        },
        "20124": {
            "year_quarter": 20124,
            "year": 2012,
            "quarter": 4,
            "eps": -0.22,
            "eps_growth_year": null,
            "eps_4q": 0.25,
            "eps_4q_growth_year": null,
            "roe": -1.26,
            "gross_profit": 173971,
            "gross_margin": 7.09,
            "net_income": -72429,
            "revenue": 2452834,
            "common_shares": 3303860,
            "equity": 5710791,
            "current_ratio": 138.17,
            "debt_ratio": 61.4,
            "inventory_turnover_ratio": 1.07,
            "account_receivable_turnover_ratio": 0.6,
            "reinvestment_rate": 263.55,
            "research_to_sale_ratio": 3.05,
            "price_fair": 6.5,
            "eps_avg_yearly": 2.17,
            "eps_latest_yearly": 0.28,
            "eps_growth_yearly": -41.4
        },
        "20131": {
            "year_quarter": 20131,
            "year": 2013,
            "quarter": 1,
            "eps": 0.28,
            "eps_growth_year": 75,
            "eps_4q": 0.37,
            "eps_4q_growth_year": null,
            "roe": 1.54,
            "gross_profit": 281866,
            "gross_margin": 15.72,
            "net_income": 91570,
            "revenue": 1792639,
            "common_shares": 3303860,
            "equity": 6201402,
            "current_ratio": 150.03,
            "debt_ratio": 57.22,
            "inventory_turnover_ratio": 0.76,
            "account_receivable_turnover_ratio": 0.46,
            "reinvestment_rate": 180.79,
            "research_to_sale_ratio": 3.43,
            "price_fair": 6.5,
            "eps_avg_yearly": 2.17,
            "eps_latest_yearly": 0.28,
            "eps_growth_yearly": -41.4
        },
        "20132": {
            "year_quarter": 20132,
            "year": 2013,
            "quarter": 2,
            "eps": 0.32,
            "eps_growth_year": 34.1,
            "eps_4q": 0.45,
            "eps_4q_growth_year": null,
            "roe": 1.71,
            "gross_profit": 434038,
            "gross_margin": 21.59,
            "net_income": 108652,
            "revenue": 2010474,
            "common_shares": 3303860,
            "equity": 6507093,
            "current_ratio": 151.37,
            "debt_ratio": 56.41,
            "inventory_turnover_ratio": 0.8,
            "account_receivable_turnover_ratio": 0.56,
            "reinvestment_rate": 232.76,
            "research_to_sale_ratio": 3.76,
            "price_fair": 5.81,
            "eps_avg_yearly": 1.94,
            "eps_latest_yearly": 1.28,
            "eps_growth_yearly": -63.63
        },
        "20133": {
            "year_quarter": 20133,
            "year": 2013,
            "quarter": 3,
            "eps": 0.11,
            "eps_growth_year": 48.05,
            "eps_4q": 0.51,
            "eps_4q_growth_year": null,
            "roe": 0.59,
            "gross_profit": 342303,
            "gross_margin": 19.73,
            "net_income": 37486,
            "revenue": 1734680,
            "common_shares": 3303860,
            "equity": 6283403,
            "current_ratio": 144.66,
            "debt_ratio": 56.39,
            "inventory_turnover_ratio": 0.72,
            "account_receivable_turnover_ratio": 0.5,
            "reinvestment_rate": 289.19,
            "research_to_sale_ratio": 3.62,
            "price_fair": 3.65,
            "eps_avg_yearly": 1.22,
            "eps_latest_yearly": 0.44,
            "eps_growth_yearly": -152.72
        },
        "20134": {
            "year_quarter": 20134,
            "year": 2013,
            "quarter": 4,
            "eps": -0.09,
            "eps_growth_year": null,
            "eps_4q": 0.65,
            "eps_4q_growth_year": 159,
            "roe": -0.45,
            "gross_profit": 233054,
            "gross_margin": 14.89,
            "net_income": -28334,
            "revenue": 1564794,
            "common_shares": 3303860,
            "equity": 6390727,
            "current_ratio": 136.77,
            "debt_ratio": 56.28,
            "inventory_turnover_ratio": 0.7,
            "account_receivable_turnover_ratio": 0.48,
            "reinvestment_rate": 485.62,
            "research_to_sale_ratio": 3.48,
            "price_fair": 3.02,
            "eps_avg_yearly": 1.01,
            "eps_latest_yearly": 0.44,
            "eps_growth_yearly": -141.68
        },
        "20141": {
            "year_quarter": 20141,
            "year": 2014,
            "quarter": 1,
            "eps": 0.53,
            "eps_growth_year": 89.29,
            "eps_4q": 0.89,
            "eps_4q_growth_year": 142.47,
            "roe": 2.49,
            "gross_profit": 388205,
            "gross_margin": 20.31,
            "net_income": 164430,
            "revenue": 1911075,
            "common_shares": 3206690,
            "equity": 6815384,
            "current_ratio": 135.34,
            "debt_ratio": 55.04,
            "inventory_turnover_ratio": 0.78,
            "account_receivable_turnover_ratio": 0.59,
            "reinvestment_rate": 611.89,
            "research_to_sale_ratio": 2.86,
            "price_fair": 3.02,
            "eps_avg_yearly": 1.01,
            "eps_latest_yearly": 0.44,
            "eps_growth_yearly": -141.68
        },
        "20142": {
            "year_quarter": 20142,
            "year": 2014,
            "quarter": 2,
            "eps": 0.4,
            "eps_growth_year": 25,
            "eps_4q": 0.96,
            "eps_4q_growth_year": 111.45,
            "roe": 1.91,
            "gross_profit": 449359,
            "gross_margin": 21.9,
            "net_income": 128646,
            "revenue": 2051669,
            "common_shares": 3206690,
            "equity": 6643649,
            "current_ratio": 129.64,
            "debt_ratio": 56.63,
            "inventory_turnover_ratio": 0.77,
            "account_receivable_turnover_ratio": 0.58,
            "reinvestment_rate": 528.15,
            "research_to_sale_ratio": 2.76,
            "price_fair": 3.27,
            "eps_avg_yearly": 1.09,
            "eps_latest_yearly": 1.6,
            "eps_growth_yearly": -135.46
        },
        "20143": {
            "year_quarter": 20143,
            "year": 2014,
            "quarter": 3,
            "eps": 0.88,
            "eps_growth_year": 700,
            "eps_4q": 1.73,
            "eps_4q_growth_year": 241.27,
            "roe": 4.21,
            "gross_profit": 530443,
            "gross_margin": 20.24,
            "net_income": 282935,
            "revenue": 2620759,
            "common_shares": 3206690,
            "equity": 6796109,
            "current_ratio": 112.32,
            "debt_ratio": 60.1,
            "inventory_turnover_ratio": 0.97,
            "account_receivable_turnover_ratio": 0.62,
            "reinvestment_rate": 785.94,
            "research_to_sale_ratio": 2.29,
            "price_fair": 3.48,
            "eps_avg_yearly": 1.16,
            "eps_latest_yearly": 3.52,
            "eps_growth_yearly": -42.89
        },
        "20144": {
            "year_quarter": 20144,
            "year": 2014,
            "quarter": 4,
            "eps": -0.61,
            "eps_growth_year": null,
            "eps_4q": 1.21,
            "eps_4q_growth_year": 86.49,
            "roe": -2.9,
            "gross_profit": 487637,
            "gross_margin": 19.95,
            "net_income": -203268,
            "revenue": 2444148,
            "common_shares": 3206690,
            "equity": 7210180,
            "current_ratio": 128.08,
            "debt_ratio": 60.02,
            "inventory_turnover_ratio": 0.89,
            "account_receivable_turnover_ratio": 0.53,
            "reinvestment_rate": 717.51,
            "research_to_sale_ratio": 2.28,
            "price_fair": 3.48,
            "eps_avg_yearly": 1.16,
            "eps_latest_yearly": 3.52,
            "eps_growth_yearly": -42.89
        },
        "20151": {
            "year_quarter": 20151,
            "year": 2015,
            "quarter": 1,
            "eps": 0.2,
            "eps_growth_year": -62.26,
            "eps_4q": 0.87,
            "eps_4q_growth_year": -2.67,
            "roe": 0.88,
            "gross_profit": 404369,
            "gross_margin": 17.37,
            "net_income": 63095,
            "revenue": 2327692,
            "common_shares": 3206690,
            "equity": 7106655,
            "current_ratio": 125.05,
            "debt_ratio": 61.24,
            "inventory_turnover_ratio": 0.77,
            "account_receivable_turnover_ratio": 0.55,
            "reinvestment_rate": -7617.01,
            "research_to_sale_ratio": 2.83,
            "price_fair": 3.48,
            "eps_avg_yearly": 1.16,
            "eps_latest_yearly": 3.52,
            "eps_growth_yearly": -42.89
        },
        "20152": {
            "year_quarter": 20152,
            "year": 2015,
            "quarter": 2,
            "eps": 0.2,
            "eps_growth_year": -50,
            "eps_4q": 0.67,
            "eps_4q_growth_year": -30.5,
            "roe": 0.93,
            "gross_profit": 303671,
            "gross_margin": 13.63,
            "net_income": 64131,
            "revenue": 2227967,
            "common_shares": 3206690,
            "equity": 6621042,
            "current_ratio": 129.06,
            "debt_ratio": 62.73,
            "inventory_turnover_ratio": 0.7,
            "account_receivable_turnover_ratio": 0.58,
            "reinvestment_rate": -834.55,
            "research_to_sale_ratio": 2.65,
            "price_fair": 29.58,
            "eps_avg_yearly": 1.27,
            "eps_latest_yearly": 0.8,
            "eps_growth_yearly": 13.31
        },
        "20153": {
            "year_quarter": 20153,
            "year": 2015,
            "quarter": 3,
            "eps": 0.2,
            "eps_growth_year": -77.27,
            "eps_4q": -0.02,
            "eps_4q_growth_year": -101.02,
            "roe": 0.93,
            "gross_profit": 308858,
            "gross_margin": 18.77,
            "net_income": 61374,
            "revenue": 1645348,
            "common_shares": 3206690,
            "equity": 6592277,
            "current_ratio": 126.94,
            "debt_ratio": 62.87,
            "inventory_turnover_ratio": 0.45,
            "account_receivable_turnover_ratio": 0.43,
            "reinvestment_rate": -25.02,
            "research_to_sale_ratio": 3.61,
            "price_fair": 26.2,
            "eps_avg_yearly": 1.21,
            "eps_latest_yearly": 0.8,
            "eps_growth_yearly": 11.65
        },
        "20154": {
            "year_quarter": 20154,
            "year": 2015,
            "quarter": 4,
            "eps": 0.03,
            "eps_growth_year": null,
            "eps_4q": 0.63,
            "eps_4q_growth_year": -47.67,
            "roe": 0.04,
            "gross_profit": 449056,
            "gross_margin": 20.08,
            "net_income": 2970,
            "revenue": 2236667,
            "common_shares": 3155120,
            "equity": 6606029,
            "current_ratio": 129.98,
            "debt_ratio": 61.68,
            "inventory_turnover_ratio": 0.55,
            "account_receivable_turnover_ratio": 0.6,
            "reinvestment_rate": 93.24,
            "research_to_sale_ratio": 7.21,
            "price_fair": 3.27,
            "eps_avg_yearly": 1.09,
            "eps_latest_yearly": 0.12,
            "eps_growth_yearly": -27.42
        },
        "20161": {
            "year_quarter": 20161,
            "year": 2016,
            "quarter": 1,
            "eps": 0.01,
            "eps_growth_year": -95,
            "eps_4q": 0.44,
            "eps_4q_growth_year": -49.18,
            "roe": 0.05,
            "gross_profit": 417923,
            "gross_margin": 20.88,
            "net_income": 3134,
            "revenue": 2001763,
            "common_shares": 3155120,
            "equity": 6502261,
            "current_ratio": 122.53,
            "debt_ratio": 63.07,
            "inventory_turnover_ratio": 0.44,
            "account_receivable_turnover_ratio": 0.6,
            "reinvestment_rate": 94.97,
            "research_to_sale_ratio": 4.38,
            "price_fair": 2.95,
            "eps_avg_yearly": 0.98,
            "eps_latest_yearly": 0.04,
            "eps_growth_yearly": -51.35
        },
        "20162": {
            "year_quarter": 20162,
            "year": 2016,
            "quarter": 2,
            "eps": 0.1,
            "eps_growth_year": -50,
            "eps_4q": 0.33,
            "eps_4q_growth_year": -49.91,
            "roe": 0.44,
            "gross_profit": 429573,
            "gross_margin": 20.06,
            "net_income": 28069,
            "revenue": 2141692,
            "common_shares": 3155120,
            "equity": 6346810,
            "current_ratio": 117.58,
            "debt_ratio": 64.15,
            "inventory_turnover_ratio": 0.45,
            "account_receivable_turnover_ratio": 0.61,
            "reinvestment_rate": 118.19,
            "research_to_sale_ratio": 2.44,
            "price_fair": 32.48,
            "eps_avg_yearly": 0.93,
            "eps_latest_yearly": 0.4,
            "eps_growth_yearly": 288.65
        },
        "20163": {
            "year_quarter": 20163,
            "year": 2016,
            "quarter": 3,
            "eps": 0.02,
            "eps_growth_year": -90,
            "eps_4q": 0.16,
            "eps_4q_growth_year": null,
            "roe": 0.11,
            "gross_profit": 477818,
            "gross_margin": 21.85,
            "net_income": 6653,
            "revenue": 2186824,
            "common_shares": 3155120,
            "equity": 6234004,
            "current_ratio": 138.95,
            "debt_ratio": 64.82,
            "inventory_turnover_ratio": 0.46,
            "account_receivable_turnover_ratio": 0.53,
            "reinvestment_rate": 91.32,
            "research_to_sale_ratio": 2.63,
            "price_fair": 31.78,
            "eps_avg_yearly": 0.91,
            "eps_latest_yearly": 0.08,
            "eps_growth_yearly": 284.99
        },
        "20164": {
            "year_quarter": 20164,
            "year": 2016,
            "quarter": 4,
            "eps": -1.32,
            "eps_growth_year": -4781.77,
            "eps_4q": -1.21,
            "eps_4q_growth_year": -292.14,
            "roe": -7.8,
            "gross_profit": 233307,
            "gross_margin": 13.7,
            "net_income": -498259,
            "revenue": 1702364,
            "common_shares": 3735120,
            "equity": 6534962,
            "current_ratio": 140.43,
            "debt_ratio": 63.54,
            "inventory_turnover_ratio": 0.39,
            "account_receivable_turnover_ratio": 0.39,
            "reinvestment_rate": 421.15,
            "research_to_sale_ratio": 3.93,
            "price_fair": 31.78,
            "eps_avg_yearly": 0.91,
            "eps_latest_yearly": 0.08,
            "eps_growth_yearly": 284.99
        },
        "20171": {
            "year_quarter": 20171,
            "year": 2017,
            "quarter": 1,
            "eps": -0.44,
            "eps_growth_year": -4500,
            "eps_4q": -1.66,
            "eps_4q_growth_year": -475.35,
            "roe": -2.63,
            "gross_profit": 329712,
            "gross_margin": 20.95,
            "net_income": -165346,
            "revenue": 1574170,
            "common_shares": 3735120,
            "equity": 6054979,
            "current_ratio": 143.89,
            "debt_ratio": 63.65,
            "inventory_turnover_ratio": 0.33,
            "account_receivable_turnover_ratio": 0.4,
            "reinvestment_rate": 2306.81,
            "research_to_sale_ratio": 3.33,
            "price_fair": 31.78,
            "eps_avg_yearly": 0.91,
            "eps_latest_yearly": 0.08,
            "eps_growth_yearly": 284.99
        },
        "20172": {
            "year_quarter": 20172,
            "year": 2017,
            "quarter": 2,
            "eps": 0.02,
            "eps_growth_year": -80,
            "eps_4q": -1.72,
            "eps_4q_growth_year": -614.97,
            "roe": 0.12,
            "gross_profit": 286700,
            "gross_margin": 22.29,
            "net_income": 7001,
            "revenue": 1286417,
            "common_shares": 3735120,
            "equity": 6103770,
            "current_ratio": 147.77,
            "debt_ratio": 62.97,
            "inventory_turnover_ratio": 0.26,
            "account_receivable_turnover_ratio": 0.37,
            "reinvestment_rate": null,
            "research_to_sale_ratio": 4.29,
            "price_fair": 30.33,
            "eps_avg_yearly": 0.87,
            "eps_latest_yearly": 0.08,
            "eps_growth_yearly": 310.3
        },
        "20173": {
            "year_quarter": 20173,
            "year": 2017,
            "quarter": 3,
            "eps": -0.31,
            "eps_growth_year": -1650,
            "eps_4q": -2.06,
            "eps_4q_growth_year": -1409.16,
            "roe": -1.91,
            "gross_profit": 318572,
            "gross_margin": 22.63,
            "net_income": -116484,
            "revenue": 1407783,
            "common_shares": 3735120,
            "equity": 6103967,
            "current_ratio": 149.77,
            "debt_ratio": 63.36,
            "inventory_turnover_ratio": 0.27,
            "account_receivable_turnover_ratio": 0.42,
            "reinvestment_rate": null,
            "research_to_sale_ratio": 4.28,
            "price_fair": 32.2,
            "eps_avg_yearly": 0.92,
            "eps_latest_yearly": 0.08,
            "eps_growth_yearly": 381.9
        },
        "20174": {
            "year_quarter": 20174,
            "year": 2017,
            "quarter": 4,
            "eps": -4.19,
            "eps_growth_year": null,
            "eps_4q": -4.93,
            "eps_4q_growth_year": null,
            "roe": -29.18,
            "gross_profit": -163298,
            "gross_margin": -11.11,
            "net_income": -1564369,
            "revenue": 1470361,
            "common_shares": 3735120,
            "equity": 4619917,
            "current_ratio": 126.58,
            "debt_ratio": 68.98,
            "inventory_turnover_ratio": 0.41,
            "account_receivable_turnover_ratio": 0.5,
            "reinvestment_rate": null,
            "research_to_sale_ratio": 5.3,
            "price_fair": 32.2,
            "eps_avg_yearly": 0.92,
            "eps_latest_yearly": 0.08,
            "eps_growth_yearly": 381.9
        },
        "20181": {
            "year_quarter": 20181,
            "year": 2018,
            "quarter": 1,
            "eps": 0.09,
            "eps_growth_year": null,
            "eps_4q": -4.4,
            "eps_4q_growth_year": null,
            "roe": 0.83,
            "gross_profit": 279022,
            "gross_margin": 21.1,
            "net_income": 37293,
            "revenue": 1322622,
            "common_shares": 3735120,
            "equity": 4398731,
            "current_ratio": 118.39,
            "debt_ratio": 69.62,
            "inventory_turnover_ratio": 0.27,
            "account_receivable_turnover_ratio": 0.54,
            "reinvestment_rate": null,
            "research_to_sale_ratio": 2.14,
            "price_fair": 32.2,
            "eps_avg_yearly": 0.92,
            "eps_latest_yearly": 0.08,
            "eps_growth_yearly": 381.9
        },
        "20182": {
            "year_quarter": 20182,
            "year": 2018,
            "quarter": 2,
            "eps": 0.16,
            "eps_growth_year": 700,
            "eps_4q": -4.26,
            "eps_4q_growth_year": null,
            "roe": 1.26,
            "gross_profit": 322839,
            "gross_margin": 23.01,
            "net_income": 55799,
            "revenue": 1403160,
            "common_shares": 3735120,
            "equity": 4474349,
            "current_ratio": 121.64,
            "debt_ratio": 68.81,
            "inventory_turnover_ratio": 0.28,
            "account_receivable_turnover_ratio": 0.57,
            "reinvestment_rate": null,
            "research_to_sale_ratio": 3.65,
            "price_fair": 28,
            "eps_avg_yearly": 0.8,
            "eps_latest_yearly": 0.64,
            "eps_growth_yearly": 433.06
        },
        "20183": {
            "year_quarter": 20183,
            "year": 2018,
            "quarter": 3,
            "eps": 0.03,
            "eps_growth_year": null,
            "eps_4q": -3.51,
            "eps_4q_growth_year": null,
            "roe": 0.41,
            "gross_profit": 287084,
            "gross_margin": 23.82,
            "net_income": 18782,
            "revenue": 1205187,
            "common_shares": 4166720,
            "equity": 4740955,
            "current_ratio": 121.44,
            "debt_ratio": 67,
            "inventory_turnover_ratio": 0.24,
            "account_receivable_turnover_ratio": 0.47,
            "reinvestment_rate": null,
            "research_to_sale_ratio": 4.48,
            "price_fair": 13.13,
            "eps_avg_yearly": 0.38,
            "eps_latest_yearly": 0.12,
            "eps_growth_yearly": 332.43
        },
        "20184": {
            "year_quarter": 20184,
            "year": 2018,
            "quarter": 4,
            "eps": -0.07,
            "eps_growth_year": null,
            "eps_4q": 0.18,
            "eps_4q_growth_year": null,
            "roe": -0.59,
            "gross_profit": 257420,
            "gross_margin": 20.81,
            "net_income": -27946,
            "revenue": 1237168,
            "common_shares": 4166720,
            "equity": 4674248,
            "current_ratio": 121.63,
            "debt_ratio": 66.96,
            "inventory_turnover_ratio": 0.25,
            "account_receivable_turnover_ratio": 0.5,
            "reinvestment_rate": null,
            "research_to_sale_ratio": 3.43,
            "price_fair": 13.13,
            "eps_avg_yearly": 0.38,
            "eps_latest_yearly": 0.12,
            "eps_growth_yearly": 332.43
        },
        "20191": {
            "year_quarter": 20191,
            "year": 2019,
            "quarter": 1,
            "eps": 0.01,
            "eps_growth_year": -88.89,
            "eps_4q": 0.1,
            "eps_4q_growth_year": null,
            "roe": 0.13,
            "gross_profit": 280187,
            "gross_margin": 23.48,
            "net_income": 6402,
            "revenue": 1193349,
            "common_shares": 4611720,
            "equity": 5033142,
            "current_ratio": 122.52,
            "debt_ratio": 64,
            "inventory_turnover_ratio": 0.23,
            "account_receivable_turnover_ratio": 0.5,
            "reinvestment_rate": null,
            "research_to_sale_ratio": 4.33,
            "price_fair": 13.13,
            "eps_avg_yearly": 0.38,
            "eps_latest_yearly": 0.12,
            "eps_growth_yearly": 332.43
        },
        "20192": {
            "year_quarter": 20192,
            "year": 2019,
            "quarter": 2,
            "eps": -0.53,
            "eps_growth_year": -431.25,
            "eps_4q": -0.55,
            "eps_4q_growth_year": null,
            "roe": -4.93,
            "gross_profit": 254208,
            "gross_margin": 22.15,
            "net_income": -241589,
            "revenue": 1147910,
            "common_shares": 4611720,
            "equity": 4762977,
            "current_ratio": 141.88,
            "debt_ratio": 65.38,
            "inventory_turnover_ratio": 0.22,
            "account_receivable_turnover_ratio": 0.48,
            "reinvestment_rate": null,
            "research_to_sale_ratio": 4.03,
            "price_fair": 11,
            "eps_avg_yearly": 0.31,
            "eps_latest_yearly": 0.12,
            "eps_growth_yearly": 379.92
        },
        "20193": {
            "year_quarter": 20193,
            "year": 2019,
            "quarter": 3,
            "eps": -0.04,
            "eps_growth_year": -233.33,
            "eps_4q": -0.62,
            "eps_4q_growth_year": null,
            "roe": -0.39,
            "gross_profit": 225428,
            "gross_margin": 22.18,
            "net_income": -18190,
            "revenue": 1016128,
            "common_shares": 4611720,
            "equity": 4632828,
            "current_ratio": 132.21,
            "debt_ratio": 65.9,
            "inventory_turnover_ratio": 0.2,
            "account_receivable_turnover_ratio": 0.42,
            "reinvestment_rate": null,
            "research_to_sale_ratio": 4.58,
            "price_fair": 8.17,
            "eps_avg_yearly": 0.23,
            "eps_latest_yearly": 0.12,
            "eps_growth_yearly": 443.24
        }
    },
    "months": {
        "2002-02": {
            "month": "2002-02",
            "price": "50.36",
            "revenue": 79758
        },
        "2002-03": {
            "month": "2002-03",
            "price": "62.10",
            "revenue": 110627
        },
        "2002-04": {
            "month": "2002-04",
            "price": "64.05",
            "revenue": 118371
        },
        "2002-05": {
            "month": "2002-05",
            "price": "57.63",
            "revenue": 125563
        },
        "2002-06": {
            "month": "2002-06",
            "price": "45.84",
            "revenue": 116257
        },
        "2002-07": {
            "month": "2002-07",
            "price": "39.49",
            "revenue": 104306
        },
        "2002-08": {
            "month": "2002-08",
            "price": "39.91",
            "revenue": 110640
        },
        "2002-09": {
            "month": "2002-09",
            "price": "38.05",
            "revenue": 111145
        },
        "2002-10": {
            "month": "2002-10",
            "price": "37.15",
            "revenue": 107175
        },
        "2002-11": {
            "month": "2002-11",
            "price": "39.25",
            "revenue": 102469
        },
        "2002-12": {
            "month": "2002-12",
            "price": "39.43",
            "revenue": 94276
        },
        "2003-01": {
            "month": "2003-01",
            "price": "36.67",
            "revenue": 95609
        },
        "2003-02": {
            "month": "2003-02",
            "price": "33.88",
            "revenue": 111105
        },
        "2003-03": {
            "month": "2003-03",
            "price": "31.01",
            "revenue": 130241
        },
        "2003-04": {
            "month": "2003-04",
            "price": "31.45",
            "revenue": 115497
        },
        "2003-05": {
            "month": "2003-05",
            "price": "28.62",
            "revenue": 125758
        },
        "2003-06": {
            "month": "2003-06",
            "price": "32.94",
            "revenue": 128519
        },
        "2003-07": {
            "month": "2003-07",
            "price": "36.10",
            "revenue": 121021
        },
        "2003-08": {
            "month": "2003-08",
            "price": "35.87",
            "revenue": 143183
        },
        "2003-09": {
            "month": "2003-09",
            "price": "34.26",
            "revenue": 160179
        },
        "2003-10": {
            "month": "2003-10",
            "price": "32.96",
            "revenue": 163039
        },
        "2003-11": {
            "month": "2003-11",
            "price": "32.00",
            "revenue": 140385
        },
        "2003-12": {
            "month": "2003-12",
            "price": "31.59",
            "revenue": 128083
        },
        "2004-01": {
            "month": "2004-01",
            "price": "35.85",
            "revenue": 127876
        },
        "2004-02": {
            "month": "2004-02",
            "price": "37.34",
            "revenue": 128958
        },
        "2004-03": {
            "month": "2004-03",
            "price": "37.95",
            "revenue": 182783
        },
        "2004-04": {
            "month": "2004-04",
            "price": "41.37",
            "revenue": 145179
        },
        "2004-05": {
            "month": "2004-05",
            "price": "34.06",
            "revenue": 171511
        },
        "2004-06": {
            "month": "2004-06",
            "price": "32.46",
            "revenue": 202261
        },
        "2004-07": {
            "month": "2004-07",
            "price": "31.95",
            "revenue": 206222
        },
        "2004-08": {
            "month": "2004-08",
            "price": "33.15",
            "revenue": 173905
        },
        "2004-09": {
            "month": "2004-09",
            "price": "34.56",
            "revenue": 175451
        },
        "2004-10": {
            "month": "2004-10",
            "price": "31.48",
            "revenue": 202741
        },
        "2004-11": {
            "month": "2004-11",
            "price": "30.64",
            "revenue": 164604
        },
        "2004-12": {
            "month": "2004-12",
            "price": "30.48",
            "revenue": 130520
        },
        "2005-01": {
            "month": "2005-01",
            "price": "29.94",
            "revenue": 130272
        },
        "2005-02": {
            "month": "2005-02",
            "price": "34.08",
            "revenue": 112814
        },
        "2005-03": {
            "month": "2005-03",
            "price": "38.01",
            "revenue": 164669
        },
        "2005-04": {
            "month": "2005-04",
            "price": "37.01",
            "revenue": 201547
        },
        "2005-05": {
            "month": "2005-05",
            "price": "36.48",
            "revenue": 210523
        },
        "2005-06": {
            "month": "2005-06",
            "price": "37.63",
            "revenue": 209433
        },
        "2005-07": {
            "month": "2005-07",
            "price": "37.96",
            "revenue": 205490
        },
        "2005-08": {
            "month": "2005-08",
            "price": "33.17",
            "revenue": 185406
        },
        "2005-09": {
            "month": "2005-09",
            "price": "30.30",
            "revenue": 202515
        },
        "2005-10": {
            "month": "2005-10",
            "price": "29.16",
            "revenue": 221265
        },
        "2005-11": {
            "month": "2005-11",
            "price": "29.82",
            "revenue": 300047
        },
        "2005-12": {
            "month": "2005-12",
            "price": "35.72",
            "revenue": 220806
        },
        "2006-01": {
            "month": "2006-01",
            "price": "39.02",
            "revenue": 162624
        },
        "2006-02": {
            "month": "2006-02",
            "price": "37.37",
            "revenue": 187135
        },
        "2006-03": {
            "month": "2006-03",
            "price": "33.05",
            "revenue": 193764
        },
        "2006-04": {
            "month": "2006-04",
            "price": "34.22",
            "revenue": 166634
        },
        "2006-05": {
            "month": "2006-05",
            "price": "36.56",
            "revenue": 214993
        },
        "2006-06": {
            "month": "2006-06",
            "price": "34.96",
            "revenue": 215528
        },
        "2006-07": {
            "month": "2006-07",
            "price": "31.16",
            "revenue": 165165
        },
        "2006-08": {
            "month": "2006-08",
            "price": "27.45",
            "revenue": 176116
        },
        "2006-09": {
            "month": "2006-09",
            "price": "24.32",
            "revenue": 203561
        },
        "2006-10": {
            "month": "2006-10",
            "price": "24.33",
            "revenue": 204061
        },
        "2006-11": {
            "month": "2006-11",
            "price": "25.72",
            "revenue": 211757
        },
        "2006-12": {
            "month": "2006-12",
            "price": "27.90",
            "revenue": 201838
        },
        "2007-01": {
            "month": "2007-01",
            "price": "32.01",
            "revenue": 190848
        },
        "2007-02": {
            "month": "2007-02",
            "price": "35.20",
            "revenue": 147779
        },
        "2007-03": {
            "month": "2007-03",
            "price": "37.07",
            "revenue": 219773
        },
        "2007-04": {
            "month": "2007-04",
            "price": "38.30",
            "revenue": 236422
        },
        "2007-05": {
            "month": "2007-05",
            "price": "39.64",
            "revenue": 264135
        },
        "2007-06": {
            "month": "2007-06",
            "price": "43.15",
            "revenue": 284045
        },
        "2007-07": {
            "month": "2007-07",
            "price": "44.06",
            "revenue": 300528
        },
        "2007-08": {
            "month": "2007-08",
            "price": "39.61",
            "revenue": 311070
        },
        "2007-09": {
            "month": "2007-09",
            "price": "37.98",
            "revenue": 312431
        },
        "2007-10": {
            "month": "2007-10",
            "price": "38.18",
            "revenue": 308433
        },
        "2007-11": {
            "month": "2007-11",
            "price": "31.11",
            "revenue": 315735
        },
        "2007-12": {
            "month": "2007-12",
            "price": "28.88",
            "revenue": 304703
        },
        "2008-01": {
            "month": "2008-01",
            "price": "26.47",
            "revenue": 304548
        },
        "2008-02": {
            "month": "2008-02",
            "price": "26.06",
            "revenue": 214633
        },
        "2008-03": {
            "month": "2008-03",
            "price": "27.88",
            "revenue": 306958
        },
        "2008-04": {
            "month": "2008-04",
            "price": "28.44",
            "revenue": 292741
        },
        "2008-05": {
            "month": "2008-05",
            "price": "29.30",
            "revenue": 247865
        },
        "2008-06": {
            "month": "2008-06",
            "price": "24.29",
            "revenue": 190943
        },
        "2008-07": {
            "month": "2008-07",
            "price": "17.45",
            "revenue": 236230
        },
        "2008-08": {
            "month": "2008-08",
            "price": "19.14",
            "revenue": 301581
        },
        "2008-09": {
            "month": "2008-09",
            "price": "15.16",
            "revenue": 300515
        },
        "2008-10": {
            "month": "2008-10",
            "price": "12.86",
            "revenue": 255996
        },
        "2008-11": {
            "month": "2008-11",
            "price": "9.36",
            "revenue": 210937
        },
        "2008-12": {
            "month": "2008-12",
            "price": "8.31",
            "revenue": 207423
        },
        "2009-01": {
            "month": "2009-01",
            "price": "9.96",
            "revenue": 120962
        },
        "2009-02": {
            "month": "2009-02",
            "price": "11.61",
            "revenue": 170855
        },
        "2009-03": {
            "month": "2009-03",
            "price": "14.49",
            "revenue": 232858
        },
        "2009-04": {
            "month": "2009-04",
            "price": "21.81",
            "revenue": 302544
        },
        "2009-05": {
            "month": "2009-05",
            "price": "29.20",
            "revenue": 322309
        },
        "2009-06": {
            "month": "2009-06",
            "price": "33.05",
            "revenue": 340103
        },
        "2009-07": {
            "month": "2009-07",
            "price": "37.24",
            "revenue": 402567
        },
        "2009-08": {
            "month": "2009-08",
            "price": "41.87",
            "revenue": 424169
        },
        "2009-09": {
            "month": "2009-09",
            "price": "51.33",
            "revenue": 462755
        },
        "2009-10": {
            "month": "2009-10",
            "price": "56.42",
            "revenue": 440680
        },
        "2009-11": {
            "month": "2009-11",
            "price": "52.20",
            "revenue": 390479
        },
        "2009-12": {
            "month": "2009-12",
            "price": "60.90",
            "revenue": 392916
        },
        "2010-01": {
            "month": "2010-01",
            "price": "58.16",
            "revenue": 347682
        },
        "2010-02": {
            "month": "2010-02",
            "price": "49.24",
            "revenue": 361525
        },
        "2010-03": {
            "month": "2010-03",
            "price": "57.27",
            "revenue": 501579
        },
        "2010-04": {
            "month": "2010-04",
            "price": "63.98",
            "revenue": 602132
        },
        "2010-05": {
            "month": "2010-05",
            "price": "60.22",
            "revenue": 701667
        },
        "2010-06": {
            "month": "2010-06",
            "price": "57.33",
            "revenue": 736977
        },
        "2010-07": {
            "month": "2010-07",
            "price": "60.12",
            "revenue": 702060
        },
        "2010-08": {
            "month": "2010-08",
            "price": "50.90",
            "revenue": 669946
        },
        "2010-09": {
            "month": "2010-09",
            "price": "49.49",
            "revenue": 522565
        },
        "2010-10": {
            "month": "2010-10",
            "price": "46.74",
            "revenue": 551793
        },
        "2010-11": {
            "month": "2010-11",
            "price": "46.50",
            "revenue": 561503
        },
        "2010-12": {
            "month": "2010-12",
            "price": "49.81",
            "revenue": 511463
        },
        "2011-01": {
            "month": "2011-01",
            "price": "52.64",
            "revenue": 532239
        },
        "2011-02": {
            "month": "2011-02",
            "price": "52.55",
            "revenue": 538631
        },
        "2011-03": {
            "month": "2011-03",
            "price": "56.27",
            "revenue": 550457
        },
        "2011-04": {
            "month": "2011-04",
            "price": "51.62",
            "revenue": 606376
        },
        "2011-05": {
            "month": "2011-05",
            "price": "48.19",
            "revenue": 620193
        },
        "2011-06": {
            "month": "2011-06",
            "price": "45.87",
            "revenue": 503150
        },
        "2011-07": {
            "month": "2011-07",
            "price": "35.78",
            "revenue": 513115
        },
        "2011-08": {
            "month": "2011-08",
            "price": "29.91",
            "revenue": 510027
        },
        "2011-09": {
            "month": "2011-09",
            "price": "23.44",
            "revenue": 401351
        },
        "2011-10": {
            "month": "2011-10",
            "price": "24.45",
            "revenue": 360515
        },
        "2011-11": {
            "month": "2011-11",
            "price": "24.88",
            "revenue": 350648
        },
        "2011-12": {
            "month": "2011-12",
            "price": "22.81",
            "revenue": 271004
        },
        "2012-01": {
            "month": "2012-01",
            "price": "25.20",
            "revenue": 293956
        },
        "2012-02": {
            "month": "2012-02",
            "price": "31.49",
            "revenue": 350019
        },
        "2012-03": {
            "month": "2012-03",
            "price": "35.97",
            "revenue": 420458
        },
        "2012-04": {
            "month": "2012-04",
            "price": "32.00",
            "revenue": 490222
        },
        "2012-05": {
            "month": "2012-05",
            "price": "30.78",
            "revenue": 592176
        },
        "2012-06": {
            "month": "2012-06",
            "price": "29.34",
            "revenue": 710555
        },
        "2012-07": {
            "month": "2012-07",
            "price": "28.55",
            "revenue": 784705
        },
        "2012-08": {
            "month": "2012-08",
            "price": "29.45",
            "revenue": 836295
        },
        "2012-09": {
            "month": "2012-09",
            "price": "30.71",
            "revenue": 902353
        },
        "2012-10": {
            "month": "2012-10",
            "price": "28.37",
            "revenue": 872020
        },
        "2012-11": {
            "month": "2012-11",
            "price": "24.46",
            "revenue": 736466
        },
        "2012-12": {
            "month": "2012-12",
            "price": "27.20",
            "revenue": 563564
        },
        "2013-01": {
            "month": "2013-01",
            "price": "27.31",
            "revenue": 514173
        },
        "2013-02": {
            "month": "2013-02",
            "price": "27.83",
            "revenue": 500386
        },
        "2013-03": {
            "month": "2013-03",
            "price": "29.02",
            "revenue": 704493
        },
        "2013-04": {
            "month": "2013-04",
            "price": "28.17",
            "revenue": 695128
        },
        "2013-05": {
            "month": "2013-05",
            "price": "28.63",
            "revenue": 705603
        },
        "2013-06": {
            "month": "2013-06",
            "price": "27.45",
            "revenue": 603502
        },
        "2013-07": {
            "month": "2013-07",
            "price": "25.51",
            "revenue": 614054
        },
        "2013-08": {
            "month": "2013-08",
            "price": "23.23",
            "revenue": 552740
        },
        "2013-09": {
            "month": "2013-09",
            "price": "24.48",
            "revenue": 512826
        },
        "2013-10": {
            "month": "2013-10",
            "price": "23.68",
            "revenue": 530029
        },
        "2013-11": {
            "month": "2013-11",
            "price": "21.24",
            "revenue": 530792
        },
        "2013-12": {
            "month": "2013-12",
            "price": "26.34",
            "revenue": 455747
        },
        "2014-01": {
            "month": "2014-01",
            "price": "35.12",
            "revenue": 560139
        },
        "2014-02": {
            "month": "2014-02",
            "price": "34.56",
            "revenue": 601551
        },
        "2014-03": {
            "month": "2014-03",
            "price": "37.38",
            "revenue": 752963
        },
        "2014-04": {
            "month": "2014-04",
            "price": "36.94",
            "revenue": 800468
        },
        "2014-05": {
            "month": "2014-05",
            "price": "35.91",
            "revenue": 617538
        },
        "2014-06": {
            "month": "2014-06",
            "price": "34.08",
            "revenue": 630652
        },
        "2014-07": {
            "month": "2014-07",
            "price": "36.78",
            "revenue": 801309
        },
        "2014-08": {
            "month": "2014-08",
            "price": "33.70",
            "revenue": 910211
        },
        "2014-09": {
            "month": "2014-09",
            "price": "34.63",
            "revenue": 918603
        },
        "2014-10": {
            "month": "2014-10",
            "price": "29.48",
            "revenue": 877046
        },
        "2014-11": {
            "month": "2014-11",
            "price": "28.42",
            "revenue": 877486
        },
        "2014-12": {
            "month": "2014-12",
            "price": "31.55",
            "revenue": 664224
        },
        "2015-01": {
            "month": "2015-01",
            "price": "30.44",
            "revenue": 850842
        },
        "2015-02": {
            "month": "2015-02",
            "price": "31.51",
            "revenue": 623598
        },
        "2015-03": {
            "month": "2015-03",
            "price": "33.23",
            "revenue": 866599
        },
        "2015-04": {
            "month": "2015-04",
            "price": "32.53",
            "revenue": 936178
        },
        "2015-05": {
            "month": "2015-05",
            "price": "29.85",
            "revenue": 652302
        },
        "2015-06": {
            "month": "2015-06",
            "price": "24.26",
            "revenue": 602991
        },
        "2015-07": {
            "month": "2015-07",
            "price": "21.58",
            "revenue": 500894
        },
        "2015-08": {
            "month": "2015-08",
            "price": "15.97",
            "revenue": 510060
        },
        "2015-09": {
            "month": "2015-09",
            "price": "15.50",
            "revenue": 550325
        },
        "2015-10": {
            "month": "2015-10",
            "price": "17.87",
            "revenue": 588271
        },
        "2015-11": {
            "month": "2015-11",
            "price": "20.36",
            "revenue": 680384
        },
        "2015-12": {
            "month": "2015-12",
            "price": "19.48",
            "revenue": 730727
        },
        "2016-01": {
            "month": "2016-01",
            "price": "17.88",
            "revenue": 741391
        },
        "2016-02": {
            "month": "2016-02",
            "price": "18.72",
            "revenue": 500563
        },
        "2016-03": {
            "month": "2016-03",
            "price": "17.98",
            "revenue": 759809
        },
        "2016-04": {
            "month": "2016-04",
            "price": "16.03",
            "revenue": 665143
        },
        "2016-05": {
            "month": "2016-05",
            "price": "14.55",
            "revenue": 684158
        },
        "2016-06": {
            "month": "2016-06",
            "price": "15.35",
            "revenue": 701531
        },
        "2016-07": {
            "month": "2016-07",
            "price": "17.17",
            "revenue": 706225
        },
        "2016-08": {
            "month": "2016-08",
            "price": "16.24",
            "revenue": 706326
        },
        "2016-09": {
            "month": "2016-09",
            "price": "15.98",
            "revenue": 700387
        },
        "2016-10": {
            "month": "2016-10",
            "price": "15.06",
            "revenue": 666953
        },
        "2016-11": {
            "month": "2016-11",
            "price": "13.97",
            "revenue": 617287
        },
        "2016-12": {
            "month": "2016-12",
            "price": "13.16",
            "revenue": 627714
        },
        "2017-01": {
            "month": "2017-01",
            "price": "13.06",
            "revenue": 515667
        },
        "2017-02": {
            "month": "2017-02",
            "price": "13.69",
            "revenue": 508752
        },
        "2017-03": {
            "month": "2017-03",
            "price": "13.60",
            "revenue": 553849
        },
        "2017-04": {
            "month": "2017-04",
            "price": "13.24",
            "revenue": 406337
        },
        "2017-05": {
            "month": "2017-05",
            "price": "12.15",
            "revenue": 428821
        },
        "2017-06": {
            "month": "2017-06",
            "price": "11.80",
            "revenue": 421315
        },
        "2017-07": {
            "month": "2017-07",
            "price": "11.30",
            "revenue": 481995
        },
        "2017-08": {
            "month": "2017-08",
            "price": "11.65",
            "revenue": 505526
        },
        "2017-09": {
            "month": "2017-09",
            "price": "12.35",
            "revenue": 446108
        },
        "2017-10": {
            "month": "2017-10",
            "price": "12.15",
            "revenue": 495480
        },
        "2017-11": {
            "month": "2017-11",
            "price": "11.80",
            "revenue": 485385
        },
        "2017-12": {
            "month": "2017-12",
            "price": "11.58",
            "revenue": 463885
        },
        "2018-01": {
            "month": "2018-01",
            "price": "11.70",
            "revenue": 548779
        },
        "2018-02": {
            "month": "2018-02",
            "price": "10.98",
            "revenue": 356255
        },
        "2018-03": {
            "month": "2018-03",
            "price": "10.66",
            "revenue": 400840
        },
        "2018-04": {
            "month": "2018-04",
            "price": "9.05",
            "revenue": 449019
        },
        "2018-05": {
            "month": "2018-05",
            "price": "10.47",
            "revenue": 478744
        },
        "2018-06": {
            "month": "2018-06",
            "price": "12.16",
            "revenue": 480631
        },
        "2018-07": {
            "month": "2018-07",
            "price": "11.35",
            "revenue": 419707
        },
        "2018-08": {
            "month": "2018-08",
            "price": "11.02",
            "revenue": 420286
        },
        "2018-09": {
            "month": "2018-09",
            "price": "10.49",
            "revenue": 427083
        },
        "2018-10": {
            "month": "2018-10",
            "price": "9.08",
            "revenue": 401368
        },
        "2018-11": {
            "month": "2018-11",
            "price": "8.85",
            "revenue": 402839
        },
        "2018-12": {
            "month": "2018-12",
            "price": "9.14",
            "revenue": 378739
        },
        "2019-01": {
            "month": "2019-01",
            "price": "8.78",
            "revenue": 432221
        },
        "2019-02": {
            "month": "2019-02",
            "price": "8.95",
            "revenue": 305642
        },
        "2019-03": {
            "month": "2019-03",
            "price": "9.00",
            "revenue": 442042
        },
        "2019-04": {
            "month": "2019-04",
            "price": "9.67",
            "revenue": 406611
        },
        "2019-05": {
            "month": "2019-05",
            "price": "8.97",
            "revenue": 412312
        },
        "2019-06": {
            "month": "2019-06",
            "price": "8.70",
            "revenue": 367559
        },
        "2019-07": {
            "month": "2019-07",
            "price": "8.94",
            "revenue": 325120
        },
        "2019-08": {
            "month": "2019-08",
            "price": "8.25",
            "revenue": 320123
        },
        "2019-09": {
            "month": "2019-09",
            "price": "7.94",
            "revenue": 325217
        },
        "2019-10": {
            "month": "2019-10",
            "price": "6.39",
            "revenue": 320354
        },
        "2019-11": {
            "month": "2019-11",
            "price": "6.60",
            "revenue": 330354
        },
        "2019-12": {
            "month": "2019-12",
            "price": "7.01",
            "revenue": 362169
        },
        "2020-01": {
            "month": "2020-01",
            "price": "6.82",
            "revenue": 290138
        },
        "2020-02": {
            "month": "2020-02",
            "price": "6.19",
            "revenue": 187927
        },
        "2020-03": {
            "month": "2020-03",
            "price": "6.27",
            "revenue": 243711
        },
        "2020-04": {
            "month": "2020-04",
            "price": "4.34",
            "revenue": 158839
        }
    }
}
