{
    "summary": {
        "stock_name": "國建",
        "stock_id": "2501",
        "category": "建材營造",
        "main_business": "興建國宅與商業大樓之出租出售<br>接受委託辦理有關都市計劃、山坡地等之規劃、設計、顧問業務<br>其他有關事業之經營及投資",
        "website_url": "http://www.cathay-red.com.tw",
        "ceo": "李虹明",
        "pe_ratio": 12,
        "report_year_from": 2001,
        "report_year_to": 2023,
        "age": 22,
        "eps_negative_percentage": 9,
        "eps_growth_avg": {
            "last_all": 17.9,
            "last_2y": 2.66,
            "last_4y": 9.18,
            "last_8y": 12.4,
            "last_12y": 19.05,
            "last_16y": 18.44,
            "last_20y": 17.9,
            "at_2006_last_3y": 42.22,
            "at_2007_last_3y": 25.42,
            "at_2008_last_3y": 28.94,
            "at_2009_last_3y": 16.44,
            "at_2010_last_3y": 11.89,
            "at_2011_last_3y": 43.14,
            "at_2012_last_3y": 46.52,
            "at_2013_last_3y": 34.02,
            "at_2014_last_3y": 32.19,
            "at_2015_last_3y": 1.99,
            "at_2016_last_3y": 27.08,
            "at_2017_last_3y": 16.42,
            "at_2018_last_3y": 22.79,
            "at_2019_last_3y": 12.47,
            "at_2020_last_3y": 0.94,
            "at_2021_last_3y": 0.86,
            "at_2022_last_3y": -13.52,
            "at_2023_last_3y": -13.52,
            "at_2006_last_all": 42.22,
            "at_2007_last_all": 25.42,
            "at_2008_last_all": 8.48,
            "at_2009_last_all": 15.4,
            "at_2010_last_all": 24.89,
            "at_2011_last_all": 34.28,
            "at_2012_last_all": 25.39,
            "at_2013_last_all": 22.85,
            "at_2014_last_all": 27.54,
            "at_2015_last_all": 23.52,
            "at_2016_last_all": 25.91,
            "at_2017_last_all": 21.01,
            "at_2018_last_all": 26.28,
            "at_2019_last_all": 20.76,
            "at_2020_last_all": 20.03,
            "at_2021_last_all": 16.53,
            "at_2022_last_all": 17.9,
            "at_2023_last_all": 17.9
        },
        "latest_eps": 1.35,
        "latest_price": 16.3,
        "latest_roe": 6.2,
        "latest_gross_margin": 24.81,
        "latest_equity": 26888713,
        "latest_revenue": 2875746,
        "latest_gross_profit": 713602,
        "latest_net_income": 153020,
        "latest_debt_ratio": 65.67,
        "latest_current_ratio": 192.45,
        "latest_account_receivable_turnover_ratio": 6.01,
        "latest_inventory_turnover_ratio": 0.05,
        "latest_reinvestment_rate": 38.7,
        "latest_research_to_sale_ratio": null
    },
    "eps_dividends": {
        "1990": {
            "cash": 1.5,
            "stock": 1.5,
            "eps": 0
        },
        "1991": {
            "cash": 1,
            "stock": 4,
            "eps": 0
        },
        "1992": {
            "cash": 1.5,
            "stock": 2.5,
            "eps": 0
        },
        "1993": {
            "cash": 0,
            "stock": 2.5,
            "eps": 0
        },
        "1995": {
            "cash": 0.5,
            "stock": 2,
            "eps": 0
        },
        "1996": {
            "cash": 1,
            "stock": 1,
            "eps": 0
        },
        "1998": {
            "cash": 1,
            "stock": 0.5,
            "eps": 0
        },
        "1999": {
            "cash": 0.5,
            "stock": 0.5,
            "eps": 0
        },
        "2000": {
            "cash": 0.5,
            "stock": 0,
            "eps": 0
        },
        "2001": {
            "cash": 0.5,
            "stock": 0,
            "eps": -0.21
        },
        "2002": {
            "cash": 0,
            "stock": 0,
            "eps": -0.44
        },
        "2003": {
            "cash": 0,
            "stock": 0.57,
            "eps": 0.15
        },
        "2004": {
            "cash": 0.17,
            "stock": 0,
            "eps": 0.04
        },
        "2005": {
            "cash": 0,
            "stock": 0,
            "eps": 0.09
        },
        "2006": {
            "cash": 0,
            "stock": 0,
            "eps": 0.72
        },
        "2007": {
            "cash": 0.75,
            "stock": 0,
            "eps": 0.54
        },
        "2008": {
            "cash": 0.5,
            "stock": 0,
            "eps": 0.22
        },
        "2009": {
            "cash": 0,
            "stock": 0,
            "eps": 0.33
        },
        "2010": {
            "cash": 0.5,
            "stock": 0,
            "eps": 0.6
        },
        "2011": {
            "cash": 1.5,
            "stock": 0,
            "eps": 1.88
        },
        "2012": {
            "cash": 0,
            "stock": 0,
            "eps": 1.02
        },
        "2013": {
            "cash": 1,
            "stock": 0,
            "eps": 1.02
        },
        "2014": {
            "cash": 1,
            "stock": 0,
            "eps": 1.78
        },
        "2015": {
            "cash": 1,
            "stock": 0,
            "eps": 1.41
        },
        "2016": {
            "cash": 0,
            "stock": 0,
            "eps": 2.18
        },
        "2017": {
            "cash": 1.5,
            "stock": 0,
            "eps": 1.25
        },
        "2018": {
            "cash": 1.2,
            "stock": 0,
            "eps": 3.11
        },
        "2019": {
            "cash": 2.1,
            "stock": 0,
            "eps": 1.18
        },
        "2020": {
            "cash": 1,
            "stock": 0,
            "eps": 1.28
        },
        "2021": {
            "cash": 1,
            "stock": 0,
            "eps": 0.73
        },
        "2022": {
            "cash": 0.6,
            "stock": 0,
            "eps": 1.04
        },
        "2023": {
            "cash": 0.5,
            "stock": 0,
            "eps": 0.12
        }
    },
    "dividends": {
        "1990-05-25": {
            "cash": 1.5,
            "stock": 1.5
        },
        "1991-05-17": {
            "cash": 1,
            "stock": 4
        },
        "1992-05-22": {
            "cash": 1.5,
            "stock": 2.5
        },
        "1993-05-20": {
            "cash": 0,
            "stock": 2.5
        },
        "1995-05-26": {
            "cash": 0.5,
            "stock": 2
        },
        "1996-05-24": {
            "cash": 1,
            "stock": 1
        },
        "1998-05-22": {
            "cash": 1,
            "stock": 0.5
        },
        "1999-05-19": {
            "cash": 0.5,
            "stock": 0.5
        },
        "2000-05-19": {
            "cash": 0.5,
            "stock": 0
        },
        "2001-05-24": {
            "cash": 0.5,
            "stock": 0
        },
        "2003-03-04": {
            "cash": 0,
            "stock": 0.57
        },
        "2004-02-25": {
            "cash": 0.17,
            "stock": 0
        },
        "2007-03-30": {
            "cash": 0.75,
            "stock": 0
        },
        "2008-03-20": {
            "cash": 0.5,
            "stock": 0
        },
        "2010-03-18": {
            "cash": 0.5,
            "stock": 0
        },
        "2011-01-01": {
            "cash": 1,
            "stock": 0
        },
        "2011-04-28": {
            "cash": 0.5,
            "stock": 0
        },
        "2013-04-30": {
            "cash": 1,
            "stock": 0
        },
        "2014-06-06": {
            "cash": 1,
            "stock": 0
        },
        "2015-08-05": {
            "cash": 1,
            "stock": 0
        },
        "2017-08-16": {
            "cash": 1.5,
            "stock": 0
        },
        "2018-07-27": {
            "cash": 1.2,
            "stock": 0
        },
        "2019-07-29": {
            "cash": 2.1,
            "stock": 0
        },
        "2020-08-11": {
            "cash": 1,
            "stock": 0
        },
        "2021-09-11": {
            "cash": 1,
            "stock": 0
        },
        "2022-08-12": {
            "cash": 0.6,
            "stock": 0
        },
        "2023-04-27": {
            "cash": 0.5,
            "stock": 0
        }
    },
    "prices": {
        "200101": "8.04",
        "200102": "9.19",
        "200103": "8.92",
        "200104": "8.00",
        "200105": "7.69",
        "200106": "7.24",
        "200107": "6.56",
        "200108": "7.21",
        "200109": "7.44",
        "200110": "7.71",
        "200111": "7.95",
        "200112": "8.44",
        "200201": "8.42",
        "200202": "7.95",
        "200203": "8.36",
        "200204": "9.50",
        "200205": "9.14",
        "200206": "9.18",
        "200207": "8.89",
        "200208": "7.85",
        "200209": "7.61",
        "200210": "7.57",
        "200211": "7.88",
        "200212": "7.78",
        "200301": "8.62",
        "200302": "8.27",
        "200303": "8.00",
        "200304": "8.38",
        "200305": "7.99",
        "200306": "8.71",
        "200307": "9.92",
        "200308": "10.86",
        "200309": "13.16",
        "200310": "13.88",
        "200311": "12.54",
        "200312": "12.52",
        "200401": "15.72",
        "200402": "19.38",
        "200403": "19.15",
        "200404": "17.85",
        "200405": "16.21",
        "200406": "17.93",
        "200407": "17.09",
        "200408": "16.01",
        "200409": "18.32",
        "200410": "18.42",
        "200411": "17.65",
        "200412": "18.15",
        "200501": "18.86",
        "200502": "18.71",
        "200503": "17.73",
        "200504": "15.03",
        "200505": "14.40",
        "200506": "15.29",
        "200507": "14.49",
        "200508": "14.38",
        "200509": "13.43",
        "200510": "11.16",
        "200511": "10.23",
        "200512": "12.46",
        "200601": "14.62",
        "200602": "14.87",
        "200603": "15.14",
        "200604": "17.98",
        "200605": "24.18",
        "200606": "21.88",
        "200607": "21.58",
        "200608": "19.65",
        "200609": "19.63",
        "200610": "21.23",
        "200611": "22.15",
        "200612": "23.92",
        "200701": "20.57",
        "200702": "20.56",
        "200703": "19.82",
        "200704": "19.44",
        "200705": "19.24",
        "200706": "18.86",
        "200707": "20.65",
        "200708": "16.71",
        "200709": "15.65",
        "200710": "16.77",
        "200711": "16.22",
        "200712": "14.85",
        "200801": "17.22",
        "200802": "21.26",
        "200803": "22.76",
        "200804": "26.45",
        "200805": "23.54",
        "200806": "20.02",
        "200807": "14.66",
        "200808": "13.72",
        "200809": "10.65",
        "200810": "7.57",
        "200811": "6.77",
        "200812": "7.16",
        "200901": "7.32",
        "200902": "6.91",
        "200903": "7.62",
        "200904": "10.45",
        "200905": "14.00",
        "200906": "13.42",
        "200907": "14.22",
        "200908": "12.68",
        "200909": "13.18",
        "200910": "14.11",
        "200911": "13.65",
        "200912": "13.10",
        "201001": "14.43",
        "201002": "12.96",
        "201003": "13.22",
        "201004": "13.54",
        "201005": "11.79",
        "201006": "11.40",
        "201007": "12.58",
        "201008": "14.79",
        "201009": "15.53",
        "201010": "17.41",
        "201011": "17.59",
        "201012": "17.60",
        "201101": "18.21",
        "201102": "15.78",
        "201103": "14.17",
        "201104": "14.65",
        "201105": "15.00",
        "201106": "14.75",
        "201107": "15.45",
        "201108": "13.62",
        "201109": "12.51",
        "201110": "12.11",
        "201111": "12.17",
        "201112": "10.68",
        "201201": "10.41",
        "201202": "12.36",
        "201203": "13.09",
        "201204": "13.59",
        "201205": "13.16",
        "201206": "13.08",
        "201207": "12.15",
        "201208": "12.50",
        "201209": "13.93",
        "201210": "13.74",
        "201211": "13.68",
        "201212": "13.98",
        "201301": "14.58",
        "201302": "14.85",
        "201303": "16.42",
        "201304": "17.64",
        "201305": "19.91",
        "201306": "19.89",
        "201307": "20.09",
        "201308": "22.99",
        "201309": "21.46",
        "201310": "21.01",
        "201311": "19.58",
        "201312": "18.92",
        "201401": "18.22",
        "201402": "17.91",
        "201403": "18.05",
        "201404": "17.97",
        "201405": "17.50",
        "201406": "17.87",
        "201407": "17.23",
        "201408": "16.93",
        "201409": "16.47",
        "201410": "15.86",
        "201411": "16.00",
        "201412": "16.80",
        "201501": "16.64",
        "201502": "16.88",
        "201503": "17.80",
        "201504": "18.96",
        "201505": "18.35",
        "201506": "17.41",
        "201507": "16.00",
        "201508": "13.85",
        "201509": "13.62",
        "201510": "14.02",
        "201511": "13.80",
        "201512": "13.41",
        "201601": "12.96",
        "201602": "13.22",
        "201603": "14.10",
        "201604": "14.18",
        "201605": "13.84",
        "201606": "14.14",
        "201607": "14.28",
        "201608": "14.17",
        "201609": "14.12",
        "201610": "15.49",
        "201611": "16.39",
        "201612": "18.58",
        "201701": "18.06",
        "201702": "20.58",
        "201703": "21.62",
        "201704": "20.99",
        "201705": "19.46",
        "201706": "19.42",
        "201707": "18.81",
        "201708": "16.75",
        "201709": "16.54",
        "201710": "17.16",
        "201711": "16.90",
        "201712": "16.57",
        "201801": "16.60",
        "201802": "15.80",
        "201803": "15.63",
        "201804": "16.34",
        "201805": "17.57",
        "201806": "17.24",
        "201807": "16.06",
        "201808": "16.85",
        "201809": "17.35",
        "201810": "18.22",
        "201811": "19.54",
        "201812": "20.15",
        "201901": "19.91",
        "201902": "20.60",
        "201903": "21.66",
        "201904": "23.74",
        "201905": "26.33",
        "201906": "28.07",
        "201907": "22.90",
        "201908": "20.66",
        "201909": "21.07",
        "201910": "21.27",
        "201911": "21.30",
        "201912": "20.83",
        "202001": "21.00",
        "202002": "21.26",
        "202003": "18.21",
        "202004": "18.11",
        "202005": "19.15",
        "202006": "20.18",
        "202007": "19.50",
        "202008": "19.20",
        "202009": "19.86",
        "202010": "19.38",
        "202011": "19.95",
        "202012": "20.08",
        "202101": "19.49",
        "202102": "19.24",
        "202103": "19.58",
        "202104": "20.87",
        "202105": "19.88",
        "202106": "19.84",
        "202107": "20.25",
        "202108": "19.91",
        "202109": "19.29",
        "202110": "19.39",
        "202111": "19.55",
        "202112": "19.25",
        "202201": "19.14",
        "202202": "19.05",
        "202203": "18.89",
        "202204": "18.68",
        "202205": "18.07",
        "202206": "17.65",
        "202207": "16.73",
        "202208": "16.69",
        "202209": "16.66",
        "202210": "15.26",
        "202211": "14.98",
        "202212": "15.37",
        "202301": "16.05",
        "202302": "16.71",
        "202303": "17.15",
        "202304": "17.14",
        "202305": "16.41"
    },
    "quarters": {
        "20011": {
            "year_quarter": 20011,
            "year": 2001,
            "quarter": 1,
            "eps": 0.02,
            "eps_growth_year": 0,
            "eps_4q": 0.61,
            "eps_4q_growth_year": 48.38,
            "roe": 0.14,
            "roe_4q": 0.14,
            "gross_profit": 81850,
            "gross_margin": 11.34,
            "gross_margin_4q_avg": 11.34,
            "net_income": 28634,
            "revenue": 721494,
            "common_shares": 16198232,
            "book_valuer_per_share": 12.82,
            "book_valuer_per_share_4q_avg": 12.82,
            "equity": 20761971,
            "current_ratio": 2029.41,
            "debt_ratio": 7.29,
            "inventory_turnover_ratio": 0.04,
            "account_receivable_turnover_ratio": null,
            "reinvestment_rate": null,
            "research_to_sale_ratio": null,
            "price_fair": 0,
            "eps_avg_yearly": 0,
            "eps_latest_yearly": 0,
            "eps_growth_yearly": 0
        },
        "20012": {
            "year_quarter": 20012,
            "year": 2001,
            "quarter": 2,
            "eps": 0.01,
            "eps_growth_year": null,
            "eps_4q": 0.55,
            "eps_4q_growth_year": 48.2,
            "roe": 0.06,
            "roe_4q": 0.2,
            "gross_profit": 166773,
            "gross_margin": 16.15,
            "gross_margin_4q_avg": 13.75,
            "net_income": 11860,
            "revenue": 1032693,
            "common_shares": 16198232,
            "book_valuer_per_share": 12.31,
            "book_valuer_per_share_4q_avg": 12.57,
            "equity": 19932614,
            "current_ratio": 1020.1,
            "debt_ratio": 11.24,
            "inventory_turnover_ratio": 0.06,
            "account_receivable_turnover_ratio": null,
            "reinvestment_rate": null,
            "research_to_sale_ratio": null,
            "price_fair": 0,
            "eps_avg_yearly": 0,
            "eps_latest_yearly": 0,
            "eps_growth_yearly": 0
        },
        "20013": {
            "year_quarter": 20013,
            "year": 2001,
            "quarter": 3,
            "eps": 0,
            "eps_growth_year": -100,
            "eps_4q": 0.06,
            "eps_4q_growth_year": -92.39,
            "roe": 0.04,
            "roe_4q": 0.24000000000000002,
            "gross_profit": 12885,
            "gross_margin": 2,
            "gross_margin_4q_avg": 9.83,
            "net_income": 6957,
            "revenue": 644263,
            "common_shares": 16198232,
            "book_valuer_per_share": 12.24,
            "book_valuer_per_share_4q_avg": 12.46,
            "equity": 19829393,
            "current_ratio": 1584.53,
            "debt_ratio": 8.73,
            "inventory_turnover_ratio": 0.04,
            "account_receivable_turnover_ratio": null,
            "reinvestment_rate": null,
            "research_to_sale_ratio": null,
            "price_fair": 0,
            "eps_avg_yearly": 0,
            "eps_latest_yearly": 0,
            "eps_growth_yearly": 0
        },
        "20014": {
            "year_quarter": 20014,
            "year": 2001,
            "quarter": 4,
            "eps": -0.24,
            "eps_growth_year": -900,
            "eps_4q": -0.21,
            "eps_4q_growth_year": -140.47,
            "roe": -1.9,
            "roe_4q": -1.6599999999999997,
            "gross_profit": -33525,
            "gross_margin": -4.8,
            "gross_margin_4q_avg": 6.17,
            "net_income": -370365,
            "revenue": 697759,
            "common_shares": 15709712,
            "book_valuer_per_share": 12.26,
            "book_valuer_per_share_4q_avg": 12.41,
            "equity": 19253487,
            "current_ratio": 977.9,
            "debt_ratio": 11.51,
            "inventory_turnover_ratio": 0.05,
            "account_receivable_turnover_ratio": null,
            "reinvestment_rate": null,
            "research_to_sale_ratio": null,
            "price_fair": 0,
            "eps_avg_yearly": 0,
            "eps_latest_yearly": 0,
            "eps_growth_yearly": 0
        },
        "20021": {
            "year_quarter": 20021,
            "year": 2002,
            "quarter": 1,
            "eps": -0.08,
            "eps_growth_year": -500,
            "eps_4q": -0.31,
            "eps_4q_growth_year": -151.26,
            "roe": -0.63,
            "roe_4q": -2.4299999999999997,
            "gross_profit": 719,
            "gross_margin": 0.15,
            "gross_margin_4q_avg": 3.38,
            "net_income": -120573,
            "revenue": 479034,
            "common_shares": 15709712,
            "book_valuer_per_share": 12.18,
            "book_valuer_per_share_4q_avg": 12.25,
            "equity": 19132914,
            "current_ratio": 957.74,
            "debt_ratio": 11.7,
            "inventory_turnover_ratio": 0.03,
            "account_receivable_turnover_ratio": null,
            "reinvestment_rate": null,
            "research_to_sale_ratio": null,
            "price_fair": 0,
            "eps_avg_yearly": 0,
            "eps_latest_yearly": 0,
            "eps_growth_yearly": 0
        },
        "20022": {
            "year_quarter": 20022,
            "year": 2002,
            "quarter": 2,
            "eps": -0.07,
            "eps_growth_year": -800,
            "eps_4q": -0.37,
            "eps_4q_growth_year": -167.37,
            "roe": -0.54,
            "roe_4q": -3.03,
            "gross_profit": 50428,
            "gross_margin": 5.14,
            "gross_margin_4q_avg": 0.62,
            "net_income": -102292,
            "revenue": 981479,
            "common_shares": 15709712,
            "book_valuer_per_share": 12.1,
            "book_valuer_per_share_4q_avg": 12.2,
            "equity": 19008232,
            "current_ratio": 678.24,
            "debt_ratio": 13.4,
            "inventory_turnover_ratio": 0.07,
            "account_receivable_turnover_ratio": null,
            "reinvestment_rate": null,
            "research_to_sale_ratio": null,
            "price_fair": 0,
            "eps_avg_yearly": 0,
            "eps_latest_yearly": 0,
            "eps_growth_yearly": 0
        },
        "20023": {
            "year_quarter": 20023,
            "year": 2002,
            "quarter": 3,
            "eps": -0.01,
            "eps_growth_year": null,
            "eps_4q": -0.39,
            "eps_4q_growth_year": -734.06,
            "roe": -0.07,
            "roe_4q": -3.14,
            "gross_profit": 30512,
            "gross_margin": 3.46,
            "gross_margin_4q_avg": 0.99,
            "net_income": -13982,
            "revenue": 881076,
            "common_shares": 15709712,
            "book_valuer_per_share": 12.09,
            "book_valuer_per_share_4q_avg": 12.16,
            "equity": 18997471,
            "current_ratio": 714.37,
            "debt_ratio": 12.72,
            "inventory_turnover_ratio": 0.06,
            "account_receivable_turnover_ratio": null,
            "reinvestment_rate": null,
            "research_to_sale_ratio": null,
            "price_fair": 0,
            "eps_avg_yearly": 0,
            "eps_latest_yearly": 0,
            "eps_growth_yearly": 0
        },
        "20024": {
            "year_quarter": 20024,
            "year": 2002,
            "quarter": 4,
            "eps": -0.28,
            "eps_growth_year": null,
            "eps_4q": -0.43,
            "eps_4q_growth_year": null,
            "roe": -2.33,
            "roe_4q": -3.57,
            "gross_profit": 21205,
            "gross_margin": 3.03,
            "gross_margin_4q_avg": 2.95,
            "net_income": -437400,
            "revenue": 699441,
            "common_shares": 15671862,
            "book_valuer_per_share": 11.81,
            "book_valuer_per_share_4q_avg": 12.05,
            "equity": 18503767,
            "current_ratio": 917.81,
            "debt_ratio": 10.66,
            "inventory_turnover_ratio": 0.05,
            "account_receivable_turnover_ratio": null,
            "reinvestment_rate": -13.88,
            "research_to_sale_ratio": null,
            "price_fair": 0,
            "eps_avg_yearly": 0,
            "eps_latest_yearly": 0,
            "eps_growth_yearly": 0
        },
        "20031": {
            "year_quarter": 20031,
            "year": 2003,
            "quarter": 1,
            "eps": 0.05,
            "eps_growth_year": null,
            "eps_4q": -0.31,
            "eps_4q_growth_year": null,
            "roe": 0.42,
            "roe_4q": -2.5200000000000005,
            "gross_profit": 2418,
            "gross_margin": 0.23,
            "gross_margin_4q_avg": 2.97,
            "net_income": 77316,
            "revenue": 1068077,
            "common_shares": 15671862,
            "book_valuer_per_share": 11.86,
            "book_valuer_per_share_4q_avg": 11.97,
            "equity": 18584458,
            "current_ratio": 906.92,
            "debt_ratio": 10.12,
            "inventory_turnover_ratio": 0.09,
            "account_receivable_turnover_ratio": null,
            "reinvestment_rate": 144.35,
            "research_to_sale_ratio": null,
            "price_fair": 0,
            "eps_avg_yearly": 0,
            "eps_latest_yearly": 0,
            "eps_growth_yearly": 0
        },
        "20032": {
            "year_quarter": 20032,
            "year": 2003,
            "quarter": 2,
            "eps": -0.39,
            "eps_growth_year": null,
            "eps_4q": -0.63,
            "eps_4q_growth_year": null,
            "roe": -3.34,
            "roe_4q": -5.32,
            "gross_profit": -9658,
            "gross_margin": -1.25,
            "gross_margin_4q_avg": 1.37,
            "net_income": -610499,
            "revenue": 769823,
            "common_shares": 15671862,
            "book_valuer_per_share": 11.47,
            "book_valuer_per_share_4q_avg": 11.81,
            "equity": 17970502,
            "current_ratio": 1333.88,
            "debt_ratio": 7.86,
            "inventory_turnover_ratio": 0.07,
            "account_receivable_turnover_ratio": null,
            "reinvestment_rate": null,
            "research_to_sale_ratio": null,
            "price_fair": 0,
            "eps_avg_yearly": 0,
            "eps_latest_yearly": 0,
            "eps_growth_yearly": 0
        },
        "20033": {
            "year_quarter": 20033,
            "year": 2003,
            "quarter": 3,
            "eps": 0.05,
            "eps_growth_year": null,
            "eps_4q": -0.56,
            "eps_4q_growth_year": null,
            "roe": 0.44,
            "roe_4q": -4.8100000000000005,
            "gross_profit": 107972,
            "gross_margin": 9.9,
            "gross_margin_4q_avg": 2.98,
            "net_income": 79103,
            "revenue": 1090706,
            "common_shares": 16565158,
            "book_valuer_per_share": 10.9,
            "book_valuer_per_share_4q_avg": 11.51,
            "equity": 18048145,
            "current_ratio": 4803.83,
            "debt_ratio": 3.4,
            "inventory_turnover_ratio": 0.09,
            "account_receivable_turnover_ratio": null,
            "reinvestment_rate": null,
            "research_to_sale_ratio": null,
            "price_fair": 0,
            "eps_avg_yearly": 0,
            "eps_latest_yearly": 0,
            "eps_growth_yearly": 0
        },
        "20034": {
            "year_quarter": 20034,
            "year": 2003,
            "quarter": 4,
            "eps": 0.44,
            "eps_growth_year": null,
            "eps_4q": 0.17,
            "eps_4q_growth_year": null,
            "roe": 3.99,
            "roe_4q": 1.5100000000000007,
            "gross_profit": 151770,
            "gross_margin": 20.69,
            "gross_margin_4q_avg": 7.39,
            "net_income": 735437,
            "revenue": 733476,
            "common_shares": 16565158,
            "book_valuer_per_share": 11.36,
            "book_valuer_per_share_4q_avg": 11.4,
            "equity": 18811553,
            "current_ratio": 8350.77,
            "debt_ratio": 2.5,
            "inventory_turnover_ratio": 0.06,
            "account_receivable_turnover_ratio": null,
            "reinvestment_rate": -56.15,
            "research_to_sale_ratio": null,
            "price_fair": 61.6,
            "eps_avg_yearly": 1.76,
            "eps_latest_yearly": 1.76,
            "eps_growth_yearly": 3120
        },
        "20041": {
            "year_quarter": 20041,
            "year": 2004,
            "quarter": 1,
            "eps": 0.11,
            "eps_growth_year": 120,
            "eps_4q": 0.24,
            "eps_4q_growth_year": null,
            "roe": 0.95,
            "roe_4q": 2.040000000000001,
            "gross_profit": 114683,
            "gross_margin": 18.89,
            "gross_margin_4q_avg": 12.06,
            "net_income": 179443,
            "revenue": 607093,
            "common_shares": 16565158,
            "book_valuer_per_share": 11.46,
            "book_valuer_per_share_4q_avg": 11.3,
            "equity": 18989118,
            "current_ratio": 15071.43,
            "debt_ratio": 2.04,
            "inventory_turnover_ratio": 0.05,
            "account_receivable_turnover_ratio": null,
            "reinvestment_rate": -30.92,
            "research_to_sale_ratio": null,
            "price_fair": 38.5,
            "eps_avg_yearly": 1.1,
            "eps_latest_yearly": 0.44,
            "eps_growth_yearly": 1410
        },
        "20042": {
            "year_quarter": 20042,
            "year": 2004,
            "quarter": 2,
            "eps": -0.03,
            "eps_growth_year": null,
            "eps_4q": 0.57,
            "eps_4q_growth_year": null,
            "roe": -0.27,
            "roe_4q": 5.11,
            "gross_profit": 53025,
            "gross_margin": 15.26,
            "gross_margin_4q_avg": 16.19,
            "net_income": -50190,
            "revenue": 347551,
            "common_shares": 16565158,
            "book_valuer_per_share": 11.26,
            "book_valuer_per_share_4q_avg": 11.25,
            "equity": 18650653,
            "current_ratio": 3195.92,
            "debt_ratio": 3.55,
            "inventory_turnover_ratio": 0.03,
            "account_receivable_turnover_ratio": null,
            "reinvestment_rate": -35.81,
            "research_to_sale_ratio": null,
            "price_fair": 38.5,
            "eps_avg_yearly": 1.1,
            "eps_latest_yearly": 0.44,
            "eps_growth_yearly": 1410
        },
        "20043": {
            "year_quarter": 20043,
            "year": 2004,
            "quarter": 3,
            "eps": 0.04,
            "eps_growth_year": -20,
            "eps_4q": 0.55,
            "eps_4q_growth_year": null,
            "roe": 0.37,
            "roe_4q": 5.04,
            "gross_profit": 70032,
            "gross_margin": 30.52,
            "gross_margin_4q_avg": 21.34,
            "net_income": 68316,
            "revenue": 229458,
            "common_shares": 16565158,
            "book_valuer_per_share": 11.3,
            "book_valuer_per_share_4q_avg": 11.35,
            "equity": 18723956,
            "current_ratio": 4644.72,
            "debt_ratio": 2.68,
            "inventory_turnover_ratio": 0.02,
            "account_receivable_turnover_ratio": null,
            "reinvestment_rate": null,
            "research_to_sale_ratio": null,
            "price_fair": 38.5,
            "eps_avg_yearly": 1.1,
            "eps_latest_yearly": 0.44,
            "eps_growth_yearly": 1410
        },
        "20044": {
            "year_quarter": 20044,
            "year": 2004,
            "quarter": 4,
            "eps": -0.08,
            "eps_growth_year": -118.18,
            "eps_4q": 0.04,
            "eps_4q_growth_year": -76.24,
            "roe": -0.73,
            "roe_4q": 0.31999999999999995,
            "gross_profit": 47824,
            "gross_margin": 7.16,
            "gross_margin_4q_avg": 17.96,
            "net_income": -136835,
            "revenue": 667819,
            "common_shares": 16565158,
            "book_valuer_per_share": 11.22,
            "book_valuer_per_share_4q_avg": 11.31,
            "equity": 18579973,
            "current_ratio": 2753.95,
            "debt_ratio": 4.03,
            "inventory_turnover_ratio": 0.07,
            "account_receivable_turnover_ratio": null,
            "reinvestment_rate": null,
            "research_to_sale_ratio": null,
            "price_fair": 38.5,
            "eps_avg_yearly": 1.1,
            "eps_latest_yearly": 0.44,
            "eps_growth_yearly": 1410
        },
        "20051": {
            "year_quarter": 20051,
            "year": 2005,
            "quarter": 1,
            "eps": 0.01,
            "eps_growth_year": -90.91,
            "eps_4q": -0.05,
            "eps_4q_growth_year": -119.94,
            "roe": 0.11,
            "roe_4q": -0.52,
            "gross_profit": 72349,
            "gross_margin": 18.92,
            "gross_margin_4q_avg": 17.97,
            "net_income": 20874,
            "revenue": 382304,
            "common_shares": 16565158,
            "book_valuer_per_share": 11.23,
            "book_valuer_per_share_4q_avg": 11.25,
            "equity": 18600847,
            "current_ratio": 2964.14,
            "debt_ratio": 3.83,
            "inventory_turnover_ratio": 0.03,
            "account_receivable_turnover_ratio": null,
            "reinvestment_rate": null,
            "research_to_sale_ratio": null,
            "price_fair": 38.5,
            "eps_avg_yearly": 1.1,
            "eps_latest_yearly": 0.44,
            "eps_growth_yearly": 1410
        },
        "20052": {
            "year_quarter": 20052,
            "year": 2005,
            "quarter": 2,
            "eps": 0.06,
            "eps_growth_year": null,
            "eps_4q": 0.03,
            "eps_4q_growth_year": -94.75,
            "roe": 0.51,
            "roe_4q": 0.26,
            "gross_profit": 88410,
            "gross_margin": 25.81,
            "gross_margin_4q_avg": 20.6,
            "net_income": 94926,
            "revenue": 342568,
            "common_shares": 16565158,
            "book_valuer_per_share": 11.28,
            "book_valuer_per_share_4q_avg": 11.26,
            "equity": 18691580,
            "current_ratio": 2909.16,
            "debt_ratio": 3.89,
            "inventory_turnover_ratio": 0.02,
            "account_receivable_turnover_ratio": null,
            "reinvestment_rate": null,
            "research_to_sale_ratio": null,
            "price_fair": 28.47,
            "eps_avg_yearly": 0.81,
            "eps_latest_yearly": 0.24,
            "eps_growth_yearly": 1606.67
        },
        "20053": {
            "year_quarter": 20053,
            "year": 2005,
            "quarter": 3,
            "eps": 0.03,
            "eps_growth_year": -25,
            "eps_4q": 0.02,
            "eps_4q_growth_year": -96.8,
            "roe": 0.27,
            "roe_4q": 0.16000000000000003,
            "gross_profit": 103958,
            "gross_margin": 39.84,
            "gross_margin_4q_avg": 22.93,
            "net_income": 50503,
            "revenue": 260947,
            "common_shares": 16565158,
            "book_valuer_per_share": 11.32,
            "book_valuer_per_share_4q_avg": 11.26,
            "equity": 18745809,
            "current_ratio": 2400.82,
            "debt_ratio": 4.38,
            "inventory_turnover_ratio": 0.01,
            "account_receivable_turnover_ratio": null,
            "reinvestment_rate": null,
            "research_to_sale_ratio": null,
            "price_fair": 22.4,
            "eps_avg_yearly": 0.64,
            "eps_latest_yearly": 0.12,
            "eps_growth_yearly": 1155
        },
        "20054": {
            "year_quarter": 20054,
            "year": 2005,
            "quarter": 4,
            "eps": -0.01,
            "eps_growth_year": null,
            "eps_4q": 0.09,
            "eps_4q_growth_year": 126.06,
            "roe": -0.12,
            "roe_4q": 0.77,
            "gross_profit": 67642,
            "gross_margin": 24.13,
            "gross_margin_4q_avg": 27.18,
            "net_income": -21876,
            "revenue": 280303,
            "common_shares": 16565158,
            "book_valuer_per_share": 11.29,
            "book_valuer_per_share_4q_avg": 11.28,
            "equity": 18711909,
            "current_ratio": 874.99,
            "debt_ratio": 10.32,
            "inventory_turnover_ratio": 0.02,
            "account_receivable_turnover_ratio": null,
            "reinvestment_rate": null,
            "research_to_sale_ratio": null,
            "price_fair": 22.4,
            "eps_avg_yearly": 0.64,
            "eps_latest_yearly": 0.12,
            "eps_growth_yearly": 1155
        },
        "20061": {
            "year_quarter": 20061,
            "year": 2006,
            "quarter": 1,
            "eps": 0.56,
            "eps_growth_year": 5500,
            "eps_4q": 0.63,
            "eps_4q_growth_year": null,
            "roe": 4.79,
            "roe_4q": 5.449999999999999,
            "gross_profit": 993034,
            "gross_margin": 38.6,
            "gross_margin_4q_avg": 32.1,
            "net_income": 931036,
            "revenue": 2572815,
            "common_shares": 16565158,
            "book_valuer_per_share": 12.16,
            "book_valuer_per_share_4q_avg": 11.51,
            "equity": 20149290,
            "current_ratio": 2429.35,
            "debt_ratio": 4.32,
            "inventory_turnover_ratio": 0.12,
            "account_receivable_turnover_ratio": null,
            "reinvestment_rate": -13.34,
            "research_to_sale_ratio": null,
            "price_fair": 22.4,
            "eps_avg_yearly": 0.64,
            "eps_latest_yearly": 0.12,
            "eps_growth_yearly": 1155
        },
        "20062": {
            "year_quarter": 20062,
            "year": 2006,
            "quarter": 2,
            "eps": 0.1,
            "eps_growth_year": 66.67,
            "eps_4q": 0.67,
            "eps_4q_growth_year": 2130.85,
            "roe": 0.83,
            "roe_4q": 5.77,
            "gross_profit": 82478,
            "gross_margin": 20.54,
            "gross_margin_4q_avg": 30.78,
            "net_income": 169345,
            "revenue": 401612,
            "common_shares": 16565158,
            "book_valuer_per_share": 12.6,
            "book_valuer_per_share_4q_avg": 11.84,
            "equity": 20873852,
            "current_ratio": 672.73,
            "debt_ratio": 11.55,
            "inventory_turnover_ratio": 0.02,
            "account_receivable_turnover_ratio": null,
            "reinvestment_rate": -10.15,
            "research_to_sale_ratio": null,
            "price_fair": 20.72,
            "eps_avg_yearly": 0.59,
            "eps_latest_yearly": 0.4,
            "eps_growth_yearly": 858.29
        },
        "20063": {
            "year_quarter": 20063,
            "year": 2006,
            "quarter": 3,
            "eps": 0.1,
            "eps_growth_year": 233.33,
            "eps_4q": 0.76,
            "eps_4q_growth_year": 4254.95,
            "roe": 0.78,
            "roe_4q": 6.28,
            "gross_profit": 191473,
            "gross_margin": 35.87,
            "gross_margin_4q_avg": 29.79,
            "net_income": 162834,
            "revenue": 533817,
            "common_shares": 16565158,
            "book_valuer_per_share": 12.64,
            "book_valuer_per_share_4q_avg": 12.17,
            "equity": 20933187,
            "current_ratio": 570.17,
            "debt_ratio": 13.62,
            "inventory_turnover_ratio": 0.03,
            "account_receivable_turnover_ratio": null,
            "reinvestment_rate": -8.8,
            "research_to_sale_ratio": null,
            "price_fair": 19.6,
            "eps_avg_yearly": 0.56,
            "eps_latest_yearly": 0.4,
            "eps_growth_yearly": 715.24
        },
        "20064": {
            "year_quarter": 20064,
            "year": 2006,
            "quarter": 4,
            "eps": -0.04,
            "eps_growth_year": null,
            "eps_4q": 0.87,
            "eps_4q_growth_year": 859.68,
            "roe": -0.3,
            "roe_4q": 6.1,
            "gross_profit": 104186,
            "gross_margin": 13.22,
            "gross_margin_4q_avg": 27.06,
            "net_income": -63182,
            "revenue": 788224,
            "common_shares": 16565158,
            "book_valuer_per_share": 12.86,
            "book_valuer_per_share_4q_avg": 12.57,
            "equity": 21305108,
            "current_ratio": 270.56,
            "debt_ratio": 27.51,
            "inventory_turnover_ratio": 0.04,
            "account_receivable_turnover_ratio": null,
            "reinvestment_rate": 295.69,
            "research_to_sale_ratio": null,
            "price_fair": 19.6,
            "eps_avg_yearly": 0.56,
            "eps_latest_yearly": 0.4,
            "eps_growth_yearly": 715.24
        },
        "20071": {
            "year_quarter": 20071,
            "year": 2007,
            "quarter": 1,
            "eps": 0.01,
            "eps_growth_year": -98.21,
            "eps_4q": 0.23,
            "eps_4q_growth_year": -64.28,
            "roe": 0.06,
            "roe_4q": 1.37,
            "gross_profit": 62842,
            "gross_margin": 11.16,
            "gross_margin_4q_avg": 20.2,
            "net_income": 12421,
            "revenue": 563233,
            "common_shares": 16565158,
            "book_valuer_per_share": 12.68,
            "book_valuer_per_share_4q_avg": 12.7,
            "equity": 21007818,
            "current_ratio": 492.15,
            "debt_ratio": 15.82,
            "inventory_turnover_ratio": 0.03,
            "account_receivable_turnover_ratio": null,
            "reinvestment_rate": -81.81,
            "research_to_sale_ratio": null,
            "price_fair": 19.6,
            "eps_avg_yearly": 0.56,
            "eps_latest_yearly": 0.4,
            "eps_growth_yearly": 715.24
        },
        "20072": {
            "year_quarter": 20072,
            "year": 2007,
            "quarter": 2,
            "eps": 0.23,
            "eps_growth_year": 130,
            "eps_4q": 0.3,
            "eps_4q_growth_year": -55.33,
            "roe": 1.83,
            "roe_4q": 2.37,
            "gross_profit": 549455,
            "gross_margin": 20.5,
            "gross_margin_4q_avg": 20.19,
            "net_income": 380127,
            "revenue": 2679807,
            "common_shares": 16565158,
            "book_valuer_per_share": 12.37,
            "book_valuer_per_share_4q_avg": 12.64,
            "equity": 20493393,
            "current_ratio": 382.28,
            "debt_ratio": 20.61,
            "inventory_turnover_ratio": 0.14,
            "account_receivable_turnover_ratio": null,
            "reinvestment_rate": -4.3,
            "research_to_sale_ratio": null,
            "price_fair": 21.4,
            "eps_avg_yearly": 0.61,
            "eps_latest_yearly": 0.92,
            "eps_growth_yearly": 1870.2
        },
        "20073": {
            "year_quarter": 20073,
            "year": 2007,
            "quarter": 3,
            "eps": 0.06,
            "eps_growth_year": -40,
            "eps_4q": 0.26,
            "eps_4q_growth_year": -65.88,
            "roe": 0.48,
            "roe_4q": 2.0700000000000003,
            "gross_profit": 279551,
            "gross_margin": 26.1,
            "gross_margin_4q_avg": 17.75,
            "net_income": 98752,
            "revenue": 1071277,
            "common_shares": 16565158,
            "book_valuer_per_share": 12.4,
            "book_valuer_per_share_4q_avg": 12.58,
            "equity": 20547109,
            "current_ratio": 368.72,
            "debt_ratio": 21.47,
            "inventory_turnover_ratio": 0.05,
            "account_receivable_turnover_ratio": null,
            "reinvestment_rate": -4.15,
            "research_to_sale_ratio": null,
            "price_fair": 19.78,
            "eps_avg_yearly": 0.57,
            "eps_latest_yearly": 0.24,
            "eps_growth_yearly": 1599.47
        },
        "20074": {
            "year_quarter": 20074,
            "year": 2007,
            "quarter": 4,
            "eps": 0.24,
            "eps_growth_year": null,
            "eps_4q": 0.53,
            "eps_4q_growth_year": -38.39,
            "roe": 1.95,
            "roe_4q": 4.319999999999999,
            "gross_profit": 483699,
            "gross_margin": 23.44,
            "gross_margin_4q_avg": 20.3,
            "net_income": 400116,
            "revenue": 2063165,
            "common_shares": 16565158,
            "book_valuer_per_share": 12.33,
            "book_valuer_per_share_4q_avg": 12.45,
            "equity": 20438558,
            "current_ratio": 203.14,
            "debt_ratio": 35.53,
            "inventory_turnover_ratio": 0.09,
            "account_receivable_turnover_ratio": null,
            "reinvestment_rate": 280.5,
            "research_to_sale_ratio": null,
            "price_fair": 16.28,
            "eps_avg_yearly": 0.47,
            "eps_latest_yearly": 0.96,
            "eps_growth_yearly": 1359.47
        },
        "20081": {
            "year_quarter": 20081,
            "year": 2008,
            "quarter": 1,
            "eps": 0.08,
            "eps_growth_year": 700,
            "eps_4q": 0.59,
            "eps_4q_growth_year": 158.47,
            "roe": 0.67,
            "roe_4q": 4.93,
            "gross_profit": 288007,
            "gross_margin": 27.01,
            "gross_margin_4q_avg": 24.26,
            "net_income": 139059,
            "revenue": 1066436,
            "common_shares": 16565158,
            "book_valuer_per_share": 12.68,
            "book_valuer_per_share_4q_avg": 12.45,
            "equity": 21018991,
            "current_ratio": 213.52,
            "debt_ratio": 34.17,
            "inventory_turnover_ratio": 0.04,
            "account_receivable_turnover_ratio": null,
            "reinvestment_rate": 281.26,
            "research_to_sale_ratio": null,
            "price_fair": 15.75,
            "eps_avg_yearly": 0.45,
            "eps_latest_yearly": 0.32,
            "eps_growth_yearly": 1363.64
        },
        "20082": {
            "year_quarter": 20082,
            "year": 2008,
            "quarter": 2,
            "eps": 0.11,
            "eps_growth_year": -52.17,
            "eps_4q": 0.51,
            "eps_4q_growth_year": 71.65,
            "roe": 0.86,
            "roe_4q": 3.96,
            "gross_profit": 386963,
            "gross_margin": 39.94,
            "gross_margin_4q_avg": 29.12,
            "net_income": 174840,
            "revenue": 968880,
            "common_shares": 16565158,
            "book_valuer_per_share": 11.96,
            "book_valuer_per_share_4q_avg": 12.34,
            "equity": 19820917,
            "current_ratio": 202.07,
            "debt_ratio": 36.04,
            "inventory_turnover_ratio": 0.03,
            "account_receivable_turnover_ratio": null,
            "reinvestment_rate": 250.14,
            "research_to_sale_ratio": null,
            "price_fair": 15.71,
            "eps_avg_yearly": 0.45,
            "eps_latest_yearly": 0.44,
            "eps_growth_yearly": 1228.79
        },
        "20083": {
            "year_quarter": 20083,
            "year": 2008,
            "quarter": 3,
            "eps": 0.13,
            "eps_growth_year": 116.67,
            "eps_4q": 0.56,
            "eps_4q_growth_year": 113.67,
            "roe": 1.12,
            "roe_4q": 4.6,
            "gross_profit": 261453,
            "gross_margin": 16.88,
            "gross_margin_4q_avg": 26.82,
            "net_income": 217866,
            "revenue": 1548438,
            "common_shares": 16565158,
            "book_valuer_per_share": 11.42,
            "book_valuer_per_share_4q_avg": 12.1,
            "equity": 18926297,
            "current_ratio": 204.34,
            "debt_ratio": 35.08,
            "inventory_turnover_ratio": 0.07,
            "account_receivable_turnover_ratio": null,
            "reinvestment_rate": 235.84,
            "research_to_sale_ratio": null,
            "price_fair": 15.96,
            "eps_avg_yearly": 0.46,
            "eps_latest_yearly": 0.52,
            "eps_growth_yearly": 1113.18
        },
        "20084": {
            "year_quarter": 20084,
            "year": 2008,
            "quarter": 4,
            "eps": -0.1,
            "eps_growth_year": -141.67,
            "eps_4q": 0.22,
            "eps_4q_growth_year": -58.94,
            "roe": -0.9,
            "roe_4q": 1.75,
            "gross_profit": -24560,
            "gross_margin": -4.75,
            "gross_margin_4q_avg": 19.77,
            "net_income": -168007,
            "revenue": 517150,
            "common_shares": 16565158,
            "book_valuer_per_share": 11.13,
            "book_valuer_per_share_4q_avg": 11.8,
            "equity": 18451439,
            "current_ratio": 197.54,
            "debt_ratio": 36.29,
            "inventory_turnover_ratio": 0.03,
            "account_receivable_turnover_ratio": 10.8,
            "reinvestment_rate": 185.04,
            "research_to_sale_ratio": null,
            "price_fair": 15.96,
            "eps_avg_yearly": 0.46,
            "eps_latest_yearly": 0.52,
            "eps_growth_yearly": 1113.18
        },
        "20091": {
            "year_quarter": 20091,
            "year": 2009,
            "quarter": 1,
            "eps": 0.04,
            "eps_growth_year": -50,
            "eps_4q": 0.16,
            "eps_4q_growth_year": -72,
            "roe": 0.39,
            "roe_4q": 1.4700000000000002,
            "gross_profit": 151435,
            "gross_margin": 16.13,
            "gross_margin_4q_avg": 17.05,
            "net_income": 72162,
            "revenue": 938811,
            "common_shares": 16565158,
            "book_valuer_per_share": 10.99,
            "book_valuer_per_share_4q_avg": 11.38,
            "equity": 18213780,
            "current_ratio": 202.27,
            "debt_ratio": 35.16,
            "inventory_turnover_ratio": 0.04,
            "account_receivable_turnover_ratio": 12.68,
            "reinvestment_rate": 179.79,
            "research_to_sale_ratio": null,
            "price_fair": 15.96,
            "eps_avg_yearly": 0.46,
            "eps_latest_yearly": 0.52,
            "eps_growth_yearly": 1113.18
        },
        "20092": {
            "year_quarter": 20092,
            "year": 2009,
            "quarter": 2,
            "eps": 0.03,
            "eps_growth_year": -72.73,
            "eps_4q": 0.1,
            "eps_4q_growth_year": -80.54,
            "roe": 0.28,
            "roe_4q": 0.8900000000000001,
            "gross_profit": 182782,
            "gross_margin": 16.75,
            "gross_margin_4q_avg": 11.25,
            "net_income": 52198,
            "revenue": 1091320,
            "common_shares": 16565158,
            "book_valuer_per_share": 11.58,
            "book_valuer_per_share_4q_avg": 11.28,
            "equity": 19195849,
            "current_ratio": 221.25,
            "debt_ratio": 32.49,
            "inventory_turnover_ratio": 0.05,
            "account_receivable_turnover_ratio": 24.29,
            "reinvestment_rate": 186.84,
            "research_to_sale_ratio": null,
            "price_fair": 15.54,
            "eps_avg_yearly": 0.44,
            "eps_latest_yearly": 0.12,
            "eps_growth_yearly": 903.18
        },
        "20093": {
            "year_quarter": 20093,
            "year": 2009,
            "quarter": 3,
            "eps": 0.1,
            "eps_growth_year": -23.08,
            "eps_4q": 0.07,
            "eps_4q_growth_year": -86.67,
            "roe": 0.89,
            "roe_4q": 0.66,
            "gross_profit": 277853,
            "gross_margin": 22.17,
            "gross_margin_4q_avg": 12.58,
            "net_income": 172604,
            "revenue": 1253455,
            "common_shares": 16565158,
            "book_valuer_per_share": 11.87,
            "book_valuer_per_share_4q_avg": 11.39,
            "equity": 19680998,
            "current_ratio": 239.4,
            "debt_ratio": 30.11,
            "inventory_turnover_ratio": 0.06,
            "account_receivable_turnover_ratio": 21.98,
            "reinvestment_rate": 177.1,
            "research_to_sale_ratio": null,
            "price_fair": 16.52,
            "eps_avg_yearly": 0.47,
            "eps_latest_yearly": 0.4,
            "eps_growth_yearly": 1016.52
        },
        "20094": {
            "year_quarter": 20094,
            "year": 2009,
            "quarter": 4,
            "eps": 0.16,
            "eps_growth_year": null,
            "eps_4q": 0.34,
            "eps_4q_growth_year": 54.84,
            "roe": 1.34,
            "roe_4q": 2.9,
            "gross_profit": 414766,
            "gross_margin": 21.93,
            "gross_margin_4q_avg": 19.25,
            "net_income": 266935,
            "revenue": 1891725,
            "common_shares": 16565158,
            "book_valuer_per_share": 12.21,
            "book_valuer_per_share_4q_avg": 11.66,
            "equity": 20239138,
            "current_ratio": 275.49,
            "debt_ratio": 26.42,
            "inventory_turnover_ratio": 0.09,
            "account_receivable_turnover_ratio": 27.74,
            "reinvestment_rate": 168.39,
            "research_to_sale_ratio": null,
            "price_fair": 17.05,
            "eps_avg_yearly": 0.49,
            "eps_latest_yearly": 0.64,
            "eps_growth_yearly": 945.92
        },
        "20101": {
            "year_quarter": 20101,
            "year": 2010,
            "quarter": 1,
            "eps": 0.06,
            "eps_growth_year": 50,
            "eps_4q": 0.36,
            "eps_4q_growth_year": 116.64,
            "roe": 0.48,
            "roe_4q": 2.99,
            "gross_profit": 197384,
            "gross_margin": 27.47,
            "gross_margin_4q_avg": 22.08,
            "net_income": 97323,
            "revenue": 718506,
            "common_shares": 16565158,
            "book_valuer_per_share": 12.09,
            "book_valuer_per_share_4q_avg": 11.94,
            "equity": 20039160,
            "current_ratio": 260.73,
            "debt_ratio": 28.2,
            "inventory_turnover_ratio": 0.03,
            "account_receivable_turnover_ratio": 4.99,
            "reinvestment_rate": 288.61,
            "research_to_sale_ratio": null,
            "price_fair": 16.33,
            "eps_avg_yearly": 0.47,
            "eps_latest_yearly": 0.24,
            "eps_growth_yearly": 846.26
        },
        "20102": {
            "year_quarter": 20102,
            "year": 2010,
            "quarter": 2,
            "eps": 0.36,
            "eps_growth_year": 1110.94,
            "eps_4q": 0.69,
            "eps_4q_growth_year": 590.85,
            "roe": 3.04,
            "roe_4q": 5.75,
            "gross_profit": 748044,
            "gross_margin": 33.97,
            "gross_margin_4q_avg": 26.39,
            "net_income": 601943,
            "revenue": 2201833,
            "common_shares": 16565158,
            "book_valuer_per_share": 11.84,
            "book_valuer_per_share_4q_avg": 12,
            "equity": 19617196,
            "current_ratio": 231.3,
            "debt_ratio": 31.87,
            "inventory_turnover_ratio": 0.09,
            "account_receivable_turnover_ratio": 20.51,
            "reinvestment_rate": 245.36,
            "research_to_sale_ratio": null,
            "price_fair": 19.37,
            "eps_avg_yearly": 0.55,
            "eps_latest_yearly": 1.44,
            "eps_growth_yearly": 1040.31
        },
        "20103": {
            "year_quarter": 20103,
            "year": 2010,
            "quarter": 3,
            "eps": 0.22,
            "eps_growth_year": 120.71,
            "eps_4q": 0.8,
            "eps_4q_growth_year": 985.18,
            "roe": 1.84,
            "roe_4q": 6.699999999999999,
            "gross_profit": 460846,
            "gross_margin": 37.6,
            "gross_margin_4q_avg": 30.24,
            "net_income": 365702,
            "revenue": 1225792,
            "common_shares": 16565158,
            "book_valuer_per_share": 12.2,
            "book_valuer_per_share_4q_avg": 12.09,
            "equity": 20218234,
            "current_ratio": 252.86,
            "debt_ratio": 29.26,
            "inventory_turnover_ratio": 0.04,
            "account_receivable_turnover_ratio": 12.87,
            "reinvestment_rate": 220.38,
            "research_to_sale_ratio": null,
            "price_fair": 20.77,
            "eps_avg_yearly": 0.59,
            "eps_latest_yearly": 0.88,
            "eps_growth_yearly": 1027.35
        },
        "20104": {
            "year_quarter": 20104,
            "year": 2010,
            "quarter": 4,
            "eps": -0.04,
            "eps_growth_year": -122.23,
            "eps_4q": 0.61,
            "eps_4q_growth_year": 78.61,
            "roe": -0.29,
            "roe_4q": 5.07,
            "gross_profit": 75945,
            "gross_margin": 27.83,
            "gross_margin_4q_avg": 31.72,
            "net_income": -58634,
            "revenue": 272882,
            "common_shares": 16565158,
            "book_valuer_per_share": 12.38,
            "book_valuer_per_share_4q_avg": 12.13,
            "equity": 20514050,
            "current_ratio": 233.71,
            "debt_ratio": 32.2,
            "inventory_turnover_ratio": 0.01,
            "account_receivable_turnover_ratio": 1.88,
            "reinvestment_rate": 37.85,
            "research_to_sale_ratio": null,
            "price_fair": 20.77,
            "eps_avg_yearly": 0.59,
            "eps_latest_yearly": 0.88,
            "eps_growth_yearly": 1027.35
        },
        "20111": {
            "year_quarter": 20111,
            "year": 2011,
            "quarter": 1,
            "eps": -0.03,
            "eps_growth_year": -150,
            "eps_4q": 0.51,
            "eps_4q_growth_year": 44.72,
            "roe": -0.28,
            "roe_4q": 4.3100000000000005,
            "gross_profit": 98976,
            "gross_margin": 35.5,
            "gross_margin_4q_avg": 33.73,
            "net_income": -56706,
            "revenue": 278784,
            "common_shares": 16565158,
            "book_valuer_per_share": 12.22,
            "book_valuer_per_share_4q_avg": 12.16,
            "equity": 20293958,
            "current_ratio": 200.04,
            "debt_ratio": 38.68,
            "inventory_turnover_ratio": 0.01,
            "account_receivable_turnover_ratio": 1.9,
            "reinvestment_rate": 221.48,
            "research_to_sale_ratio": null,
            "price_fair": 20.77,
            "eps_avg_yearly": 0.59,
            "eps_latest_yearly": 0.88,
            "eps_growth_yearly": 1027.35
        },
        "20112": {
            "year_quarter": 20112,
            "year": 2011,
            "quarter": 2,
            "eps": 0.13,
            "eps_growth_year": -64.68,
            "eps_4q": 0.28,
            "eps_4q_growth_year": -59.38,
            "roe": 1.07,
            "roe_4q": 2.34,
            "gross_profit": 306316,
            "gross_margin": 31.05,
            "gross_margin_4q_avg": 33,
            "net_income": 212287,
            "revenue": 986445,
            "common_shares": 16565158,
            "book_valuer_per_share": 11.76,
            "book_valuer_per_share_4q_avg": 12.14,
            "equity": 19525513,
            "current_ratio": 182.62,
            "debt_ratio": 42.85,
            "inventory_turnover_ratio": 0.03,
            "account_receivable_turnover_ratio": 7.23,
            "reinvestment_rate": 233.87,
            "research_to_sale_ratio": null,
            "price_fair": 19.73,
            "eps_avg_yearly": 0.56,
            "eps_latest_yearly": 0.88,
            "eps_growth_yearly": 320.74
        },
        "20113": {
            "year_quarter": 20113,
            "year": 2011,
            "quarter": 3,
            "eps": 0.13,
            "eps_growth_year": -40.48,
            "eps_4q": 0.19,
            "eps_4q_growth_year": -76.39,
            "roe": 1.12,
            "roe_4q": 1.6200000000000003,
            "gross_profit": 339139,
            "gross_margin": 30.66,
            "gross_margin_4q_avg": 31.26,
            "net_income": 216961,
            "revenue": 1106252,
            "common_shares": 16565158,
            "book_valuer_per_share": 11.56,
            "book_valuer_per_share_4q_avg": 11.98,
            "equity": 19182218,
            "current_ratio": 176.32,
            "debt_ratio": 43.51,
            "inventory_turnover_ratio": 0.03,
            "account_receivable_turnover_ratio": 8.28,
            "reinvestment_rate": 240.57,
            "research_to_sale_ratio": null,
            "price_fair": 20.62,
            "eps_avg_yearly": 0.59,
            "eps_latest_yearly": 0.52,
            "eps_growth_yearly": 347.62
        },
        "20114": {
            "year_quarter": 20114,
            "year": 2011,
            "quarter": 4,
            "eps": 1.65,
            "eps_growth_year": null,
            "eps_4q": 1.87,
            "eps_4q_growth_year": 208.65,
            "roe": 13.35,
            "roe_4q": 15.26,
            "gross_profit": 2915377,
            "gross_margin": 57.11,
            "gross_margin_4q_avg": 38.58,
            "net_income": 2729198,
            "revenue": 5104662,
            "common_shares": 16565158,
            "book_valuer_per_share": 13.08,
            "book_valuer_per_share_4q_avg": 12.16,
            "equity": 21703167,
            "current_ratio": 205.96,
            "debt_ratio": 38.11,
            "inventory_turnover_ratio": 0.1,
            "account_receivable_turnover_ratio": 33.04,
            "reinvestment_rate": -16.96,
            "research_to_sale_ratio": null,
            "price_fair": 38.56,
            "eps_avg_yearly": 1.1,
            "eps_latest_yearly": 6.6,
            "eps_growth_yearly": 663.71
        },
        "20121": {
            "year_quarter": 20121,
            "year": 2012,
            "quarter": 1,
            "eps": 0.17,
            "eps_growth_year": null,
            "eps_4q": 2.08,
            "eps_4q_growth_year": 304.13,
            "roe": 1.28,
            "roe_4q": 16.82,
            "gross_profit": 403201,
            "gross_margin": 31.93,
            "gross_margin_4q_avg": 37.69,
            "net_income": 280935,
            "revenue": 1262705,
            "common_shares": 16565158,
            "book_valuer_per_share": 13.33,
            "book_valuer_per_share_4q_avg": 12.43,
            "equity": 22114022,
            "current_ratio": 192.18,
            "debt_ratio": 41.15,
            "inventory_turnover_ratio": 0.04,
            "account_receivable_turnover_ratio": 7.93,
            "reinvestment_rate": -13.14,
            "research_to_sale_ratio": null,
            "price_fair": 39.71,
            "eps_avg_yearly": 1.13,
            "eps_latest_yearly": 0.68,
            "eps_growth_yearly": 655.33
        },
        "20122": {
            "year_quarter": 20122,
            "year": 2012,
            "quarter": 2,
            "eps": 0.49,
            "eps_growth_year": 282.8,
            "eps_4q": 2.44,
            "eps_4q_growth_year": 774.3,
            "roe": 3.76,
            "roe_4q": 19.51,
            "gross_profit": 1151788,
            "gross_margin": 42.83,
            "gross_margin_4q_avg": 40.63,
            "net_income": 811009,
            "revenue": 2688987,
            "common_shares": 16565158,
            "book_valuer_per_share": 12.69,
            "book_valuer_per_share_4q_avg": 12.67,
            "equity": 21060242,
            "current_ratio": 179.43,
            "debt_ratio": 45.56,
            "inventory_turnover_ratio": 0.06,
            "account_receivable_turnover_ratio": 17.79,
            "reinvestment_rate": -6.75,
            "research_to_sale_ratio": null,
            "price_fair": 44.55,
            "eps_avg_yearly": 1.27,
            "eps_latest_yearly": 1.96,
            "eps_growth_yearly": 710.14
        },
        "20123": {
            "year_quarter": 20123,
            "year": 2012,
            "quarter": 3,
            "eps": 0.14,
            "eps_growth_year": 7.64,
            "eps_4q": 2.45,
            "eps_4q_growth_year": 1191.16,
            "roe": 1,
            "roe_4q": 19.39,
            "gross_profit": 511988,
            "gross_margin": 20.51,
            "gross_margin_4q_avg": 38.1,
            "net_income": 214847,
            "revenue": 2495941,
            "common_shares": 16565158,
            "book_valuer_per_share": 12.97,
            "book_valuer_per_share_4q_avg": 13.02,
            "equity": 22022904,
            "current_ratio": 194.77,
            "debt_ratio": 45.24,
            "inventory_turnover_ratio": 0.08,
            "account_receivable_turnover_ratio": 13.86,
            "reinvestment_rate": 24.76,
            "research_to_sale_ratio": null,
            "price_fair": 44.67,
            "eps_avg_yearly": 1.28,
            "eps_latest_yearly": 0.56,
            "eps_growth_yearly": 677.56
        },
        "20124": {
            "year_quarter": 20124,
            "year": 2012,
            "quarter": 4,
            "eps": 0.22,
            "eps_growth_year": -86.87,
            "eps_4q": 1.02,
            "eps_4q_growth_year": -45.65,
            "roe": 1.53,
            "roe_4q": 7.57,
            "gross_profit": 584413,
            "gross_margin": 36.79,
            "gross_margin_4q_avg": 33.02,
            "net_income": 339327,
            "revenue": 1588700,
            "common_shares": 16565158,
            "book_valuer_per_share": 13.19,
            "book_valuer_per_share_4q_avg": 13.05,
            "equity": 22361603,
            "current_ratio": 192.17,
            "debt_ratio": 48.77,
            "inventory_turnover_ratio": 0.04,
            "account_receivable_turnover_ratio": 6.97,
            "reinvestment_rate": 56.31,
            "research_to_sale_ratio": null,
            "price_fair": 43.52,
            "eps_avg_yearly": 1.24,
            "eps_latest_yearly": 0.88,
            "eps_growth_yearly": 640.14
        },
        "20131": {
            "year_quarter": 20131,
            "year": 2013,
            "quarter": 1,
            "eps": 0.23,
            "eps_growth_year": 35.29,
            "eps_4q": 1.08,
            "eps_4q_growth_year": -48.12,
            "roe": 1.57,
            "roe_4q": 7.859999999999999,
            "gross_profit": 510878,
            "gross_margin": 34.78,
            "gross_margin_4q_avg": 33.73,
            "net_income": 362220,
            "revenue": 1469035,
            "common_shares": 16565158,
            "book_valuer_per_share": 14.04,
            "book_valuer_per_share_4q_avg": 13.22,
            "equity": 23776584,
            "current_ratio": 195.88,
            "debt_ratio": 47.31,
            "inventory_turnover_ratio": 0.04,
            "account_receivable_turnover_ratio": 6.26,
            "reinvestment_rate": -103.33,
            "research_to_sale_ratio": null,
            "price_fair": 42.65,
            "eps_avg_yearly": 1.22,
            "eps_latest_yearly": 0.92,
            "eps_growth_yearly": 592.3
        },
        "20132": {
            "year_quarter": 20132,
            "year": 2013,
            "quarter": 2,
            "eps": 0.57,
            "eps_growth_year": 16.06,
            "eps_4q": 1.16,
            "eps_4q_growth_year": -52.63,
            "roe": 3.87,
            "roe_4q": 7.970000000000001,
            "gross_profit": 1313077,
            "gross_margin": 32.21,
            "gross_margin_4q_avg": 31.07,
            "net_income": 914843,
            "revenue": 4076921,
            "common_shares": 16565158,
            "book_valuer_per_share": 13.63,
            "book_valuer_per_share_4q_avg": 13.46,
            "equity": 23534000,
            "current_ratio": 187.43,
            "debt_ratio": 48.22,
            "inventory_turnover_ratio": 0.11,
            "account_receivable_turnover_ratio": 22.28,
            "reinvestment_rate": -92.21,
            "research_to_sale_ratio": null,
            "price_fair": 48.46,
            "eps_avg_yearly": 1.38,
            "eps_latest_yearly": 2.28,
            "eps_growth_yearly": 645.48
        },
        "20133": {
            "year_quarter": 20133,
            "year": 2013,
            "quarter": 3,
            "eps": 0.15,
            "eps_growth_year": 6.08,
            "eps_4q": 1.16,
            "eps_4q_growth_year": -52.55,
            "roe": 0.96,
            "roe_4q": 7.930000000000001,
            "gross_profit": 432188,
            "gross_margin": 29.86,
            "gross_margin_4q_avg": 33.41,
            "net_income": 227187,
            "revenue": 1447204,
            "common_shares": 16565158,
            "book_valuer_per_share": 13.83,
            "book_valuer_per_share_4q_avg": 13.67,
            "equity": 23828377,
            "current_ratio": 183.6,
            "debt_ratio": 49.51,
            "inventory_turnover_ratio": 0.04,
            "account_receivable_turnover_ratio": 7.26,
            "reinvestment_rate": -89.74,
            "research_to_sale_ratio": null,
            "price_fair": 49,
            "eps_avg_yearly": 1.4,
            "eps_latest_yearly": 0.6,
            "eps_growth_yearly": 551.01
        },
        "20134": {
            "year_quarter": 20134,
            "year": 2013,
            "quarter": 4,
            "eps": 0.07,
            "eps_growth_year": -66.55,
            "eps_4q": 1.02,
            "eps_4q_growth_year": 0.04,
            "roe": 0.33,
            "roe_4q": 6.73,
            "gross_profit": 333997,
            "gross_margin": 29.09,
            "gross_margin_4q_avg": 31.49,
            "net_income": 79712,
            "revenue": 1147979,
            "common_shares": 16565158,
            "book_valuer_per_share": 14.16,
            "book_valuer_per_share_4q_avg": 13.92,
            "equity": 24387183,
            "current_ratio": 177.42,
            "debt_ratio": 51.57,
            "inventory_turnover_ratio": 0.03,
            "account_receivable_turnover_ratio": 5.05,
            "reinvestment_rate": -91.94,
            "research_to_sale_ratio": null,
            "price_fair": 48.03,
            "eps_avg_yearly": 1.37,
            "eps_latest_yearly": 0.28,
            "eps_growth_yearly": 516.14
        },
        "20141": {
            "year_quarter": 20141,
            "year": 2014,
            "quarter": 1,
            "eps": -0.05,
            "eps_growth_year": -121.74,
            "eps_4q": 0.74,
            "eps_4q_growth_year": -31.45,
            "roe": -0.47,
            "roe_4q": 4.69,
            "gross_profit": 188550,
            "gross_margin": 17.93,
            "gross_margin_4q_avg": 27.27,
            "net_income": -112959,
            "revenue": 1051342,
            "common_shares": 16565158,
            "book_valuer_per_share": 13.96,
            "book_valuer_per_share_4q_avg": 13.9,
            "equity": 24008537,
            "current_ratio": 170.41,
            "debt_ratio": 53.87,
            "inventory_turnover_ratio": 0.03,
            "account_receivable_turnover_ratio": 4.99,
            "reinvestment_rate": -91.67,
            "research_to_sale_ratio": null,
            "price_fair": 51.33,
            "eps_avg_yearly": 1.47,
            "eps_latest_yearly": 0.28,
            "eps_growth_yearly": 579.98
        },
        "20142": {
            "year_quarter": 20142,
            "year": 2014,
            "quarter": 2,
            "eps": 0.21,
            "eps_growth_year": -63.16,
            "eps_4q": 0.38,
            "eps_4q_growth_year": -66.71,
            "roe": 1.4,
            "roe_4q": 2.2199999999999998,
            "gross_profit": 699010,
            "gross_margin": 34.19,
            "gross_margin_4q_avg": 27.77,
            "net_income": 328128,
            "revenue": 2044408,
            "common_shares": 16565158,
            "book_valuer_per_share": 13.23,
            "book_valuer_per_share_4q_avg": 13.8,
            "equity": 22764634,
            "current_ratio": 160.73,
            "debt_ratio": 58.06,
            "inventory_turnover_ratio": 0.05,
            "account_receivable_turnover_ratio": 9.53,
            "reinvestment_rate": -81.63,
            "research_to_sale_ratio": null,
            "price_fair": 51.42,
            "eps_avg_yearly": 1.47,
            "eps_latest_yearly": 0.28,
            "eps_growth_yearly": 450.89
        },
        "20143": {
            "year_quarter": 20143,
            "year": 2014,
            "quarter": 3,
            "eps": 0.27,
            "eps_growth_year": 80,
            "eps_4q": 0.51,
            "eps_4q_growth_year": -56.25,
            "roe": 1.92,
            "roe_4q": 3.1799999999999997,
            "gross_profit": 579303,
            "gross_margin": 34.45,
            "gross_margin_4q_avg": 28.92,
            "net_income": 445658,
            "revenue": 1681642,
            "common_shares": 16565158,
            "book_valuer_per_share": 13.8,
            "book_valuer_per_share_4q_avg": 13.79,
            "equity": 23736244,
            "current_ratio": 173.81,
            "debt_ratio": 57.77,
            "inventory_turnover_ratio": 0.04,
            "account_receivable_turnover_ratio": 6.98,
            "reinvestment_rate": -73.92,
            "research_to_sale_ratio": null,
            "price_fair": 52.05,
            "eps_avg_yearly": 1.49,
            "eps_latest_yearly": 1.08,
            "eps_growth_yearly": 475.42
        },
        "20144": {
            "year_quarter": 20144,
            "year": 2014,
            "quarter": 4,
            "eps": 1.35,
            "eps_growth_year": 1760.33,
            "eps_4q": 1.78,
            "eps_4q_growth_year": 74.99,
            "roe": 8.9,
            "roe_4q": 11.75,
            "gross_profit": 2855074,
            "gross_margin": 55.82,
            "gross_margin_4q_avg": 35.6,
            "net_income": 2200602,
            "revenue": 5114986,
            "common_shares": 16565158,
            "book_valuer_per_share": 14.97,
            "book_valuer_per_share_4q_avg": 13.99,
            "equity": 25693341,
            "current_ratio": 185.67,
            "debt_ratio": 55.03,
            "inventory_turnover_ratio": 0.07,
            "account_receivable_turnover_ratio": 22.19,
            "reinvestment_rate": -56.68,
            "research_to_sale_ratio": null,
            "price_fair": 63.47,
            "eps_avg_yearly": 1.81,
            "eps_latest_yearly": 5.4,
            "eps_growth_yearly": 569.14
        },
        "20151": {
            "year_quarter": 20151,
            "year": 2015,
            "quarter": 1,
            "eps": 0.91,
            "eps_growth_year": null,
            "eps_4q": 2.75,
            "eps_4q_growth_year": 271.64,
            "roe": 5.57,
            "roe_4q": 17.79,
            "gross_profit": 1845456,
            "gross_margin": 47.18,
            "gross_margin_4q_avg": 42.91,
            "net_income": 1477547,
            "revenue": 3911530,
            "common_shares": 16565158,
            "book_valuer_per_share": 15.99,
            "book_valuer_per_share_4q_avg": 14.5,
            "equity": 27351903,
            "current_ratio": 193.15,
            "debt_ratio": 53.43,
            "inventory_turnover_ratio": 0.06,
            "account_receivable_turnover_ratio": 20.23,
            "reinvestment_rate": -46.21,
            "research_to_sale_ratio": null,
            "price_fair": 68.38,
            "eps_avg_yearly": 1.95,
            "eps_latest_yearly": 3.64,
            "eps_growth_yearly": 515.33
        },
        "20152": {
            "year_quarter": 20152,
            "year": 2015,
            "quarter": 2,
            "eps": 0.2,
            "eps_growth_year": -4.76,
            "eps_4q": 2.73,
            "eps_4q_growth_year": 609.9,
            "roe": 1.14,
            "roe_4q": 17.53,
            "gross_profit": 659879,
            "gross_margin": 31.98,
            "gross_margin_4q_avg": 42.36,
            "net_income": 304054,
            "revenue": 2063400,
            "common_shares": 16565158,
            "book_valuer_per_share": 15.28,
            "book_valuer_per_share_4q_avg": 15.01,
            "equity": 26146131,
            "current_ratio": 180.43,
            "debt_ratio": 55.79,
            "inventory_turnover_ratio": 0.04,
            "account_receivable_turnover_ratio": 10.11,
            "reinvestment_rate": -45.16,
            "research_to_sale_ratio": null,
            "price_fair": 65.5,
            "eps_avg_yearly": 1.87,
            "eps_latest_yearly": 0.8,
            "eps_growth_yearly": 456.23
        },
        "20153": {
            "year_quarter": 20153,
            "year": 2015,
            "quarter": 3,
            "eps": 0.01,
            "eps_growth_year": -96.3,
            "eps_4q": 2.47,
            "eps_4q_growth_year": 384.68,
            "roe": -0.09,
            "roe_4q": 15.52,
            "gross_profit": 161374,
            "gross_margin": 23.14,
            "gross_margin_4q_avg": 39.53,
            "net_income": -24551,
            "revenue": 697240,
            "common_shares": 16565158,
            "book_valuer_per_share": 14.95,
            "book_valuer_per_share_4q_avg": 15.3,
            "equity": 25617263,
            "current_ratio": 175.68,
            "debt_ratio": 57.55,
            "inventory_turnover_ratio": 0.02,
            "account_receivable_turnover_ratio": 3.17,
            "reinvestment_rate": -48.55,
            "research_to_sale_ratio": null,
            "price_fair": 64.3,
            "eps_avg_yearly": 1.84,
            "eps_latest_yearly": 0.04,
            "eps_growth_yearly": 429.08
        },
        "20154": {
            "year_quarter": 20154,
            "year": 2015,
            "quarter": 4,
            "eps": 0.29,
            "eps_growth_year": -78.8,
            "eps_4q": 1.4,
            "eps_4q_growth_year": -21.21,
            "roe": 1.69,
            "roe_4q": 8.31,
            "gross_profit": 813682,
            "gross_margin": 25.62,
            "gross_margin_4q_avg": 31.98,
            "net_income": 437074,
            "revenue": 3176047,
            "common_shares": 16565158,
            "book_valuer_per_share": 15.25,
            "book_valuer_per_share_4q_avg": 15.37,
            "equity": 26059107,
            "current_ratio": 172.74,
            "debt_ratio": 57.92,
            "inventory_turnover_ratio": 0.07,
            "account_receivable_turnover_ratio": 15.68,
            "reinvestment_rate": -43.16,
            "research_to_sale_ratio": null,
            "price_fair": 50.7,
            "eps_avg_yearly": 1.45,
            "eps_latest_yearly": 1.16,
            "eps_growth_yearly": 895.02
        },
        "20161": {
            "year_quarter": 20161,
            "year": 2016,
            "quarter": 1,
            "eps": 0.16,
            "eps_growth_year": -82.42,
            "eps_4q": 0.65,
            "eps_4q_growth_year": -76.19,
            "roe": 0.88,
            "roe_4q": 3.62,
            "gross_profit": 530101,
            "gross_margin": 24.54,
            "gross_margin_4q_avg": 26.32,
            "net_income": 229236,
            "revenue": 2160566,
            "common_shares": 16565158,
            "book_valuer_per_share": 15.13,
            "book_valuer_per_share_4q_avg": 15.15,
            "equity": 25838417,
            "current_ratio": 167.6,
            "debt_ratio": 58.29,
            "inventory_turnover_ratio": 0.05,
            "account_receivable_turnover_ratio": 11.48,
            "reinvestment_rate": -44.17,
            "research_to_sale_ratio": null,
            "price_fair": 50.6,
            "eps_avg_yearly": 1.45,
            "eps_latest_yearly": 0.64,
            "eps_growth_yearly": 907.84
        },
        "20162": {
            "year_quarter": 20162,
            "year": 2016,
            "quarter": 2,
            "eps": 0.61,
            "eps_growth_year": 205,
            "eps_4q": 1.06,
            "eps_4q_growth_year": -61.26,
            "roe": 3.69,
            "roe_4q": 6.17,
            "gross_profit": 1642101,
            "gross_margin": 29.74,
            "gross_margin_4q_avg": 25.76,
            "net_income": 966771,
            "revenue": 5521231,
            "common_shares": 16565158,
            "book_valuer_per_share": 15.65,
            "book_valuer_per_share_4q_avg": 15.25,
            "equity": 26628896,
            "current_ratio": 202.93,
            "debt_ratio": 55.63,
            "inventory_turnover_ratio": 0.11,
            "account_receivable_turnover_ratio": 27.17,
            "reinvestment_rate": -43.89,
            "research_to_sale_ratio": null,
            "price_fair": 51.8,
            "eps_avg_yearly": 1.48,
            "eps_latest_yearly": 2.44,
            "eps_growth_yearly": 934.41
        },
        "20163": {
            "year_quarter": 20163,
            "year": 2016,
            "quarter": 3,
            "eps": 0.47,
            "eps_growth_year": 4600,
            "eps_4q": 2.07,
            "eps_4q_growth_year": -16.14,
            "roe": 2.47,
            "roe_4q": 8.73,
            "gross_profit": 855208,
            "gross_margin": 22.47,
            "gross_margin_4q_avg": 25.59,
            "net_income": 603094,
            "revenue": 3806407,
            "common_shares": 11595611,
            "book_valuer_per_share": 18.59,
            "book_valuer_per_share_4q_avg": 16.16,
            "equity": 22227024,
            "current_ratio": 152.82,
            "debt_ratio": 62.14,
            "inventory_turnover_ratio": 0.09,
            "account_receivable_turnover_ratio": 13.7,
            "reinvestment_rate": -62.84,
            "research_to_sale_ratio": null,
            "price_fair": 55.1,
            "eps_avg_yearly": 1.57,
            "eps_latest_yearly": 1.88,
            "eps_growth_yearly": 948.26
        },
        "20164": {
            "year_quarter": 20164,
            "year": 2016,
            "quarter": 4,
            "eps": 0.94,
            "eps_growth_year": 230.18,
            "eps_4q": 2.6,
            "eps_4q_growth_year": 85.27,
            "roe": 4.54,
            "roe_4q": 11.58,
            "gross_profit": 1482587,
            "gross_margin": 20.57,
            "gross_margin_4q_avg": 24.33,
            "net_income": 1039144,
            "revenue": 7207322,
            "common_shares": 11595611,
            "book_valuer_per_share": 19.82,
            "book_valuer_per_share_4q_avg": 17.3,
            "equity": 23579527,
            "current_ratio": 275.12,
            "debt_ratio": 57.46,
            "inventory_turnover_ratio": 0.18,
            "account_receivable_turnover_ratio": 25.92,
            "reinvestment_rate": -80.24,
            "research_to_sale_ratio": null,
            "price_fair": 62.3,
            "eps_avg_yearly": 1.78,
            "eps_latest_yearly": 3.76,
            "eps_growth_yearly": 960.51
        },
        "20171": {
            "year_quarter": 20171,
            "year": 2017,
            "quarter": 1,
            "eps": 0.57,
            "eps_growth_year": 256.25,
            "eps_4q": 2.95,
            "eps_4q_growth_year": 350.53,
            "roe": 2.6,
            "roe_4q": 13.3,
            "gross_profit": 923439,
            "gross_margin": 18.52,
            "gross_margin_4q_avg": 22.83,
            "net_income": 619893,
            "revenue": 4984854,
            "common_shares": 11595611,
            "book_valuer_per_share": 20.3,
            "book_valuer_per_share_4q_avg": 18.59,
            "equity": 24102112,
            "current_ratio": 292.63,
            "debt_ratio": 54.35,
            "inventory_turnover_ratio": 0.14,
            "account_receivable_turnover_ratio": 21.3,
            "reinvestment_rate": 23.18,
            "research_to_sale_ratio": null,
            "price_fair": 65.7,
            "eps_avg_yearly": 1.88,
            "eps_latest_yearly": 2.28,
            "eps_growth_yearly": 947.96
        },
        "20172": {
            "year_quarter": 20172,
            "year": 2017,
            "quarter": 2,
            "eps": 0.14,
            "eps_growth_year": -77.05,
            "eps_4q": 2.22,
            "eps_4q_growth_year": 109.4,
            "roe": 0.49,
            "roe_4q": 10.1,
            "gross_profit": 517942,
            "gross_margin": 23.13,
            "gross_margin_4q_avg": 21.17,
            "net_income": 113269,
            "revenue": 2238922,
            "common_shares": 11595611,
            "book_valuer_per_share": 18.95,
            "book_valuer_per_share_4q_avg": 19.42,
            "equity": 22494058,
            "current_ratio": 258.73,
            "debt_ratio": 57.92,
            "inventory_turnover_ratio": 0.06,
            "account_receivable_turnover_ratio": 10.27,
            "reinvestment_rate": 23.94,
            "research_to_sale_ratio": null,
            "price_fair": 61.4,
            "eps_avg_yearly": 1.75,
            "eps_latest_yearly": 0.56,
            "eps_growth_yearly": 884.17
        },
        "20173": {
            "year_quarter": 20173,
            "year": 2017,
            "quarter": 3,
            "eps": 0.11,
            "eps_growth_year": -76.6,
            "eps_4q": 1.76,
            "eps_4q_growth_year": -14.77,
            "roe": 0.32,
            "roe_4q": 7.95,
            "gross_profit": 307442,
            "gross_margin": 21.16,
            "gross_margin_4q_avg": 20.85,
            "net_income": 71749,
            "revenue": 1453074,
            "common_shares": 11595611,
            "book_valuer_per_share": 18.93,
            "book_valuer_per_share_4q_avg": 19.5,
            "equity": 22444912,
            "current_ratio": 248.03,
            "debt_ratio": 58.44,
            "inventory_turnover_ratio": 0.04,
            "account_receivable_turnover_ratio": 6.86,
            "reinvestment_rate": 22.28,
            "research_to_sale_ratio": null,
            "price_fair": 61,
            "eps_avg_yearly": 1.74,
            "eps_latest_yearly": 0.44,
            "eps_growth_yearly": 899.1
        },
        "20174": {
            "year_quarter": 20174,
            "year": 2017,
            "quarter": 4,
            "eps": 0.43,
            "eps_growth_year": -54.79,
            "eps_4q": 1.25,
            "eps_4q_growth_year": -52.13,
            "roe": 1.91,
            "roe_4q": 5.32,
            "gross_profit": 837988,
            "gross_margin": 23.32,
            "gross_margin_4q_avg": 21.53,
            "net_income": 436714,
            "revenue": 3593332,
            "common_shares": 11595611,
            "book_valuer_per_share": 19.64,
            "book_valuer_per_share_4q_avg": 19.46,
            "equity": 23224162,
            "current_ratio": 267.76,
            "debt_ratio": 56.8,
            "inventory_turnover_ratio": 0.09,
            "account_receivable_turnover_ratio": 13.61,
            "reinvestment_rate": 20.06,
            "research_to_sale_ratio": null,
            "price_fair": 64.6,
            "eps_avg_yearly": 1.85,
            "eps_latest_yearly": 1.72,
            "eps_growth_yearly": 997.46
        },
        "20181": {
            "year_quarter": 20181,
            "year": 2018,
            "quarter": 1,
            "eps": 0.33,
            "eps_growth_year": -42.11,
            "eps_4q": 1,
            "eps_4q_growth_year": -65.89,
            "roe": 1.35,
            "roe_4q": 4.069999999999999,
            "gross_profit": 569690,
            "gross_margin": 22.35,
            "gross_margin_4q_avg": 22.49,
            "net_income": 318286,
            "revenue": 2548653,
            "common_shares": 11595611,
            "book_valuer_per_share": 20.38,
            "book_valuer_per_share_4q_avg": 19.48,
            "equity": 24063170,
            "current_ratio": 248.96,
            "debt_ratio": 55.96,
            "inventory_turnover_ratio": 0.07,
            "account_receivable_turnover_ratio": 10.76,
            "reinvestment_rate": 1.39,
            "research_to_sale_ratio": null,
            "price_fair": 63.37,
            "eps_avg_yearly": 1.81,
            "eps_latest_yearly": 1.32,
            "eps_growth_yearly": 924.76
        },
        "20182": {
            "year_quarter": 20182,
            "year": 2018,
            "quarter": 2,
            "eps": 0.5,
            "eps_growth_year": 257.14,
            "eps_4q": 1.37,
            "eps_4q_growth_year": -38.3,
            "roe": 2.45,
            "roe_4q": 6.03,
            "gross_profit": 910021,
            "gross_margin": 35.96,
            "gross_margin_4q_avg": 25.7,
            "net_income": 576605,
            "revenue": 2530655,
            "common_shares": 11595611,
            "book_valuer_per_share": 19.57,
            "book_valuer_per_share_4q_avg": 19.63,
            "equity": 23083618,
            "current_ratio": 193.86,
            "debt_ratio": 58.78,
            "inventory_turnover_ratio": 0.06,
            "account_receivable_turnover_ratio": 11.82,
            "reinvestment_rate": -7.85,
            "research_to_sale_ratio": null,
            "price_fair": 63.79,
            "eps_avg_yearly": 1.82,
            "eps_latest_yearly": 2,
            "eps_growth_yearly": 879.84
        },
        "20183": {
            "year_quarter": 20183,
            "year": 2018,
            "quarter": 3,
            "eps": 1.49,
            "eps_growth_year": 1254.55,
            "eps_4q": 2.74,
            "eps_4q_growth_year": 55.74,
            "roe": 10.1,
            "roe_4q": 15.81,
            "gross_profit": 796363,
            "gross_margin": 31.1,
            "gross_margin_4q_avg": 28.18,
            "net_income": 2412429,
            "revenue": 2560481,
            "common_shares": 11595611,
            "book_valuer_per_share": 21.05,
            "book_valuer_per_share_4q_avg": 20.16,
            "equity": 24666907,
            "current_ratio": 210.83,
            "debt_ratio": 51.98,
            "inventory_turnover_ratio": 0.06,
            "account_receivable_turnover_ratio": 10.98,
            "reinvestment_rate": -4.87,
            "research_to_sale_ratio": null,
            "price_fair": 74.46,
            "eps_avg_yearly": 2.13,
            "eps_latest_yearly": 5.96,
            "eps_growth_yearly": 922.2
        },
        "20184": {
            "year_quarter": 20184,
            "year": 2018,
            "quarter": 4,
            "eps": 0.79,
            "eps_growth_year": 86.4,
            "eps_4q": 3.11,
            "eps_4q_growth_year": 149.86,
            "roe": 3.74,
            "roe_4q": 17.64,
            "gross_profit": 1442125,
            "gross_margin": 21.67,
            "gross_margin_4q_avg": 27.77,
            "net_income": 934477,
            "revenue": 6654981,
            "common_shares": 11595611,
            "book_valuer_per_share": 21.62,
            "book_valuer_per_share_4q_avg": 20.66,
            "equity": 25341549,
            "current_ratio": 173.24,
            "debt_ratio": 48.04,
            "inventory_turnover_ratio": 0.18,
            "account_receivable_turnover_ratio": 18.84,
            "reinvestment_rate": -3.32,
            "research_to_sale_ratio": null,
            "price_fair": 69.56,
            "eps_avg_yearly": 1.99,
            "eps_latest_yearly": 3.16,
            "eps_growth_yearly": 810.45
        },
        "20191": {
            "year_quarter": 20191,
            "year": 2019,
            "quarter": 1,
            "eps": 0.03,
            "eps_growth_year": -90.91,
            "eps_4q": 2.81,
            "eps_4q_growth_year": 179.84,
            "roe": 0.2,
            "roe_4q": 16.49,
            "gross_profit": 416337,
            "gross_margin": 22.43,
            "gross_margin_4q_avg": 27.79,
            "net_income": 49574,
            "revenue": 1856337,
            "common_shares": 11595611,
            "book_valuer_per_share": 21.59,
            "book_valuer_per_share_4q_avg": 20.96,
            "equity": 25232770,
            "current_ratio": 172.99,
            "debt_ratio": 52.53,
            "inventory_turnover_ratio": 0.05,
            "account_receivable_turnover_ratio": 5.62,
            "reinvestment_rate": 24.48,
            "research_to_sale_ratio": null,
            "price_fair": 61.86,
            "eps_avg_yearly": 1.77,
            "eps_latest_yearly": 0.12,
            "eps_growth_yearly": 794.55
        },
        "20192": {
            "year_quarter": 20192,
            "year": 2019,
            "quarter": 2,
            "eps": 0.39,
            "eps_growth_year": -22,
            "eps_4q": 2.71,
            "eps_4q_growth_year": 97.83,
            "roe": 1.9,
            "roe_4q": 15.94,
            "gross_profit": 892677,
            "gross_margin": 26.48,
            "gross_margin_4q_avg": 25.42,
            "net_income": 458161,
            "revenue": 3371254,
            "common_shares": 11595611,
            "book_valuer_per_share": 19.82,
            "book_valuer_per_share_4q_avg": 21.02,
            "equity": 23066355,
            "current_ratio": 153.3,
            "debt_ratio": 55.56,
            "inventory_turnover_ratio": 0.1,
            "account_receivable_turnover_ratio": 16.97,
            "reinvestment_rate": 24.09,
            "research_to_sale_ratio": null,
            "price_fair": 63.53,
            "eps_avg_yearly": 1.82,
            "eps_latest_yearly": 1.56,
            "eps_growth_yearly": 1114.06
        },
        "20193": {
            "year_quarter": 20193,
            "year": 2019,
            "quarter": 3,
            "eps": -0.02,
            "eps_growth_year": -101.34,
            "eps_4q": 1.19,
            "eps_4q_growth_year": -56.52,
            "roe": -0.12,
            "roe_4q": 5.72,
            "gross_profit": 384656,
            "gross_margin": 29.39,
            "gross_margin_4q_avg": 24.99,
            "net_income": -27214,
            "revenue": 1308779,
            "common_shares": 11595611,
            "book_valuer_per_share": 19.72,
            "book_valuer_per_share_4q_avg": 20.69,
            "equity": 22954262,
            "current_ratio": 150.27,
            "debt_ratio": 57.66,
            "inventory_turnover_ratio": 0.03,
            "account_receivable_turnover_ratio": 4.9,
            "reinvestment_rate": 22.16,
            "research_to_sale_ratio": null,
            "price_fair": 67.67,
            "eps_avg_yearly": 1.93,
            "eps_latest_yearly": 1.56,
            "eps_growth_yearly": 1213.66
        },
        "20194": {
            "year_quarter": 20194,
            "year": 2019,
            "quarter": 4,
            "eps": 0.78,
            "eps_growth_year": -1.44,
            "eps_4q": 1.18,
            "eps_4q_growth_year": -62.03,
            "roe": 3.88,
            "roe_4q": 5.86,
            "gross_profit": 1468919,
            "gross_margin": 28.87,
            "gross_margin_4q_avg": 26.79,
            "net_income": 919837,
            "revenue": 5087558,
            "common_shares": 11595611,
            "book_valuer_per_share": 21.02,
            "book_valuer_per_share_4q_avg": 20.54,
            "equity": 24482050,
            "current_ratio": 164.76,
            "debt_ratio": 54.44,
            "inventory_turnover_ratio": 0.13,
            "account_receivable_turnover_ratio": 16.45,
            "reinvestment_rate": 13.75,
            "research_to_sale_ratio": null,
            "price_fair": 69.6,
            "eps_avg_yearly": 1.99,
            "eps_latest_yearly": 1.56,
            "eps_growth_yearly": 500.35
        },
        "20201": {
            "year_quarter": 20201,
            "year": 2020,
            "quarter": 1,
            "eps": -0.15,
            "eps_growth_year": -600,
            "eps_4q": 1,
            "eps_4q_growth_year": -64.55,
            "roe": -0.74,
            "roe_4q": 4.92,
            "gross_profit": 188235,
            "gross_margin": 22.37,
            "gross_margin_4q_avg": 26.78,
            "net_income": -179718,
            "revenue": 841417,
            "common_shares": 11595611,
            "book_valuer_per_share": 20.5,
            "book_valuer_per_share_4q_avg": 20.27,
            "equity": 23875095,
            "current_ratio": 158.94,
            "debt_ratio": 57.79,
            "inventory_turnover_ratio": 0.02,
            "account_receivable_turnover_ratio": 3.56,
            "reinvestment_rate": 14.02,
            "research_to_sale_ratio": null,
            "price_fair": 73.23,
            "eps_avg_yearly": 2.09,
            "eps_latest_yearly": 1.56,
            "eps_growth_yearly": 552.63
        },
        "20202": {
            "year_quarter": 20202,
            "year": 2020,
            "quarter": 2,
            "eps": 0.21,
            "eps_growth_year": -46.15,
            "eps_4q": 0.82,
            "eps_4q_growth_year": -69.81,
            "roe": 1.06,
            "roe_4q": 4.08,
            "gross_profit": 455319,
            "gross_margin": 22.03,
            "gross_margin_4q_avg": 25.67,
            "net_income": 250920,
            "revenue": 2066467,
            "common_shares": 11595611,
            "book_valuer_per_share": 20.06,
            "book_valuer_per_share_4q_avg": 20.33,
            "equity": 23391667,
            "current_ratio": 147.19,
            "debt_ratio": 59.61,
            "inventory_turnover_ratio": 0.05,
            "account_receivable_turnover_ratio": 11.3,
            "reinvestment_rate": 14.27,
            "research_to_sale_ratio": null,
            "price_fair": 72.22,
            "eps_avg_yearly": 2.06,
            "eps_latest_yearly": 1.56,
            "eps_growth_yearly": 504.94
        },
        "20203": {
            "year_quarter": 20203,
            "year": 2020,
            "quarter": 3,
            "eps": 0.27,
            "eps_growth_year": null,
            "eps_4q": 1.11,
            "eps_4q_growth_year": -6.87,
            "roe": 1.37,
            "roe_4q": 5.57,
            "gross_profit": 704252,
            "gross_margin": 24.17,
            "gross_margin_4q_avg": 24.36,
            "net_income": 323498,
            "revenue": 2913566,
            "common_shares": 11595611,
            "book_valuer_per_share": 19.97,
            "book_valuer_per_share_4q_avg": 20.39,
            "equity": 23734416,
            "current_ratio": 151.08,
            "debt_ratio": 60.03,
            "inventory_turnover_ratio": 0.07,
            "account_receivable_turnover_ratio": 8.31,
            "reinvestment_rate": 23.16,
            "research_to_sale_ratio": null,
            "price_fair": 69.88,
            "eps_avg_yearly": 2,
            "eps_latest_yearly": 1.08,
            "eps_growth_yearly": 522.11
        },
        "20204": {
            "year_quarter": 20204,
            "year": 2020,
            "quarter": 4,
            "eps": 0.95,
            "eps_growth_year": 21.5,
            "eps_4q": 1.28,
            "eps_4q_growth_year": 8.28,
            "roe": 4.57,
            "roe_4q": 6.26,
            "gross_profit": 1810956,
            "gross_margin": 22.21,
            "gross_margin_4q_avg": 22.7,
            "net_income": 1122087,
            "revenue": 8152161,
            "common_shares": 11595611,
            "book_valuer_per_share": 21.09,
            "book_valuer_per_share_4q_avg": 20.41,
            "equity": 25399128,
            "current_ratio": 157.84,
            "debt_ratio": 57.31,
            "inventory_turnover_ratio": 0.21,
            "account_receivable_turnover_ratio": 16.2,
            "reinvestment_rate": 25.83,
            "research_to_sale_ratio": null,
            "price_fair": 70,
            "eps_avg_yearly": 2,
            "eps_latest_yearly": 3.8,
            "eps_growth_yearly": 572.73
        },
        "20211": {
            "year_quarter": 20211,
            "year": 2021,
            "quarter": 1,
            "eps": -0.01,
            "eps_growth_year": null,
            "eps_4q": 1.42,
            "eps_4q_growth_year": 42.83,
            "roe": -0.02,
            "roe_4q": 6.98,
            "gross_profit": 525843,
            "gross_margin": 19.05,
            "gross_margin_4q_avg": 21.87,
            "net_income": -3978,
            "revenue": 2759948,
            "common_shares": 11595611,
            "book_valuer_per_share": 21.35,
            "book_valuer_per_share_4q_avg": 20.62,
            "equity": 25706858,
            "current_ratio": 162.82,
            "debt_ratio": 55.62,
            "inventory_turnover_ratio": 0.08,
            "account_receivable_turnover_ratio": 7.25,
            "reinvestment_rate": 23.66,
            "research_to_sale_ratio": null,
            "price_fair": 69.11,
            "eps_avg_yearly": 1.97,
            "eps_latest_yearly": 3.8,
            "eps_growth_yearly": 639.11
        },
        "20212": {
            "year_quarter": 20212,
            "year": 2021,
            "quarter": 2,
            "eps": -0.26,
            "eps_growth_year": -223.81,
            "eps_4q": 0.95,
            "eps_4q_growth_year": 16.14,
            "roe": -1.21,
            "roe_4q": 4.710000000000001,
            "gross_profit": 118561,
            "gross_margin": 9.82,
            "gross_margin_4q_avg": 18.81,
            "net_income": -301667,
            "revenue": 1207518,
            "common_shares": 11595611,
            "book_valuer_per_share": 20.16,
            "book_valuer_per_share_4q_avg": 20.64,
            "equity": 24282050,
            "current_ratio": 149.9,
            "debt_ratio": 62.47,
            "inventory_turnover_ratio": 0.03,
            "account_receivable_turnover_ratio": 4.89,
            "reinvestment_rate": 26.62,
            "research_to_sale_ratio": null,
            "price_fair": 74.06,
            "eps_avg_yearly": 2.12,
            "eps_latest_yearly": 3.8,
            "eps_growth_yearly": 733.19
        },
        "20213": {
            "year_quarter": 20213,
            "year": 2021,
            "quarter": 3,
            "eps": 0.08,
            "eps_growth_year": -70.37,
            "eps_4q": 0.76,
            "eps_4q_growth_year": -31.27,
            "roe": 0.3,
            "roe_4q": 3.6400000000000006,
            "gross_profit": 421942,
            "gross_margin": 17.26,
            "gross_margin_4q_avg": 17.09,
            "net_income": 72490,
            "revenue": 2444065,
            "common_shares": 11595611,
            "book_valuer_per_share": 20.46,
            "book_valuer_per_share_4q_avg": 20.77,
            "equity": 24603517,
            "current_ratio": 153.9,
            "debt_ratio": 62.74,
            "inventory_turnover_ratio": 0.06,
            "account_receivable_turnover_ratio": 8.9,
            "reinvestment_rate": 29.33,
            "research_to_sale_ratio": null,
            "price_fair": 80.58,
            "eps_avg_yearly": 2.3,
            "eps_latest_yearly": 3.8,
            "eps_growth_yearly": 824.18
        },
        "20214": {
            "year_quarter": 20214,
            "year": 2021,
            "quarter": 4,
            "eps": 0.92,
            "eps_growth_year": -3.47,
            "eps_4q": 0.73,
            "eps_4q_growth_year": -42.89,
            "roe": 4.23,
            "roe_4q": 3.3000000000000003,
            "gross_profit": 1654088,
            "gross_margin": 27.28,
            "gross_margin_4q_avg": 18.35,
            "net_income": 1076655,
            "revenue": 6064487,
            "common_shares": 11595611,
            "book_valuer_per_share": 21.94,
            "book_valuer_per_share_4q_avg": 20.98,
            "equity": 26334835,
            "current_ratio": 181.32,
            "debt_ratio": 61.41,
            "inventory_turnover_ratio": 0.12,
            "account_receivable_turnover_ratio": 15.02,
            "reinvestment_rate": 25.7,
            "research_to_sale_ratio": null,
            "price_fair": 88.2,
            "eps_avg_yearly": 2.52,
            "eps_latest_yearly": 3.68,
            "eps_growth_yearly": 1161.56
        },
        "20221": {
            "year_quarter": 20221,
            "year": 2022,
            "quarter": 1,
            "eps": -0.19,
            "eps_growth_year": null,
            "eps_4q": 0.55,
            "eps_4q_growth_year": -61.49,
            "roe": -0.82,
            "roe_4q": 2.5000000000000004,
            "gross_profit": 229561,
            "gross_margin": 21.96,
            "gross_margin_4q_avg": 19.08,
            "net_income": -218659,
            "revenue": 1045214,
            "common_shares": 11595611,
            "book_valuer_per_share": 21.76,
            "book_valuer_per_share_4q_avg": 21.08,
            "equity": 27015770,
            "current_ratio": 195.72,
            "debt_ratio": 62.61,
            "inventory_turnover_ratio": 0.02,
            "account_receivable_turnover_ratio": 2.73,
            "reinvestment_rate": 53.8,
            "research_to_sale_ratio": null,
            "price_fair": 93.45,
            "eps_avg_yearly": 2.67,
            "eps_latest_yearly": 3.68,
            "eps_growth_yearly": 1318.38
        },
        "20222": {
            "year_quarter": 20222,
            "year": 2022,
            "quarter": 2,
            "eps": -0.09,
            "eps_growth_year": null,
            "eps_4q": 0.72,
            "eps_4q_growth_year": -23.63,
            "roe": -0.29,
            "roe_4q": 3.4200000000000004,
            "gross_profit": 457920,
            "gross_margin": 19.46,
            "gross_margin_4q_avg": 21.49,
            "net_income": -77336,
            "revenue": 2353618,
            "common_shares": 11595611,
            "book_valuer_per_share": 20.37,
            "book_valuer_per_share_4q_avg": 21.13,
            "equity": 26785322,
            "current_ratio": 160.13,
            "debt_ratio": 68.38,
            "inventory_turnover_ratio": 0.04,
            "account_receivable_turnover_ratio": 6.14,
            "reinvestment_rate": 174.72,
            "research_to_sale_ratio": null,
            "price_fair": 96.8,
            "eps_avg_yearly": 2.77,
            "eps_latest_yearly": 3.68,
            "eps_growth_yearly": 1477.28
        },
        "20223": {
            "year_quarter": 20223,
            "year": 2022,
            "quarter": 3,
            "eps": 0.38,
            "eps_growth_year": 375,
            "eps_4q": 1.02,
            "eps_4q_growth_year": 33.1,
            "roe": 1.82,
            "roe_4q": 4.94,
            "gross_profit": 973468,
            "gross_margin": 21.28,
            "gross_margin_4q_avg": 22.5,
            "net_income": 487757,
            "revenue": 4575249,
            "common_shares": 11595611,
            "book_valuer_per_share": 20.22,
            "book_valuer_per_share_4q_avg": 21.07,
            "equity": 26684744,
            "current_ratio": 161.23,
            "debt_ratio": 69.28,
            "inventory_turnover_ratio": 0.08,
            "account_receivable_turnover_ratio": 8.09,
            "reinvestment_rate": 70.2,
            "research_to_sale_ratio": null,
            "price_fair": 78.17,
            "eps_avg_yearly": 2.23,
            "eps_latest_yearly": 3.68,
            "eps_growth_yearly": 1591.49
        },
        "20224": {
            "year_quarter": 20224,
            "year": 2022,
            "quarter": 4,
            "eps": 0.94,
            "eps_growth_year": 2.7,
            "eps_4q": 1.04,
            "eps_4q_growth_year": 42.5,
            "roe": 4.15,
            "roe_4q": 4.86,
            "gross_profit": 2118105,
            "gross_margin": 24.02,
            "gross_margin_4q_avg": 21.68,
            "net_income": 1108580,
            "revenue": 8817651,
            "common_shares": 11595611,
            "book_valuer_per_share": 21.22,
            "book_valuer_per_share_4q_avg": 20.89,
            "equity": 26757935,
            "current_ratio": 188.04,
            "debt_ratio": 66.59,
            "inventory_turnover_ratio": 0.16,
            "account_receivable_turnover_ratio": 15.3,
            "reinvestment_rate": 95.66,
            "research_to_sale_ratio": null,
            "price_fair": 81.67,
            "eps_avg_yearly": 2.33,
            "eps_latest_yearly": 3.76,
            "eps_growth_yearly": 1721.06
        },
        "20231": {
            "year_quarter": 20231,
            "year": 2023,
            "quarter": 1,
            "eps": 0.12,
            "eps_growth_year": null,
            "eps_4q": 1.35,
            "eps_4q_growth_year": 146.74,
            "roe": 0.57,
            "roe_4q": 6.250000000000001,
            "gross_profit": 713602,
            "gross_margin": 24.81,
            "gross_margin_4q_avg": 22.39,
            "net_income": 153020,
            "revenue": 2875746,
            "common_shares": 11595611,
            "book_valuer_per_share": 21.26,
            "book_valuer_per_share_4q_avg": 20.77,
            "equity": 26888713,
            "current_ratio": 192.45,
            "debt_ratio": 65.67,
            "inventory_turnover_ratio": 0.05,
            "account_receivable_turnover_ratio": 6.01,
            "reinvestment_rate": 38.7,
            "research_to_sale_ratio": null,
            "price_fair": 83.77,
            "eps_avg_yearly": 2.39,
            "eps_latest_yearly": 0.48,
            "eps_growth_yearly": 1727.04
        }
    },
    "months": {
        "2001-06": {
            "month": "2001-06",
            "price": "7.24",
            "revenue": 517148
        },
        "2001-07": {
            "month": "2001-07",
            "price": "6.56",
            "revenue": 262420
        },
        "2001-08": {
            "month": "2001-08",
            "price": "7.21",
            "revenue": 224077
        },
        "2001-09": {
            "month": "2001-09",
            "price": "7.44",
            "revenue": 157766
        },
        "2001-10": {
            "month": "2001-10",
            "price": "7.71",
            "revenue": 297219
        },
        "2001-11": {
            "month": "2001-11",
            "price": "7.95",
            "revenue": 185215
        },
        "2001-12": {
            "month": "2001-12",
            "price": "8.44",
            "revenue": 215316
        },
        "2002-01": {
            "month": "2002-01",
            "price": "8.42",
            "revenue": 127263
        },
        "2002-02": {
            "month": "2002-02",
            "price": "7.95",
            "revenue": 129715
        },
        "2002-03": {
            "month": "2002-03",
            "price": "8.36",
            "revenue": 222056
        },
        "2002-04": {
            "month": "2002-04",
            "price": "9.50",
            "revenue": 196019
        },
        "2002-05": {
            "month": "2002-05",
            "price": "9.14",
            "revenue": 414278
        },
        "2002-06": {
            "month": "2002-06",
            "price": "9.18",
            "revenue": 371182
        },
        "2002-07": {
            "month": "2002-07",
            "price": "8.89",
            "revenue": 362792
        },
        "2002-08": {
            "month": "2002-08",
            "price": "7.85",
            "revenue": 254554
        },
        "2002-09": {
            "month": "2002-09",
            "price": "7.61",
            "revenue": 263730
        },
        "2002-10": {
            "month": "2002-10",
            "price": "7.57",
            "revenue": 266945
        },
        "2002-11": {
            "month": "2002-11",
            "price": "7.88",
            "revenue": 228737
        },
        "2002-12": {
            "month": "2002-12",
            "price": "7.78",
            "revenue": 203758
        },
        "2003-01": {
            "month": "2003-01",
            "price": "8.62",
            "revenue": 567961
        },
        "2003-02": {
            "month": "2003-02",
            "price": "8.27",
            "revenue": 183437
        },
        "2003-03": {
            "month": "2003-03",
            "price": "8.00",
            "revenue": 316678
        },
        "2003-04": {
            "month": "2003-04",
            "price": "8.38",
            "revenue": 218710
        },
        "2003-05": {
            "month": "2003-05",
            "price": "7.99",
            "revenue": 346536
        },
        "2003-06": {
            "month": "2003-06",
            "price": "8.71",
            "revenue": 204577
        },
        "2003-07": {
            "month": "2003-07",
            "price": "9.92",
            "revenue": 736511
        },
        "2003-08": {
            "month": "2003-08",
            "price": "10.86",
            "revenue": 159035
        },
        "2003-09": {
            "month": "2003-09",
            "price": "13.16",
            "revenue": 195161
        },
        "2003-10": {
            "month": "2003-10",
            "price": "13.88",
            "revenue": 215457
        },
        "2003-11": {
            "month": "2003-11",
            "price": "12.54",
            "revenue": 297018
        },
        "2003-12": {
            "month": "2003-12",
            "price": "12.52",
            "revenue": 221002
        },
        "2004-01": {
            "month": "2004-01",
            "price": "15.72",
            "revenue": 241753
        },
        "2004-02": {
            "month": "2004-02",
            "price": "19.38",
            "revenue": 160774
        },
        "2004-03": {
            "month": "2004-03",
            "price": "19.15",
            "revenue": 204566
        },
        "2004-04": {
            "month": "2004-04",
            "price": "17.85",
            "revenue": 116191
        },
        "2004-05": {
            "month": "2004-05",
            "price": "16.21",
            "revenue": 90709
        },
        "2004-06": {
            "month": "2004-06",
            "price": "17.93",
            "revenue": 140651
        },
        "2004-07": {
            "month": "2004-07",
            "price": "17.09",
            "revenue": 67301
        },
        "2004-08": {
            "month": "2004-08",
            "price": "16.01",
            "revenue": 65812
        },
        "2004-09": {
            "month": "2004-09",
            "price": "18.32",
            "revenue": 96345
        },
        "2004-10": {
            "month": "2004-10",
            "price": "18.42",
            "revenue": 146118
        },
        "2004-11": {
            "month": "2004-11",
            "price": "17.65",
            "revenue": 226538
        },
        "2004-12": {
            "month": "2004-12",
            "price": "18.15",
            "revenue": 295049
        },
        "2005-01": {
            "month": "2005-01",
            "price": "18.86",
            "revenue": 149134
        },
        "2005-02": {
            "month": "2005-02",
            "price": "18.71",
            "revenue": 111559
        },
        "2005-03": {
            "month": "2005-03",
            "price": "17.73",
            "revenue": 121611
        },
        "2005-04": {
            "month": "2005-04",
            "price": "15.03",
            "revenue": 101500
        },
        "2005-05": {
            "month": "2005-05",
            "price": "14.40",
            "revenue": 153615
        },
        "2005-06": {
            "month": "2005-06",
            "price": "15.29",
            "revenue": 87453
        },
        "2005-07": {
            "month": "2005-07",
            "price": "14.49",
            "revenue": 76591
        },
        "2005-08": {
            "month": "2005-08",
            "price": "14.38",
            "revenue": 71933
        },
        "2005-09": {
            "month": "2005-09",
            "price": "13.43",
            "revenue": 112423
        },
        "2005-10": {
            "month": "2005-10",
            "price": "11.16",
            "revenue": 125112
        },
        "2005-11": {
            "month": "2005-11",
            "price": "10.23",
            "revenue": 47401
        },
        "2005-12": {
            "month": "2005-12",
            "price": "12.46",
            "revenue": 107790
        },
        "2006-01": {
            "month": "2006-01",
            "price": "14.62",
            "revenue": 24967
        },
        "2006-02": {
            "month": "2006-02",
            "price": "14.87",
            "revenue": 2471065
        },
        "2006-03": {
            "month": "2006-03",
            "price": "15.14",
            "revenue": 76784
        },
        "2006-04": {
            "month": "2006-04",
            "price": "17.98",
            "revenue": 21632
        },
        "2006-05": {
            "month": "2006-05",
            "price": "24.18",
            "revenue": 34924
        },
        "2006-06": {
            "month": "2006-06",
            "price": "21.88",
            "revenue": 345055
        },
        "2006-07": {
            "month": "2006-07",
            "price": "21.58",
            "revenue": 123298
        },
        "2006-08": {
            "month": "2006-08",
            "price": "19.65",
            "revenue": 196128
        },
        "2006-09": {
            "month": "2006-09",
            "price": "19.63",
            "revenue": 214391
        },
        "2006-10": {
            "month": "2006-10",
            "price": "21.23",
            "revenue": 54977
        },
        "2006-11": {
            "month": "2006-11",
            "price": "22.15",
            "revenue": 110627
        },
        "2006-12": {
            "month": "2006-12",
            "price": "23.92",
            "revenue": 622620
        },
        "2007-01": {
            "month": "2007-01",
            "price": "20.57",
            "revenue": 123179
        },
        "2007-02": {
            "month": "2007-02",
            "price": "20.56",
            "revenue": 104016
        },
        "2007-03": {
            "month": "2007-03",
            "price": "19.82",
            "revenue": 336038
        },
        "2007-04": {
            "month": "2007-04",
            "price": "19.44",
            "revenue": 158961
        },
        "2007-05": {
            "month": "2007-05",
            "price": "19.24",
            "revenue": 1712033
        },
        "2007-06": {
            "month": "2007-06",
            "price": "18.86",
            "revenue": 808813
        },
        "2007-07": {
            "month": "2007-07",
            "price": "20.65",
            "revenue": 379828
        },
        "2007-08": {
            "month": "2007-08",
            "price": "16.71",
            "revenue": 442400
        },
        "2007-09": {
            "month": "2007-09",
            "price": "15.65",
            "revenue": 249049
        },
        "2007-10": {
            "month": "2007-10",
            "price": "16.77",
            "revenue": 307754
        },
        "2007-11": {
            "month": "2007-11",
            "price": "16.22",
            "revenue": 169652
        },
        "2007-12": {
            "month": "2007-12",
            "price": "14.85",
            "revenue": 1585759
        },
        "2008-01": {
            "month": "2008-01",
            "price": "17.22",
            "revenue": 246394
        },
        "2008-02": {
            "month": "2008-02",
            "price": "21.26",
            "revenue": 370532
        },
        "2008-03": {
            "month": "2008-03",
            "price": "22.76",
            "revenue": 276871
        },
        "2008-04": {
            "month": "2008-04",
            "price": "26.45",
            "revenue": 194154
        },
        "2008-05": {
            "month": "2008-05",
            "price": "23.54",
            "revenue": 262527
        },
        "2008-06": {
            "month": "2008-06",
            "price": "20.02",
            "revenue": 260023
        },
        "2008-07": {
            "month": "2008-07",
            "price": "14.66",
            "revenue": 175192
        },
        "2008-08": {
            "month": "2008-08",
            "price": "13.72",
            "revenue": 97865
        },
        "2008-09": {
            "month": "2008-09",
            "price": "10.65",
            "revenue": 1124220
        },
        "2008-10": {
            "month": "2008-10",
            "price": "7.57",
            "revenue": 59940
        },
        "2008-11": {
            "month": "2008-11",
            "price": "6.77",
            "revenue": 213898
        },
        "2008-12": {
            "month": "2008-12",
            "price": "7.16",
            "revenue": 143448
        },
        "2009-01": {
            "month": "2009-01",
            "price": "7.32",
            "revenue": 488965
        },
        "2009-02": {
            "month": "2009-02",
            "price": "6.91",
            "revenue": 35413
        },
        "2009-03": {
            "month": "2009-03",
            "price": "7.62",
            "revenue": 326895
        },
        "2009-04": {
            "month": "2009-04",
            "price": "10.45",
            "revenue": 268536
        },
        "2009-05": {
            "month": "2009-05",
            "price": "14.00",
            "revenue": 166140
        },
        "2009-06": {
            "month": "2009-06",
            "price": "13.42",
            "revenue": 571558
        },
        "2009-07": {
            "month": "2009-07",
            "price": "14.22",
            "revenue": 111236
        },
        "2009-08": {
            "month": "2009-08",
            "price": "12.68",
            "revenue": 329437
        },
        "2009-09": {
            "month": "2009-09",
            "price": "13.18",
            "revenue": 692590
        },
        "2009-10": {
            "month": "2009-10",
            "price": "14.11",
            "revenue": 239356
        },
        "2009-11": {
            "month": "2009-11",
            "price": "13.65",
            "revenue": 346281
        },
        "2009-12": {
            "month": "2009-12",
            "price": "13.10",
            "revenue": 1224507
        },
        "2010-01": {
            "month": "2010-01",
            "price": "14.43",
            "revenue": 57723
        },
        "2010-02": {
            "month": "2010-02",
            "price": "12.96",
            "revenue": 16334
        },
        "2010-03": {
            "month": "2010-03",
            "price": "13.22",
            "revenue": 482282
        },
        "2010-04": {
            "month": "2010-04",
            "price": "13.54",
            "revenue": 753733
        },
        "2010-05": {
            "month": "2010-05",
            "price": "11.79",
            "revenue": 888095
        },
        "2010-06": {
            "month": "2010-06",
            "price": "11.40",
            "revenue": 472725
        },
        "2010-07": {
            "month": "2010-07",
            "price": "12.58",
            "revenue": 543065
        },
        "2010-08": {
            "month": "2010-08",
            "price": "14.79",
            "revenue": 292613
        },
        "2010-09": {
            "month": "2010-09",
            "price": "15.53",
            "revenue": 302764
        },
        "2010-10": {
            "month": "2010-10",
            "price": "17.41",
            "revenue": 12066
        },
        "2010-11": {
            "month": "2010-11",
            "price": "17.59",
            "revenue": 91765
        },
        "2010-12": {
            "month": "2010-12",
            "price": "17.60",
            "revenue": 47988
        },
        "2011-01": {
            "month": "2011-01",
            "price": "18.21",
            "revenue": 21221
        },
        "2011-02": {
            "month": "2011-02",
            "price": "15.78",
            "revenue": 34093
        },
        "2011-03": {
            "month": "2011-03",
            "price": "14.17",
            "revenue": 42600
        },
        "2011-04": {
            "month": "2011-04",
            "price": "14.65",
            "revenue": 15512
        },
        "2011-05": {
            "month": "2011-05",
            "price": "15.00",
            "revenue": 432848
        },
        "2011-06": {
            "month": "2011-06",
            "price": "14.75",
            "revenue": 440104
        },
        "2011-07": {
            "month": "2011-07",
            "price": "15.45",
            "revenue": 694920
        },
        "2011-08": {
            "month": "2011-08",
            "price": "13.62",
            "revenue": 152054
        },
        "2011-09": {
            "month": "2011-09",
            "price": "12.51",
            "revenue": 221392
        },
        "2011-10": {
            "month": "2011-10",
            "price": "12.11",
            "revenue": 3910251
        },
        "2011-11": {
            "month": "2011-11",
            "price": "12.17",
            "revenue": 433394
        },
        "2011-12": {
            "month": "2011-12",
            "price": "10.68",
            "revenue": 746009
        },
        "2012-01": {
            "month": "2012-01",
            "price": "10.41",
            "revenue": 556377
        },
        "2012-02": {
            "month": "2012-02",
            "price": "12.36",
            "revenue": 330448
        },
        "2012-03": {
            "month": "2012-03",
            "price": "13.09",
            "revenue": 313949
        },
        "2012-04": {
            "month": "2012-04",
            "price": "13.59",
            "revenue": 987913
        },
        "2012-05": {
            "month": "2012-05",
            "price": "13.16",
            "revenue": 1322730
        },
        "2012-06": {
            "month": "2012-06",
            "price": "13.08",
            "revenue": 309476
        },
        "2012-07": {
            "month": "2012-07",
            "price": "12.15",
            "revenue": 69515
        },
        "2012-08": {
            "month": "2012-08",
            "price": "12.50",
            "revenue": 1705627
        },
        "2012-09": {
            "month": "2012-09",
            "price": "13.93",
            "revenue": 643568
        },
        "2012-10": {
            "month": "2012-10",
            "price": "13.74",
            "revenue": 287831
        },
        "2012-11": {
            "month": "2012-11",
            "price": "13.68",
            "revenue": 169272
        },
        "2012-12": {
            "month": "2012-12",
            "price": "13.98",
            "revenue": 1002344
        },
        "2013-01": {
            "month": "2013-01",
            "price": "14.58",
            "revenue": 308877
        },
        "2013-02": {
            "month": "2013-02",
            "price": "14.85",
            "revenue": 281071
        },
        "2013-03": {
            "month": "2013-03",
            "price": "16.42",
            "revenue": 879078
        },
        "2013-04": {
            "month": "2013-04",
            "price": "17.64",
            "revenue": 1235398
        },
        "2013-05": {
            "month": "2013-05",
            "price": "19.91",
            "revenue": 1334297
        },
        "2013-06": {
            "month": "2013-06",
            "price": "19.89",
            "revenue": 1507159
        },
        "2013-07": {
            "month": "2013-07",
            "price": "20.09",
            "revenue": 849874
        },
        "2013-08": {
            "month": "2013-08",
            "price": "22.99",
            "revenue": 375170
        },
        "2013-09": {
            "month": "2013-09",
            "price": "21.46",
            "revenue": 221928
        },
        "2013-10": {
            "month": "2013-10",
            "price": "21.01",
            "revenue": 186743
        },
        "2013-11": {
            "month": "2013-11",
            "price": "19.58",
            "revenue": 158073
        },
        "2013-12": {
            "month": "2013-12",
            "price": "18.92",
            "revenue": 803245
        },
        "2014-01": {
            "month": "2014-01",
            "price": "18.22",
            "revenue": 349061
        },
        "2014-02": {
            "month": "2014-02",
            "price": "17.91",
            "revenue": 224175
        },
        "2014-03": {
            "month": "2014-03",
            "price": "18.05",
            "revenue": 478141
        },
        "2014-04": {
            "month": "2014-04",
            "price": "17.97",
            "revenue": 272060
        },
        "2014-05": {
            "month": "2014-05",
            "price": "17.50",
            "revenue": 573056
        },
        "2014-06": {
            "month": "2014-06",
            "price": "17.87",
            "revenue": 1199209
        },
        "2014-07": {
            "month": "2014-07",
            "price": "17.23",
            "revenue": 748165
        },
        "2014-08": {
            "month": "2014-08",
            "price": "16.93",
            "revenue": 522410
        },
        "2014-09": {
            "month": "2014-09",
            "price": "16.47",
            "revenue": 410978
        },
        "2014-10": {
            "month": "2014-10",
            "price": "15.86",
            "revenue": 363971
        },
        "2014-11": {
            "month": "2014-11",
            "price": "16.00",
            "revenue": 3039456
        },
        "2014-12": {
            "month": "2014-12",
            "price": "16.80",
            "revenue": 1711558
        },
        "2015-01": {
            "month": "2015-01",
            "price": "16.64",
            "revenue": 1770108
        },
        "2015-02": {
            "month": "2015-02",
            "price": "16.88",
            "revenue": 711892
        },
        "2015-03": {
            "month": "2015-03",
            "price": "17.80",
            "revenue": 1428819
        },
        "2015-04": {
            "month": "2015-04",
            "price": "18.96",
            "revenue": 874750
        },
        "2015-05": {
            "month": "2015-05",
            "price": "18.35",
            "revenue": 780129
        },
        "2015-06": {
            "month": "2015-06",
            "price": "17.41",
            "revenue": 409805
        },
        "2015-07": {
            "month": "2015-07",
            "price": "16.00",
            "revenue": 305769
        },
        "2015-08": {
            "month": "2015-08",
            "price": "13.85",
            "revenue": 235179
        },
        "2015-09": {
            "month": "2015-09",
            "price": "13.62",
            "revenue": 156246
        },
        "2015-10": {
            "month": "2015-10",
            "price": "14.02",
            "revenue": 135854
        },
        "2015-11": {
            "month": "2015-11",
            "price": "13.80",
            "revenue": 239842
        },
        "2015-12": {
            "month": "2015-12",
            "price": "13.41",
            "revenue": 2801429
        },
        "2016-01": {
            "month": "2016-01",
            "price": "12.96",
            "revenue": 391710
        },
        "2016-02": {
            "month": "2016-02",
            "price": "13.22",
            "revenue": 351767
        },
        "2016-03": {
            "month": "2016-03",
            "price": "14.10",
            "revenue": 1417592
        },
        "2016-04": {
            "month": "2016-04",
            "price": "14.18",
            "revenue": 1315957
        },
        "2016-05": {
            "month": "2016-05",
            "price": "13.84",
            "revenue": 1881500
        },
        "2016-06": {
            "month": "2016-06",
            "price": "14.14",
            "revenue": 2323910
        },
        "2016-07": {
            "month": "2016-07",
            "price": "14.28",
            "revenue": 1571213
        },
        "2016-08": {
            "month": "2016-08",
            "price": "14.17",
            "revenue": 376024
        },
        "2016-09": {
            "month": "2016-09",
            "price": "14.12",
            "revenue": 1859350
        },
        "2016-10": {
            "month": "2016-10",
            "price": "15.49",
            "revenue": 2615410
        },
        "2016-11": {
            "month": "2016-11",
            "price": "16.39",
            "revenue": 1727465
        },
        "2016-12": {
            "month": "2016-12",
            "price": "18.58",
            "revenue": 2863217
        },
        "2017-01": {
            "month": "2017-01",
            "price": "18.06",
            "revenue": 1606912
        },
        "2017-02": {
            "month": "2017-02",
            "price": "20.58",
            "revenue": 1184327
        },
        "2017-03": {
            "month": "2017-03",
            "price": "21.62",
            "revenue": 2193383
        },
        "2017-04": {
            "month": "2017-04",
            "price": "20.99",
            "revenue": 1087230
        },
        "2017-05": {
            "month": "2017-05",
            "price": "19.46",
            "revenue": 532861
        },
        "2017-06": {
            "month": "2017-06",
            "price": "19.42",
            "revenue": 617315
        },
        "2017-07": {
            "month": "2017-07",
            "price": "18.81",
            "revenue": 405442
        },
        "2017-08": {
            "month": "2017-08",
            "price": "16.75",
            "revenue": 354930
        },
        "2017-09": {
            "month": "2017-09",
            "price": "16.54",
            "revenue": 693662
        },
        "2017-10": {
            "month": "2017-10",
            "price": "17.16",
            "revenue": 981009
        },
        "2017-11": {
            "month": "2017-11",
            "price": "16.90",
            "revenue": 812550
        },
        "2017-12": {
            "month": "2017-12",
            "price": "16.57",
            "revenue": 1798670
        },
        "2018-01": {
            "month": "2018-01",
            "price": "16.60",
            "revenue": 972435
        },
        "2018-02": {
            "month": "2018-02",
            "price": "15.80",
            "revenue": 562121
        },
        "2018-03": {
            "month": "2018-03",
            "price": "15.63",
            "revenue": 1054666
        },
        "2018-04": {
            "month": "2018-04",
            "price": "16.34",
            "revenue": 1004231
        },
        "2018-05": {
            "month": "2018-05",
            "price": "17.57",
            "revenue": 548980
        },
        "2018-06": {
            "month": "2018-06",
            "price": "17.24",
            "revenue": 934738
        },
        "2018-07": {
            "month": "2018-07",
            "price": "16.06",
            "revenue": 703897
        },
        "2018-08": {
            "month": "2018-08",
            "price": "16.85",
            "revenue": 674522
        },
        "2018-09": {
            "month": "2018-09",
            "price": "17.35",
            "revenue": 1178612
        },
        "2018-10": {
            "month": "2018-10",
            "price": "18.22",
            "revenue": 2108790
        },
        "2018-11": {
            "month": "2018-11",
            "price": "19.54",
            "revenue": 2259201
        },
        "2018-12": {
            "month": "2018-12",
            "price": "20.15",
            "revenue": 2200988
        },
        "2019-01": {
            "month": "2019-01",
            "price": "19.91",
            "revenue": 597487
        },
        "2019-02": {
            "month": "2019-02",
            "price": "20.60",
            "revenue": 682412
        },
        "2019-03": {
            "month": "2019-03",
            "price": "21.66",
            "revenue": 570990
        },
        "2019-04": {
            "month": "2019-04",
            "price": "23.74",
            "revenue": 1731716
        },
        "2019-05": {
            "month": "2019-05",
            "price": "26.33",
            "revenue": 975985
        },
        "2019-06": {
            "month": "2019-06",
            "price": "28.07",
            "revenue": 656302
        },
        "2019-07": {
            "month": "2019-07",
            "price": "22.90",
            "revenue": 515621
        },
        "2019-08": {
            "month": "2019-08",
            "price": "20.66",
            "revenue": 241362
        },
        "2019-09": {
            "month": "2019-09",
            "price": "21.07",
            "revenue": 546840
        },
        "2019-10": {
            "month": "2019-10",
            "price": "21.27",
            "revenue": 2054634
        },
        "2019-11": {
            "month": "2019-11",
            "price": "21.30",
            "revenue": 825741
        },
        "2019-12": {
            "month": "2019-12",
            "price": "20.83",
            "revenue": 2199692
        },
        "2020-01": {
            "month": "2020-01",
            "price": "21.00",
            "revenue": 275949
        },
        "2020-02": {
            "month": "2020-02",
            "price": "21.26",
            "revenue": 379440
        },
        "2020-03": {
            "month": "2020-03",
            "price": "18.21",
            "revenue": 184920
        },
        "2020-04": {
            "month": "2020-04",
            "price": "18.11",
            "revenue": 339033
        },
        "2020-05": {
            "month": "2020-05",
            "price": "19.15",
            "revenue": 1059219
        },
        "2020-06": {
            "month": "2020-06",
            "price": "20.18",
            "revenue": 680114
        },
        "2020-07": {
            "month": "2020-07",
            "price": "19.50",
            "revenue": 930579
        },
        "2020-08": {
            "month": "2020-08",
            "price": "19.20",
            "revenue": 863707
        },
        "2020-09": {
            "month": "2020-09",
            "price": "19.86",
            "revenue": 1102410
        },
        "2020-10": {
            "month": "2020-10",
            "price": "19.38",
            "revenue": 916388
        },
        "2020-11": {
            "month": "2020-11",
            "price": "19.95",
            "revenue": 2153818
        },
        "2020-12": {
            "month": "2020-12",
            "price": "20.08",
            "revenue": 5081975
        },
        "2021-01": {
            "month": "2021-01",
            "price": "19.49",
            "revenue": 1339917
        },
        "2021-02": {
            "month": "2021-02",
            "price": "19.24",
            "revenue": 743641
        },
        "2021-03": {
            "month": "2021-03",
            "price": "19.58",
            "revenue": 674255
        },
        "2021-04": {
            "month": "2021-04",
            "price": "20.87",
            "revenue": 476802
        },
        "2021-05": {
            "month": "2021-05",
            "price": "19.88",
            "revenue": 332451
        },
        "2021-06": {
            "month": "2021-06",
            "price": "19.84",
            "revenue": 395182
        },
        "2021-07": {
            "month": "2021-07",
            "price": "20.25",
            "revenue": 438048
        },
        "2021-08": {
            "month": "2021-08",
            "price": "19.91",
            "revenue": 651147
        },
        "2021-09": {
            "month": "2021-09",
            "price": "19.29",
            "revenue": 1353469
        },
        "2021-10": {
            "month": "2021-10",
            "price": "19.39",
            "revenue": 969742
        },
        "2021-11": {
            "month": "2021-11",
            "price": "19.55",
            "revenue": 1365343
        },
        "2021-12": {
            "month": "2021-12",
            "price": "19.25",
            "revenue": 3729526
        },
        "2022-01": {
            "month": "2022-01",
            "price": "19.14",
            "revenue": 337707
        },
        "2022-02": {
            "month": "2022-02",
            "price": "19.05",
            "revenue": 368046
        },
        "2022-03": {
            "month": "2022-03",
            "price": "18.89",
            "revenue": 335567
        },
        "2022-04": {
            "month": "2022-04",
            "price": "18.68",
            "revenue": 492995
        },
        "2022-05": {
            "month": "2022-05",
            "price": "18.07",
            "revenue": 895989
        },
        "2022-06": {
            "month": "2022-06",
            "price": "17.65",
            "revenue": 925714
        },
        "2022-07": {
            "month": "2022-07",
            "price": "16.73",
            "revenue": 2016943
        },
        "2022-08": {
            "month": "2022-08",
            "price": "16.69",
            "revenue": 995485
        },
        "2022-09": {
            "month": "2022-09",
            "price": "16.66",
            "revenue": 1526131
        },
        "2022-10": {
            "month": "2022-10",
            "price": "15.26",
            "revenue": 2411928
        },
        "2022-11": {
            "month": "2022-11",
            "price": "14.98",
            "revenue": 4256927
        },
        "2022-12": {
            "month": "2022-12",
            "price": "15.37",
            "revenue": 2170934
        },
        "2023-01": {
            "month": "2023-01",
            "price": "16.05",
            "revenue": 972185
        },
        "2023-02": {
            "month": "2023-02",
            "price": "16.71",
            "revenue": 995299
        },
        "2023-03": {
            "month": "2023-03",
            "price": "17.15",
            "revenue": 908556
        },
        "2023-04": {
            "month": "2023-04",
            "price": "17.14",
            "revenue": 646196
        }
    }
}
