{
    "summary": {
        "stock_name": "國產",
        "stock_id": "2504",
        "category": "建材營造",
        "main_business": "預拌混凝土<br>不動產買賣.出租",
        "website_url": "http://www.gdc.com.tw",
        "ceo": "吳志仁",
        "pe_ratio": 12,
        "report_year_from": 2001,
        "report_year_to": 2023,
        "age": 22,
        "eps_negative_percentage": 9,
        "eps_growth_avg": {
            "last_all": 3.9,
            "last_2y": 57.03,
            "last_4y": 37.95,
            "last_8y": -2.48,
            "last_12y": 5.79,
            "last_16y": 0.88,
            "last_20y": 3.9,
            "at_2006_last_3y": 53.71,
            "at_2007_last_3y": 42.81,
            "at_2008_last_3y": 6.33,
            "at_2009_last_3y": -13.86,
            "at_2010_last_3y": 10.86,
            "at_2011_last_3y": -1.55,
            "at_2012_last_3y": -7.86,
            "at_2013_last_3y": 22.33,
            "at_2014_last_3y": -5.54,
            "at_2015_last_3y": -20.19,
            "at_2016_last_3y": -27.41,
            "at_2017_last_3y": -69.87,
            "at_2018_last_3y": -93.15,
            "at_2019_last_3y": -27.1,
            "at_2020_last_3y": 39.56,
            "at_2021_last_3y": 36.18,
            "at_2022_last_3y": 67.77,
            "at_2023_last_3y": 67.77,
            "at_2006_last_all": 15.28,
            "at_2007_last_all": 14.25,
            "at_2008_last_all": 4.22,
            "at_2009_last_all": 0.65,
            "at_2010_last_all": 13.07,
            "at_2011_last_all": 7.23,
            "at_2012_last_all": -0.61,
            "at_2013_last_all": 8.54,
            "at_2014_last_all": 6.87,
            "at_2015_last_all": -1.21,
            "at_2016_last_all": -8.27,
            "at_2017_last_all": -8.27,
            "at_2018_last_all": -13.14,
            "at_2019_last_all": -6.07,
            "at_2020_last_all": 0.17,
            "at_2021_last_all": 1.61,
            "at_2022_last_all": 3.9,
            "at_2023_last_all": 3.9
        },
        "latest_eps": 2.46,
        "latest_price": 28.8,
        "latest_roe": 11.94,
        "latest_gross_margin": 22.73,
        "latest_equity": 25445873,
        "latest_revenue": 5030462,
        "latest_gross_profit": 1143422,
        "latest_net_income": 875318,
        "latest_debt_ratio": 34.57,
        "latest_current_ratio": 161.87,
        "latest_account_receivable_turnover_ratio": 0.7,
        "latest_inventory_turnover_ratio": 4.49,
        "latest_reinvestment_rate": 34.06,
        "latest_research_to_sale_ratio": 0.13
    },
    "eps_dividends": {
        "1991": {
            "cash": 0,
            "stock": 2,
            "eps": 0
        },
        "1992": {
            "cash": 0.5,
            "stock": 1,
            "eps": 0
        },
        "1993": {
            "cash": 0,
            "stock": 1.5,
            "eps": 0
        },
        "1994": {
            "cash": 0.5,
            "stock": 0.8,
            "eps": 0
        },
        "1995": {
            "cash": 0,
            "stock": 1.5,
            "eps": 0
        },
        "1996": {
            "cash": 0,
            "stock": 0.5,
            "eps": 0
        },
        "1997": {
            "cash": 0,
            "stock": 0.5,
            "eps": 0
        },
        "2001": {
            "cash": 0,
            "stock": 0,
            "eps": 0.08
        },
        "2002": {
            "cash": 0,
            "stock": 0,
            "eps": -0.04
        },
        "2003": {
            "cash": 0,
            "stock": 0,
            "eps": 0.06
        },
        "2004": {
            "cash": 0,
            "stock": 0,
            "eps": 0.55
        },
        "2005": {
            "cash": 0,
            "stock": 0.4,
            "eps": 0.88
        },
        "2006": {
            "cash": 0.3,
            "stock": 0.2,
            "eps": 0.89
        },
        "2007": {
            "cash": 0.3,
            "stock": 0.3,
            "eps": 0.98
        },
        "2008": {
            "cash": 0.1,
            "stock": 0.5,
            "eps": 0.53
        },
        "2009": {
            "cash": 0.05,
            "stock": 0.2,
            "eps": 0.42
        },
        "2010": {
            "cash": 0.1,
            "stock": 0.2,
            "eps": 0.86
        },
        "2011": {
            "cash": 0.5,
            "stock": 0.1,
            "eps": 0.52
        },
        "2012": {
            "cash": 0,
            "stock": 0,
            "eps": 0.15
        },
        "2013": {
            "cash": 0.2,
            "stock": 0,
            "eps": 0.61
        },
        "2014": {
            "cash": 0,
            "stock": 0,
            "eps": 0.54
        },
        "2015": {
            "cash": 0.4,
            "stock": 0,
            "eps": 0.01
        },
        "2016": {
            "cash": 0.1,
            "stock": 0,
            "eps": -3.29
        },
        "2017": {
            "cash": 0,
            "stock": 0,
            "eps": 1.98
        },
        "2018": {
            "cash": 0.5,
            "stock": 0,
            "eps": 0.37
        },
        "2019": {
            "cash": 0.25,
            "stock": 0,
            "eps": 0.8
        },
        "2020": {
            "cash": 0.3,
            "stock": 0,
            "eps": 1.92
        },
        "2021": {
            "cash": 1.5,
            "stock": 0,
            "eps": 2.42
        },
        "2022": {
            "cash": 1.8,
            "stock": 0,
            "eps": 3.51
        },
        "2023": {
            "cash": 2,
            "stock": 0,
            "eps": 0.72
        }
    },
    "dividends": {
        "1991-04-23": {
            "cash": 0,
            "stock": 2
        },
        "1992-05-18": {
            "cash": 0.5,
            "stock": 1
        },
        "1993-06-21": {
            "cash": 0,
            "stock": 1.5
        },
        "1994-04-27": {
            "cash": 0.5,
            "stock": 0.8
        },
        "1995-04-27": {
            "cash": 0,
            "stock": 1.5
        },
        "1996-04-26": {
            "cash": 0,
            "stock": 0.5
        },
        "1997-05-24": {
            "cash": 0,
            "stock": 0.5
        },
        "2005-03-29": {
            "cash": 0,
            "stock": 0.4
        },
        "2006-03-28": {
            "cash": 0.3,
            "stock": 0.2
        },
        "2007-03-28": {
            "cash": 0.3,
            "stock": 0.3
        },
        "2008-03-25": {
            "cash": 0.1,
            "stock": 0.5
        },
        "2009-03-26": {
            "cash": 0.05,
            "stock": 0.2
        },
        "2010-03-26": {
            "cash": 0.1,
            "stock": 0.2
        },
        "2011-01-01": {
            "cash": 0.2,
            "stock": 0
        },
        "2011-03-18": {
            "cash": 0.3,
            "stock": 0.1
        },
        "2013-03-25": {
            "cash": 0.2,
            "stock": 0
        },
        "2015-07-31": {
            "cash": 0.4,
            "stock": 0
        },
        "2016-08-17": {
            "cash": 0.1,
            "stock": 0
        },
        "2018-08-23": {
            "cash": 0.5,
            "stock": 0
        },
        "2019-08-23": {
            "cash": 0.25,
            "stock": 0
        },
        "2020-08-07": {
            "cash": 0.3,
            "stock": 0
        },
        "2021-08-20": {
            "cash": 1.5,
            "stock": 0
        },
        "2022-07-15": {
            "cash": 1.8,
            "stock": 0
        },
        "2023-07-14": {
            "cash": 2,
            "stock": 0
        }
    },
    "prices": {
        "200101": "4.04",
        "200102": "5.15",
        "200103": "6.19",
        "200104": "6.15",
        "200105": "5.04",
        "200106": "3.42",
        "200107": "3.30",
        "200108": "3.53",
        "200109": "3.22",
        "200110": "2.86",
        "200111": "2.74",
        "200112": "2.77",
        "200201": "2.99",
        "200202": "2.86",
        "200203": "3.22",
        "200204": "4.74",
        "200205": "4.06",
        "200206": "3.93",
        "200207": "3.85",
        "200208": "3.72",
        "200209": "3.36",
        "200210": "2.72",
        "200211": "3.12",
        "200212": "3.75",
        "200301": "4.94",
        "200302": "4.41",
        "200303": "3.92",
        "200304": "3.83",
        "200305": "3.29",
        "200306": "3.77",
        "200307": "4.04",
        "200308": "4.15",
        "200309": "4.25",
        "200310": "5.02",
        "200311": "5.40",
        "200312": "5.88",
        "200401": "7.32",
        "200402": "8.72",
        "200403": "9.70",
        "200404": "10.03",
        "200405": "7.75",
        "200406": "7.60",
        "200407": "7.47",
        "200408": "6.73",
        "200409": "7.76",
        "200410": "7.80",
        "200411": "8.07",
        "200412": "9.20",
        "200501": "9.40",
        "200502": "9.07",
        "200503": "8.98",
        "200504": "7.65",
        "200505": "7.64",
        "200506": "8.40",
        "200507": "8.19",
        "200508": "7.98",
        "200509": "8.25",
        "200510": "8.06",
        "200511": "8.05",
        "200512": "8.52",
        "200601": "8.67",
        "200602": "8.50",
        "200603": "8.32",
        "200604": "9.38",
        "200605": "14.22",
        "200606": "13.72",
        "200607": "13.53",
        "200608": "13.23",
        "200609": "12.73",
        "200610": "14.07",
        "200611": "16.38",
        "200612": "17.75",
        "200701": "17.21",
        "200702": "18.32",
        "200703": "18.32",
        "200704": "18.36",
        "200705": "17.75",
        "200706": "18.02",
        "200707": "20.59",
        "200708": "17.96",
        "200709": "19.08",
        "200710": "20.35",
        "200711": "17.12",
        "200712": "14.76",
        "200801": "16.15",
        "200802": "18.76",
        "200803": "20.70",
        "200804": "23.31",
        "200805": "22.66",
        "200806": "17.53",
        "200807": "14.14",
        "200808": "13.78",
        "200809": "10.03",
        "200810": "6.98",
        "200811": "8.16",
        "200812": "9.21",
        "200901": "9.35",
        "200902": "9.39",
        "200903": "10.20",
        "200904": "13.13",
        "200905": "15.69",
        "200906": "15.74",
        "200907": "16.66",
        "200908": "16.93",
        "200909": "16.78",
        "200910": "16.69",
        "200911": "14.86",
        "200912": "14.70",
        "201001": "14.95",
        "201002": "12.35",
        "201003": "13.21",
        "201004": "13.86",
        "201005": "12.58",
        "201006": "13.29",
        "201007": "14.02",
        "201008": "14.90",
        "201009": "14.65",
        "201010": "15.80",
        "201011": "16.18",
        "201012": "16.19",
        "201101": "15.80",
        "201102": "14.05",
        "201103": "12.82",
        "201104": "14.28",
        "201105": "14.38",
        "201106": "14.18",
        "201107": "15.20",
        "201108": "14.08",
        "201109": "12.64",
        "201110": "12.70",
        "201111": "12.34",
        "201112": "11.13",
        "201201": "10.64",
        "201202": "12.49",
        "201203": "12.39",
        "201204": "11.44",
        "201205": "10.61",
        "201206": "10.29",
        "201207": "10.35",
        "201208": "10.61",
        "201209": "11.40",
        "201210": "11.12",
        "201211": "10.66",
        "201212": "11.20",
        "201301": "11.57",
        "201302": "11.68",
        "201303": "11.82",
        "201304": "11.83",
        "201305": "12.27",
        "201306": "12.05",
        "201307": "11.96",
        "201308": "11.68",
        "201309": "11.51",
        "201310": "12.06",
        "201311": "12.03",
        "201312": "12.40",
        "201401": "12.29",
        "201402": "12.25",
        "201403": "11.95",
        "201404": "11.35",
        "201405": "10.58",
        "201406": "10.51",
        "201407": "10.59",
        "201408": "10.58",
        "201409": "10.84",
        "201410": "10.51",
        "201411": "10.61",
        "201412": "10.83",
        "201501": "10.89",
        "201502": "10.48",
        "201503": "10.48",
        "201504": "10.45",
        "201505": "10.18",
        "201506": "9.95",
        "201507": "9.36",
        "201508": "8.33",
        "201509": "8.69",
        "201510": "9.13",
        "201511": "9.53",
        "201512": "9.13",
        "201601": "7.81",
        "201602": "7.90",
        "201603": "9.32",
        "201604": "9.01",
        "201605": "8.34",
        "201606": "8.49",
        "201607": "8.21",
        "201608": "8.02",
        "201609": "7.65",
        "201610": "7.40",
        "201611": "6.73",
        "201612": "6.77",
        "201701": "6.96",
        "201702": "8.51",
        "201703": "8.58",
        "201704": "8.10",
        "201705": "8.78",
        "201706": "9.55",
        "201707": "9.12",
        "201708": "9.06",
        "201709": "9.21",
        "201710": "9.06",
        "201711": "9.12",
        "201712": "9.26",
        "201801": "9.88",
        "201802": "9.28",
        "201803": "9.36",
        "201804": "9.59",
        "201805": "9.65",
        "201806": "9.52",
        "201807": "9.42",
        "201808": "9.35",
        "201809": "9.30",
        "201810": "8.66",
        "201811": "8.38",
        "201812": "8.52",
        "201901": "8.43",
        "201902": "8.87",
        "201903": "8.75",
        "201904": "8.48",
        "201905": "8.57",
        "201906": "8.54",
        "201907": "8.56",
        "201908": "8.04",
        "201909": "8.65",
        "201910": "11.96",
        "201911": "14.03",
        "201912": "13.95",
        "202001": "14.28",
        "202002": "13.91",
        "202003": "11.35",
        "202004": "12.05",
        "202005": "14.01",
        "202006": "14.30",
        "202007": "17.02",
        "202008": "18.95",
        "202009": "23.56",
        "202010": "25.22",
        "202011": "27.24",
        "202012": "24.66",
        "202101": "22.88",
        "202102": "23.17",
        "202103": "25.97",
        "202104": "27.81",
        "202105": "24.85",
        "202106": "24.84",
        "202107": "24.54",
        "202108": "22.27",
        "202109": "22.99",
        "202110": "24.36",
        "202111": "26.61",
        "202112": "28.27",
        "202201": "26.59",
        "202202": "27.11",
        "202203": "28.26",
        "202204": "30.57",
        "202205": "27.20",
        "202206": "25.59",
        "202207": "23.46",
        "202208": "24.90",
        "202209": "24.99",
        "202210": "22.89",
        "202211": "24.37",
        "202212": "25.09",
        "202301": "25.44",
        "202302": "26.58",
        "202303": "27.62",
        "202304": "27.88",
        "202305": "28.72",
        "202306": "29.00"
    },
    "quarters": {
        "20011": {
            "year_quarter": 20011,
            "year": 2001,
            "quarter": 1,
            "eps": -0.13,
            "eps_growth_year": null,
            "eps_4q": 0,
            "eps_4q_growth_year": null,
            "roe": -1.2,
            "roe_4q": -1.2,
            "gross_profit": 143560,
            "gross_margin": 7.84,
            "gross_margin_4q_avg": 7.84,
            "net_income": -149988,
            "revenue": 1832061,
            "common_shares": 11137800,
            "book_valuer_per_share": 11.1,
            "book_valuer_per_share_4q_avg": 11.1,
            "equity": 12362738,
            "current_ratio": 127.4,
            "debt_ratio": 46.64,
            "inventory_turnover_ratio": 0.26,
            "account_receivable_turnover_ratio": null,
            "reinvestment_rate": null,
            "research_to_sale_ratio": null,
            "price_fair": 0,
            "eps_avg_yearly": 0,
            "eps_latest_yearly": 0,
            "eps_growth_yearly": 0
        },
        "20012": {
            "year_quarter": 20012,
            "year": 2001,
            "quarter": 2,
            "eps": -0.29,
            "eps_growth_year": null,
            "eps_4q": -0.2,
            "eps_4q_growth_year": null,
            "roe": -2.68,
            "roe_4q": -3.88,
            "gross_profit": 101524,
            "gross_margin": 5.04,
            "gross_margin_4q_avg": 6.44,
            "net_income": -326217,
            "revenue": 2016299,
            "common_shares": 11137800,
            "book_valuer_per_share": 10.73,
            "book_valuer_per_share_4q_avg": 10.92,
            "equity": 11948822,
            "current_ratio": 124.03,
            "debt_ratio": 47.76,
            "inventory_turnover_ratio": 0.29,
            "account_receivable_turnover_ratio": null,
            "reinvestment_rate": null,
            "research_to_sale_ratio": null,
            "price_fair": 0,
            "eps_avg_yearly": 0,
            "eps_latest_yearly": 0,
            "eps_growth_yearly": 0
        },
        "20013": {
            "year_quarter": 20013,
            "year": 2001,
            "quarter": 3,
            "eps": 0.85,
            "eps_growth_year": null,
            "eps_4q": 0.72,
            "eps_4q_growth_year": null,
            "roe": 7.62,
            "roe_4q": 3.7399999999999993,
            "gross_profit": 103972,
            "gross_margin": 5.64,
            "gross_margin_4q_avg": 6.17,
            "net_income": 944058,
            "revenue": 1843569,
            "common_shares": 11137800,
            "book_valuer_per_share": 11.51,
            "book_valuer_per_share_4q_avg": 11.11,
            "equity": 12819568,
            "current_ratio": 142.04,
            "debt_ratio": 44.19,
            "inventory_turnover_ratio": 0.27,
            "account_receivable_turnover_ratio": null,
            "reinvestment_rate": null,
            "research_to_sale_ratio": null,
            "price_fair": 0,
            "eps_avg_yearly": 0,
            "eps_latest_yearly": 0,
            "eps_growth_yearly": 0
        },
        "20014": {
            "year_quarter": 20014,
            "year": 2001,
            "quarter": 4,
            "eps": -0.35,
            "eps_growth_year": -220.69,
            "eps_4q": 0.07,
            "eps_4q_growth_year": 1565.48,
            "roe": -3.13,
            "roe_4q": 0.6100000000000001,
            "gross_profit": 199702,
            "gross_margin": 7.88,
            "gross_margin_4q_avg": 6.6,
            "net_income": -393317,
            "revenue": 2533963,
            "common_shares": 11137800,
            "book_valuer_per_share": 11.09,
            "book_valuer_per_share_4q_avg": 11.11,
            "equity": 12350433,
            "current_ratio": 128.8,
            "debt_ratio": 46.12,
            "inventory_turnover_ratio": 0.4,
            "account_receivable_turnover_ratio": null,
            "reinvestment_rate": null,
            "research_to_sale_ratio": null,
            "price_fair": 0,
            "eps_avg_yearly": 0,
            "eps_latest_yearly": 0,
            "eps_growth_yearly": 0
        },
        "20021": {
            "year_quarter": 20021,
            "year": 2002,
            "quarter": 1,
            "eps": -0.1,
            "eps_growth_year": null,
            "eps_4q": 0.1,
            "eps_4q_growth_year": 2796.93,
            "roe": -0.92,
            "roe_4q": 0.8900000000000001,
            "gross_profit": 83478,
            "gross_margin": 3.91,
            "gross_margin_4q_avg": 5.62,
            "net_income": -112718,
            "revenue": 2135634,
            "common_shares": 11137800,
            "book_valuer_per_share": 11,
            "book_valuer_per_share_4q_avg": 11.08,
            "equity": 12250982,
            "current_ratio": 129.1,
            "debt_ratio": 45.26,
            "inventory_turnover_ratio": 0.38,
            "account_receivable_turnover_ratio": null,
            "reinvestment_rate": null,
            "research_to_sale_ratio": null,
            "price_fair": 0,
            "eps_avg_yearly": 0,
            "eps_latest_yearly": 0,
            "eps_growth_yearly": 0
        },
        "20022": {
            "year_quarter": 20022,
            "year": 2002,
            "quarter": 2,
            "eps": 0.01,
            "eps_growth_year": null,
            "eps_4q": 0.41,
            "eps_4q_growth_year": null,
            "roe": 0.11,
            "roe_4q": 3.68,
            "gross_profit": 169235,
            "gross_margin": 6.4,
            "gross_margin_4q_avg": 5.96,
            "net_income": 13427,
            "revenue": 2645061,
            "common_shares": 11137800,
            "book_valuer_per_share": 10.98,
            "book_valuer_per_share_4q_avg": 11.15,
            "equity": 12233455,
            "current_ratio": 103.67,
            "debt_ratio": 44.53,
            "inventory_turnover_ratio": 0.56,
            "account_receivable_turnover_ratio": null,
            "reinvestment_rate": null,
            "research_to_sale_ratio": null,
            "price_fair": 0,
            "eps_avg_yearly": 0,
            "eps_latest_yearly": 0,
            "eps_growth_yearly": 0
        },
        "20023": {
            "year_quarter": 20023,
            "year": 2002,
            "quarter": 3,
            "eps": -0.05,
            "eps_growth_year": -105.88,
            "eps_4q": -0.5,
            "eps_4q_growth_year": -168.43,
            "roe": -0.49,
            "roe_4q": -4.43,
            "gross_profit": 167580,
            "gross_margin": 5.49,
            "gross_margin_4q_avg": 5.92,
            "net_income": -59809,
            "revenue": 3052549,
            "common_shares": 11137800,
            "book_valuer_per_share": 10.86,
            "book_valuer_per_share_4q_avg": 10.98,
            "equity": 12091076,
            "current_ratio": 102.91,
            "debt_ratio": 45.67,
            "inventory_turnover_ratio": 0.81,
            "account_receivable_turnover_ratio": null,
            "reinvestment_rate": null,
            "research_to_sale_ratio": null,
            "price_fair": 0,
            "eps_avg_yearly": 0,
            "eps_latest_yearly": 0,
            "eps_growth_yearly": 0
        },
        "20024": {
            "year_quarter": 20024,
            "year": 2002,
            "quarter": 4,
            "eps": 0.1,
            "eps_growth_year": null,
            "eps_4q": -0.04,
            "eps_4q_growth_year": -161.51,
            "roe": 0.92,
            "roe_4q": -0.38,
            "gross_profit": 172830,
            "gross_margin": 5.52,
            "gross_margin_4q_avg": 5.33,
            "net_income": 111212,
            "revenue": 3128144,
            "common_shares": 11137800,
            "book_valuer_per_share": 10.95,
            "book_valuer_per_share_4q_avg": 10.95,
            "equity": 12192483,
            "current_ratio": 107.22,
            "debt_ratio": 44.79,
            "inventory_turnover_ratio": 0.84,
            "account_receivable_turnover_ratio": null,
            "reinvestment_rate": null,
            "research_to_sale_ratio": null,
            "price_fair": 0,
            "eps_avg_yearly": 0,
            "eps_latest_yearly": 0,
            "eps_growth_yearly": 0
        },
        "20031": {
            "year_quarter": 20031,
            "year": 2003,
            "quarter": 1,
            "eps": -0.07,
            "eps_growth_year": null,
            "eps_4q": -0.01,
            "eps_4q_growth_year": -113.28,
            "roe": -0.66,
            "roe_4q": -0.11999999999999998,
            "gross_profit": 131352,
            "gross_margin": 5.09,
            "gross_margin_4q_avg": 5.63,
            "net_income": -79852,
            "revenue": 2580518,
            "common_shares": 11137800,
            "book_valuer_per_share": 10.9,
            "book_valuer_per_share_4q_avg": 10.92,
            "equity": 12145603,
            "current_ratio": 102.86,
            "debt_ratio": 44.22,
            "inventory_turnover_ratio": 0.7,
            "account_receivable_turnover_ratio": null,
            "reinvestment_rate": null,
            "research_to_sale_ratio": null,
            "price_fair": 0,
            "eps_avg_yearly": 0,
            "eps_latest_yearly": 0,
            "eps_growth_yearly": 0
        },
        "20032": {
            "year_quarter": 20032,
            "year": 2003,
            "quarter": 2,
            "eps": -0.05,
            "eps_growth_year": -600,
            "eps_4q": -0.07,
            "eps_4q_growth_year": -118.36,
            "roe": -0.45,
            "roe_4q": -0.68,
            "gross_profit": 152763,
            "gross_margin": 6.21,
            "gross_margin_4q_avg": 5.58,
            "net_income": -54395,
            "revenue": 2460784,
            "common_shares": 11132800,
            "book_valuer_per_share": 10.87,
            "book_valuer_per_share_4q_avg": 10.9,
            "equity": 12098456,
            "current_ratio": 101.51,
            "debt_ratio": 43.69,
            "inventory_turnover_ratio": 0.68,
            "account_receivable_turnover_ratio": null,
            "reinvestment_rate": null,
            "research_to_sale_ratio": null,
            "price_fair": 0,
            "eps_avg_yearly": 0,
            "eps_latest_yearly": 0,
            "eps_growth_yearly": 0
        },
        "20033": {
            "year_quarter": 20033,
            "year": 2003,
            "quarter": 3,
            "eps": 0.07,
            "eps_growth_year": null,
            "eps_4q": 0.05,
            "eps_4q_growth_year": null,
            "roe": 0.63,
            "roe_4q": 0.44,
            "gross_profit": 184702,
            "gross_margin": 7.31,
            "gross_margin_4q_avg": 6.03,
            "net_income": 75901,
            "revenue": 2526533,
            "common_shares": 11132800,
            "book_valuer_per_share": 10.95,
            "book_valuer_per_share_4q_avg": 10.92,
            "equity": 12186561,
            "current_ratio": 111.09,
            "debt_ratio": 43.1,
            "inventory_turnover_ratio": 0.67,
            "account_receivable_turnover_ratio": null,
            "reinvestment_rate": null,
            "research_to_sale_ratio": null,
            "price_fair": 0,
            "eps_avg_yearly": 0,
            "eps_latest_yearly": 0,
            "eps_growth_yearly": 0
        },
        "20034": {
            "year_quarter": 20034,
            "year": 2003,
            "quarter": 4,
            "eps": 0.11,
            "eps_growth_year": 10,
            "eps_4q": 0.06,
            "eps_4q_growth_year": null,
            "roe": 1,
            "roe_4q": 0.5199999999999999,
            "gross_profit": 111274,
            "gross_margin": 4.19,
            "gross_margin_4q_avg": 5.7,
            "net_income": 123335,
            "revenue": 2655862,
            "common_shares": 11132800,
            "book_valuer_per_share": 11.11,
            "book_valuer_per_share_4q_avg": 10.96,
            "equity": 12364009,
            "current_ratio": 101.8,
            "debt_ratio": 42.01,
            "inventory_turnover_ratio": 0.8,
            "account_receivable_turnover_ratio": null,
            "reinvestment_rate": 1467.55,
            "research_to_sale_ratio": null,
            "price_fair": 15.4,
            "eps_avg_yearly": 0.44,
            "eps_latest_yearly": 0.44,
            "eps_growth_yearly": 228.57
        },
        "20041": {
            "year_quarter": 20041,
            "year": 2004,
            "quarter": 1,
            "eps": 0.19,
            "eps_growth_year": null,
            "eps_4q": 0.32,
            "eps_4q_growth_year": null,
            "roe": 1.69,
            "roe_4q": 2.8699999999999997,
            "gross_profit": 341825,
            "gross_margin": 11.34,
            "gross_margin_4q_avg": 7.26,
            "net_income": 211358,
            "revenue": 3015596,
            "common_shares": 11132800,
            "book_valuer_per_share": 11.4,
            "book_valuer_per_share_4q_avg": 11.08,
            "equity": 12694906,
            "current_ratio": 101.08,
            "debt_ratio": 40.57,
            "inventory_turnover_ratio": 1.04,
            "account_receivable_turnover_ratio": null,
            "reinvestment_rate": 245.72,
            "research_to_sale_ratio": null,
            "price_fair": 21,
            "eps_avg_yearly": 0.6,
            "eps_latest_yearly": 0.76,
            "eps_growth_yearly": 259.74
        },
        "20042": {
            "year_quarter": 20042,
            "year": 2004,
            "quarter": 2,
            "eps": 0.15,
            "eps_growth_year": null,
            "eps_4q": 0.51,
            "eps_4q_growth_year": null,
            "roe": 1.33,
            "roe_4q": 4.6499999999999995,
            "gross_profit": 299902,
            "gross_margin": 9.62,
            "gross_margin_4q_avg": 8.12,
            "net_income": 169461,
            "revenue": 3117026,
            "common_shares": 11132800,
            "book_valuer_per_share": 11.45,
            "book_valuer_per_share_4q_avg": 11.23,
            "equity": 12741698,
            "current_ratio": 118.8,
            "debt_ratio": 41.92,
            "inventory_turnover_ratio": 1.28,
            "account_receivable_turnover_ratio": null,
            "reinvestment_rate": 146.01,
            "research_to_sale_ratio": null,
            "price_fair": 21,
            "eps_avg_yearly": 0.6,
            "eps_latest_yearly": 0.6,
            "eps_growth_yearly": 145.09
        },
        "20043": {
            "year_quarter": 20043,
            "year": 2004,
            "quarter": 3,
            "eps": 0.09,
            "eps_growth_year": 28.57,
            "eps_4q": 0.55,
            "eps_4q_growth_year": 1026.37,
            "roe": 0.77,
            "roe_4q": 4.79,
            "gross_profit": 268352,
            "gross_margin": 10.56,
            "gross_margin_4q_avg": 8.93,
            "net_income": 98817,
            "revenue": 2540805,
            "common_shares": 11132800,
            "book_valuer_per_share": 11.59,
            "book_valuer_per_share_4q_avg": 11.39,
            "equity": 12899535,
            "current_ratio": 120.04,
            "debt_ratio": 36.82,
            "inventory_turnover_ratio": 1.25,
            "account_receivable_turnover_ratio": null,
            "reinvestment_rate": 112.12,
            "research_to_sale_ratio": null,
            "price_fair": 18.9,
            "eps_avg_yearly": 0.54,
            "eps_latest_yearly": 0.36,
            "eps_growth_yearly": 68.82
        },
        "20044": {
            "year_quarter": 20044,
            "year": 2004,
            "quarter": 4,
            "eps": 0.12,
            "eps_growth_year": 9.09,
            "eps_4q": 0.55,
            "eps_4q_growth_year": 849.36,
            "roe": 0.97,
            "roe_4q": 4.76,
            "gross_profit": 367520,
            "gross_margin": 13,
            "gross_margin_4q_avg": 11.13,
            "net_income": 133769,
            "revenue": 2827821,
            "common_shares": 11132800,
            "book_valuer_per_share": 13.2,
            "book_valuer_per_share_4q_avg": 11.91,
            "equity": 14692530,
            "current_ratio": 136.01,
            "debt_ratio": 33.71,
            "inventory_turnover_ratio": 1.54,
            "account_receivable_turnover_ratio": null,
            "reinvestment_rate": 504.92,
            "research_to_sale_ratio": null,
            "price_fair": 18.48,
            "eps_avg_yearly": 0.53,
            "eps_latest_yearly": 0.48,
            "eps_growth_yearly": 81.72
        },
        "20051": {
            "year_quarter": 20051,
            "year": 2005,
            "quarter": 1,
            "eps": 0.18,
            "eps_growth_year": -5.26,
            "eps_4q": 0.54,
            "eps_4q_growth_year": 67.99,
            "roe": 1.37,
            "roe_4q": 4.4399999999999995,
            "gross_profit": 314072,
            "gross_margin": 12.29,
            "gross_margin_4q_avg": 11.37,
            "net_income": 202194,
            "revenue": 2555830,
            "common_shares": 11132800,
            "book_valuer_per_share": 13.38,
            "book_valuer_per_share_4q_avg": 12.41,
            "equity": 14891340,
            "current_ratio": 124.06,
            "debt_ratio": 27.93,
            "inventory_turnover_ratio": 1.67,
            "account_receivable_turnover_ratio": null,
            "reinvestment_rate": -72.12,
            "research_to_sale_ratio": null,
            "price_fair": 19.6,
            "eps_avg_yearly": 0.56,
            "eps_latest_yearly": 0.72,
            "eps_growth_yearly": 101.43
        },
        "20052": {
            "year_quarter": 20052,
            "year": 2005,
            "quarter": 2,
            "eps": 0.27,
            "eps_growth_year": 80,
            "eps_4q": 0.65,
            "eps_4q_growth_year": 26.63,
            "roe": 2.05,
            "roe_4q": 5.16,
            "gross_profit": 400416,
            "gross_margin": 14.28,
            "gross_margin_4q_avg": 12.53,
            "net_income": 308791,
            "revenue": 2804602,
            "common_shares": 11132800,
            "book_valuer_per_share": 13.65,
            "book_valuer_per_share_4q_avg": 12.96,
            "equity": 15198030,
            "current_ratio": 132.88,
            "debt_ratio": 26.44,
            "inventory_turnover_ratio": 2.16,
            "account_receivable_turnover_ratio": null,
            "reinvestment_rate": -46.28,
            "research_to_sale_ratio": null,
            "price_fair": 22.2,
            "eps_avg_yearly": 0.63,
            "eps_latest_yearly": 1.08,
            "eps_growth_yearly": 115.51
        },
        "20053": {
            "year_quarter": 20053,
            "year": 2005,
            "quarter": 3,
            "eps": 0.28,
            "eps_growth_year": 211.11,
            "eps_4q": 0.84,
            "eps_4q_growth_year": 53.4,
            "roe": 2.08,
            "roe_4q": 6.47,
            "gross_profit": 419244,
            "gross_margin": 14.12,
            "gross_margin_4q_avg": 13.42,
            "net_income": 320982,
            "revenue": 2969009,
            "common_shares": 11578112,
            "book_valuer_per_share": 13.47,
            "book_valuer_per_share_4q_avg": 13.43,
            "equity": 15596671,
            "current_ratio": 124.63,
            "debt_ratio": 27.01,
            "inventory_turnover_ratio": 2.35,
            "account_receivable_turnover_ratio": null,
            "reinvestment_rate": -75.19,
            "research_to_sale_ratio": null,
            "price_fair": 24.33,
            "eps_avg_yearly": 0.7,
            "eps_latest_yearly": 1.12,
            "eps_growth_yearly": 102.93
        },
        "20054": {
            "year_quarter": 20054,
            "year": 2005,
            "quarter": 4,
            "eps": 0.15,
            "eps_growth_year": 25,
            "eps_4q": 0.89,
            "eps_4q_growth_year": 61.03,
            "roe": 1.08,
            "roe_4q": 6.58,
            "gross_profit": 377243,
            "gross_margin": 11.79,
            "gross_margin_4q_avg": 13.12,
            "net_income": 169539,
            "revenue": 3199746,
            "common_shares": 11578112,
            "book_valuer_per_share": 13.62,
            "book_valuer_per_share_4q_avg": 13.53,
            "equity": 15766551,
            "current_ratio": 116.47,
            "debt_ratio": 40.79,
            "inventory_turnover_ratio": 1.53,
            "account_receivable_turnover_ratio": null,
            "reinvestment_rate": 319.11,
            "research_to_sale_ratio": null,
            "price_fair": 23.96,
            "eps_avg_yearly": 0.68,
            "eps_latest_yearly": 0.6,
            "eps_growth_yearly": 70.86
        },
        "20061": {
            "year_quarter": 20061,
            "year": 2006,
            "quarter": 1,
            "eps": 0.18,
            "eps_growth_year": 0,
            "eps_4q": 0.86,
            "eps_4q_growth_year": 60.68,
            "roe": 1.32,
            "roe_4q": 6.53,
            "gross_profit": 338169,
            "gross_margin": 12.15,
            "gross_margin_4q_avg": 13.09,
            "net_income": 210246,
            "revenue": 2783546,
            "common_shares": 11578112,
            "book_valuer_per_share": 13.84,
            "book_valuer_per_share_4q_avg": 13.65,
            "equity": 16020230,
            "current_ratio": 130.63,
            "debt_ratio": 26.15,
            "inventory_turnover_ratio": 1.34,
            "account_receivable_turnover_ratio": null,
            "reinvestment_rate": -70.75,
            "research_to_sale_ratio": null,
            "price_fair": 24.08,
            "eps_avg_yearly": 0.69,
            "eps_latest_yearly": 0.72,
            "eps_growth_yearly": 71.77
        },
        "20062": {
            "year_quarter": 20062,
            "year": 2006,
            "quarter": 2,
            "eps": 0.22,
            "eps_growth_year": -18.52,
            "eps_4q": 0.83,
            "eps_4q_growth_year": 27.15,
            "roe": 1.59,
            "roe_4q": 6.07,
            "gross_profit": 383278,
            "gross_margin": 13.6,
            "gross_margin_4q_avg": 12.92,
            "net_income": 254110,
            "revenue": 2818987,
            "common_shares": 11578112,
            "book_valuer_per_share": 13.79,
            "book_valuer_per_share_4q_avg": 13.68,
            "equity": 15969474,
            "current_ratio": 124.1,
            "debt_ratio": 27.67,
            "inventory_turnover_ratio": 2.36,
            "account_receivable_turnover_ratio": null,
            "reinvestment_rate": -86.09,
            "research_to_sale_ratio": null,
            "price_fair": 24.69,
            "eps_avg_yearly": 0.71,
            "eps_latest_yearly": 0.88,
            "eps_growth_yearly": 73.33
        },
        "20063": {
            "year_quarter": 20063,
            "year": 2006,
            "quarter": 3,
            "eps": 0.33,
            "eps_growth_year": 17.86,
            "eps_4q": 0.87,
            "eps_4q_growth_year": 3.48,
            "roe": 2.38,
            "roe_4q": 6.37,
            "gross_profit": 499478,
            "gross_margin": 14.86,
            "gross_margin_4q_avg": 13.1,
            "net_income": 386123,
            "revenue": 3361977,
            "common_shares": 11809674,
            "book_valuer_per_share": 13.91,
            "book_valuer_per_share_4q_avg": 13.79,
            "equity": 16429040,
            "current_ratio": 132.5,
            "debt_ratio": 28.84,
            "inventory_turnover_ratio": 2.8,
            "account_receivable_turnover_ratio": null,
            "reinvestment_rate": -69.89,
            "research_to_sale_ratio": null,
            "price_fair": 26.48,
            "eps_avg_yearly": 0.76,
            "eps_latest_yearly": 1.32,
            "eps_growth_yearly": 83.88
        },
        "20064": {
            "year_quarter": 20064,
            "year": 2006,
            "quarter": 4,
            "eps": 0.16,
            "eps_growth_year": 6.67,
            "eps_4q": 0.87,
            "eps_4q_growth_year": -2.21,
            "roe": 1.14,
            "roe_4q": 6.43,
            "gross_profit": 540474,
            "gross_margin": 15.3,
            "gross_margin_4q_avg": 13.98,
            "net_income": 192613,
            "revenue": 3533554,
            "common_shares": 11809674,
            "book_valuer_per_share": 14.22,
            "book_valuer_per_share_4q_avg": 13.94,
            "equity": 17243149,
            "current_ratio": 125.64,
            "debt_ratio": 42.04,
            "inventory_turnover_ratio": 2.17,
            "account_receivable_turnover_ratio": null,
            "reinvestment_rate": 254.42,
            "research_to_sale_ratio": null,
            "price_fair": 26.17,
            "eps_avg_yearly": 0.75,
            "eps_latest_yearly": 0.64,
            "eps_growth_yearly": 61.58
        },
        "20071": {
            "year_quarter": 20071,
            "year": 2007,
            "quarter": 1,
            "eps": 0.15,
            "eps_growth_year": -16.67,
            "eps_4q": 0.85,
            "eps_4q_growth_year": -2.04,
            "roe": 1.05,
            "roe_4q": 6.16,
            "gross_profit": 421745,
            "gross_margin": 14.59,
            "gross_margin_4q_avg": 14.59,
            "net_income": 179308,
            "revenue": 2890166,
            "common_shares": 11809674,
            "book_valuer_per_share": 14.35,
            "book_valuer_per_share_4q_avg": 14.07,
            "equity": 16947112,
            "current_ratio": 124.38,
            "debt_ratio": 27.68,
            "inventory_turnover_ratio": 1.96,
            "account_receivable_turnover_ratio": null,
            "reinvestment_rate": -68.03,
            "research_to_sale_ratio": null,
            "price_fair": 25.8,
            "eps_avg_yearly": 0.74,
            "eps_latest_yearly": 0.6,
            "eps_growth_yearly": 55.4
        },
        "20072": {
            "year_quarter": 20072,
            "year": 2007,
            "quarter": 2,
            "eps": 0.43,
            "eps_growth_year": 95.45,
            "eps_4q": 1.06,
            "eps_4q_growth_year": 27.71,
            "roe": 3.05,
            "roe_4q": 7.619999999999999,
            "gross_profit": 344039,
            "gross_margin": 11.44,
            "gross_margin_4q_avg": 14.05,
            "net_income": 520875,
            "revenue": 3007304,
            "common_shares": 11809674,
            "book_valuer_per_share": 14.58,
            "book_valuer_per_share_4q_avg": 14.27,
            "equity": 17222685,
            "current_ratio": 134.18,
            "debt_ratio": 25.99,
            "inventory_turnover_ratio": 3.42,
            "account_receivable_turnover_ratio": null,
            "reinvestment_rate": -53.54,
            "research_to_sale_ratio": null,
            "price_fair": 28.09,
            "eps_avg_yearly": 0.8,
            "eps_latest_yearly": 1.72,
            "eps_growth_yearly": 101.48
        },
        "20073": {
            "year_quarter": 20073,
            "year": 2007,
            "quarter": 3,
            "eps": 0.2,
            "eps_growth_year": -39.39,
            "eps_4q": 0.95,
            "eps_4q_growth_year": 8.93,
            "roe": 1.37,
            "roe_4q": 6.609999999999999,
            "gross_profit": 285293,
            "gross_margin": 10.63,
            "gross_margin_4q_avg": 12.99,
            "net_income": 238201,
            "revenue": 2684572,
            "common_shares": 12163964,
            "book_valuer_per_share": 14.49,
            "book_valuer_per_share_4q_avg": 14.41,
            "equity": 17627677,
            "current_ratio": 144.96,
            "debt_ratio": 24.38,
            "inventory_turnover_ratio": 3.11,
            "account_receivable_turnover_ratio": null,
            "reinvestment_rate": -42.1,
            "research_to_sale_ratio": null,
            "price_fair": 28.09,
            "eps_avg_yearly": 0.8,
            "eps_latest_yearly": 0.8,
            "eps_growth_yearly": 81.77
        },
        "20074": {
            "year_quarter": 20074,
            "year": 2007,
            "quarter": 4,
            "eps": 0.2,
            "eps_growth_year": 25,
            "eps_4q": 0.98,
            "eps_4q_growth_year": 13.39,
            "roe": 1.34,
            "roe_4q": 6.81,
            "gross_profit": 291884,
            "gross_margin": 9.35,
            "gross_margin_4q_avg": 11.5,
            "net_income": 239851,
            "revenue": 3120931,
            "common_shares": 12163964,
            "book_valuer_per_share": 14.67,
            "book_valuer_per_share_4q_avg": 14.52,
            "equity": 18237060,
            "current_ratio": 138.82,
            "debt_ratio": 37.05,
            "inventory_turnover_ratio": 2.36,
            "account_receivable_turnover_ratio": null,
            "reinvestment_rate": 161.08,
            "research_to_sale_ratio": null,
            "price_fair": 28.88,
            "eps_avg_yearly": 0.83,
            "eps_latest_yearly": 0.8,
            "eps_growth_yearly": 67.48
        },
        "20081": {
            "year_quarter": 20081,
            "year": 2008,
            "quarter": 1,
            "eps": 0.17,
            "eps_growth_year": 13.33,
            "eps_4q": 1.02,
            "eps_4q_growth_year": 20.46,
            "roe": 1.09,
            "roe_4q": 6.85,
            "gross_profit": 408627,
            "gross_margin": 9.26,
            "gross_margin_4q_avg": 10.17,
            "net_income": 200258,
            "revenue": 4413183,
            "common_shares": 12163964,
            "book_valuer_per_share": 14.93,
            "book_valuer_per_share_4q_avg": 14.67,
            "equity": 18546837,
            "current_ratio": 133.86,
            "debt_ratio": 36.96,
            "inventory_turnover_ratio": 2.29,
            "account_receivable_turnover_ratio": null,
            "reinvestment_rate": 162.89,
            "research_to_sale_ratio": null,
            "price_fair": 28.7,
            "eps_avg_yearly": 0.82,
            "eps_latest_yearly": 0.68,
            "eps_growth_yearly": 45.55
        },
        "20082": {
            "year_quarter": 20082,
            "year": 2008,
            "quarter": 2,
            "eps": 0.16,
            "eps_growth_year": -62.79,
            "eps_4q": 0.64,
            "eps_4q_growth_year": -39.09,
            "roe": 1.19,
            "roe_4q": 4.99,
            "gross_profit": 447900,
            "gross_margin": 9.67,
            "gross_margin_4q_avg": 9.73,
            "net_income": 220861,
            "revenue": 4633763,
            "common_shares": 12163964,
            "book_valuer_per_share": 14.84,
            "book_valuer_per_share_4q_avg": 14.73,
            "equity": 18442222,
            "current_ratio": 123.01,
            "debt_ratio": 40.65,
            "inventory_turnover_ratio": 2.16,
            "account_receivable_turnover_ratio": null,
            "reinvestment_rate": 172.31,
            "research_to_sale_ratio": null,
            "price_fair": 28.79,
            "eps_avg_yearly": 0.82,
            "eps_latest_yearly": 0.64,
            "eps_growth_yearly": 49.34
        },
        "20083": {
            "year_quarter": 20083,
            "year": 2008,
            "quarter": 3,
            "eps": 0.28,
            "eps_growth_year": 40,
            "eps_4q": 0.73,
            "eps_4q_growth_year": -22.76,
            "roe": 2.07,
            "roe_4q": 5.6899999999999995,
            "gross_profit": 480249,
            "gross_margin": 10.03,
            "gross_margin_4q_avg": 9.58,
            "net_income": 384187,
            "revenue": 4788685,
            "common_shares": 12772162,
            "book_valuer_per_share": 14.28,
            "book_valuer_per_share_4q_avg": 14.68,
            "equity": 18626481,
            "current_ratio": 121.85,
            "debt_ratio": 40.87,
            "inventory_turnover_ratio": 2.11,
            "account_receivable_turnover_ratio": null,
            "reinvestment_rate": 166.35,
            "research_to_sale_ratio": null,
            "price_fair": 30.45,
            "eps_avg_yearly": 0.87,
            "eps_latest_yearly": 1.12,
            "eps_growth_yearly": 78.09
        },
        "20084": {
            "year_quarter": 20084,
            "year": 2008,
            "quarter": 4,
            "eps": -0.08,
            "eps_growth_year": -140,
            "eps_4q": 0.51,
            "eps_4q_growth_year": -48.55,
            "roe": -0.61,
            "roe_4q": 3.74,
            "gross_profit": 319738,
            "gross_margin": 4.13,
            "gross_margin_4q_avg": 8.27,
            "net_income": -121012,
            "revenue": 7748919,
            "common_shares": 12772162,
            "book_valuer_per_share": 14.43,
            "book_valuer_per_share_4q_avg": 14.62,
            "equity": 21215444,
            "current_ratio": 104.62,
            "debt_ratio": 48.39,
            "inventory_turnover_ratio": 3.83,
            "account_receivable_turnover_ratio": 2.37,
            "reinvestment_rate": 353.47,
            "research_to_sale_ratio": null,
            "price_fair": 31.36,
            "eps_avg_yearly": 0.9,
            "eps_latest_yearly": 1.12,
            "eps_growth_yearly": 74.41
        },
        "20091": {
            "year_quarter": 20091,
            "year": 2009,
            "quarter": 1,
            "eps": 0.07,
            "eps_growth_year": -58.82,
            "eps_4q": 0.41,
            "eps_4q_growth_year": -59.37,
            "roe": 0.43,
            "roe_4q": 3.08,
            "gross_profit": 652875,
            "gross_margin": 15.49,
            "gross_margin_4q_avg": 9.83,
            "net_income": 92766,
            "revenue": 4215211,
            "common_shares": 12772162,
            "book_valuer_per_share": 14.66,
            "book_valuer_per_share_4q_avg": 14.55,
            "equity": 21519725,
            "current_ratio": 110.9,
            "debt_ratio": 45.8,
            "inventory_turnover_ratio": 1.98,
            "account_receivable_turnover_ratio": 0.71,
            "reinvestment_rate": 463.15,
            "research_to_sale_ratio": null,
            "price_fair": 31.8,
            "eps_avg_yearly": 0.91,
            "eps_latest_yearly": 1.12,
            "eps_growth_yearly": 65.44
        },
        "20092": {
            "year_quarter": 20092,
            "year": 2009,
            "quarter": 2,
            "eps": 0.17,
            "eps_growth_year": 6.25,
            "eps_4q": 0.44,
            "eps_4q_growth_year": -31.41,
            "roe": 1.01,
            "roe_4q": 2.9,
            "gross_profit": 370405,
            "gross_margin": 8.03,
            "gross_margin_4q_avg": 9.42,
            "net_income": 216847,
            "revenue": 4614182,
            "common_shares": 12772162,
            "book_valuer_per_share": 14.61,
            "book_valuer_per_share_4q_avg": 14.5,
            "equity": 21385989,
            "current_ratio": 113.48,
            "debt_ratio": 43.95,
            "inventory_turnover_ratio": 2.34,
            "account_receivable_turnover_ratio": 0.87,
            "reinvestment_rate": 467.14,
            "research_to_sale_ratio": null,
            "price_fair": 30.8,
            "eps_avg_yearly": 0.88,
            "eps_latest_yearly": 0.68,
            "eps_growth_yearly": 91.97
        },
        "20093": {
            "year_quarter": 20093,
            "year": 2009,
            "quarter": 3,
            "eps": 0.13,
            "eps_growth_year": -53.57,
            "eps_4q": 0.27,
            "eps_4q_growth_year": -63.53,
            "roe": 0.85,
            "roe_4q": 1.6800000000000002,
            "gross_profit": 587877,
            "gross_margin": 10.06,
            "gross_margin_4q_avg": 9.43,
            "net_income": 182057,
            "revenue": 5843014,
            "common_shares": 13027606,
            "book_valuer_per_share": 14.41,
            "book_valuer_per_share_4q_avg": 14.53,
            "equity": 21450103,
            "current_ratio": 105.85,
            "debt_ratio": 41.08,
            "inventory_turnover_ratio": 2.94,
            "account_receivable_turnover_ratio": 1.12,
            "reinvestment_rate": 474.11,
            "research_to_sale_ratio": null,
            "price_fair": 29.3,
            "eps_avg_yearly": 0.84,
            "eps_latest_yearly": 0.52,
            "eps_growth_yearly": 84.19
        },
        "20094": {
            "year_quarter": 20094,
            "year": 2009,
            "quarter": 4,
            "eps": 0.05,
            "eps_growth_year": null,
            "eps_4q": 0.38,
            "eps_4q_growth_year": -24.73,
            "roe": 0.39,
            "roe_4q": 2.68,
            "gross_profit": 491943,
            "gross_margin": 10.41,
            "gross_margin_4q_avg": 11,
            "net_income": 85926,
            "revenue": 4726969,
            "common_shares": 13027605,
            "book_valuer_per_share": 14.3,
            "book_valuer_per_share_4q_avg": 14.5,
            "equity": 23005326,
            "current_ratio": 126.92,
            "debt_ratio": 42.49,
            "inventory_turnover_ratio": 2.49,
            "account_receivable_turnover_ratio": 1.57,
            "reinvestment_rate": 347.97,
            "research_to_sale_ratio": null,
            "price_fair": 28.3,
            "eps_avg_yearly": 0.81,
            "eps_latest_yearly": 0.2,
            "eps_growth_yearly": 79.87
        },
        "20101": {
            "year_quarter": 20101,
            "year": 2010,
            "quarter": 1,
            "eps": 0.37,
            "eps_growth_year": 428.57,
            "eps_4q": 0.64,
            "eps_4q_growth_year": 53.58,
            "roe": 2.31,
            "roe_4q": 4.5600000000000005,
            "gross_profit": 817712,
            "gross_margin": 15.14,
            "gross_margin_4q_avg": 10.91,
            "net_income": 542891,
            "revenue": 5400645,
            "common_shares": 14747605,
            "book_valuer_per_share": 14.46,
            "book_valuer_per_share_4q_avg": 14.45,
            "equity": 23937146,
            "current_ratio": 154,
            "debt_ratio": 38.2,
            "inventory_turnover_ratio": 2.89,
            "account_receivable_turnover_ratio": 0.92,
            "reinvestment_rate": 491.86,
            "research_to_sale_ratio": 0.01,
            "price_fair": 30.2,
            "eps_avg_yearly": 0.86,
            "eps_latest_yearly": 1.48,
            "eps_growth_yearly": 257.01
        },
        "20102": {
            "year_quarter": 20102,
            "year": 2010,
            "quarter": 2,
            "eps": 0.14,
            "eps_growth_year": -19.85,
            "eps_4q": 0.61,
            "eps_4q_growth_year": 38.93,
            "roe": 1.39,
            "roe_4q": 4.9399999999999995,
            "gross_profit": 502489,
            "gross_margin": 10.08,
            "gross_margin_4q_avg": 11.42,
            "net_income": 333170,
            "revenue": 4986884,
            "common_shares": 14747606,
            "book_valuer_per_share": 14.54,
            "book_valuer_per_share_4q_avg": 14.43,
            "equity": 24164370,
            "current_ratio": 160.47,
            "debt_ratio": 39.22,
            "inventory_turnover_ratio": 2.8,
            "account_receivable_turnover_ratio": 0.87,
            "reinvestment_rate": 490.8,
            "research_to_sale_ratio": 0.01,
            "price_fair": 29.4,
            "eps_avg_yearly": 0.84,
            "eps_latest_yearly": 0.56,
            "eps_growth_yearly": 232.9
        },
        "20103": {
            "year_quarter": 20103,
            "year": 2010,
            "quarter": 3,
            "eps": 0.23,
            "eps_growth_year": 77.07,
            "eps_4q": 0.73,
            "eps_4q_growth_year": 172.88,
            "roe": 2.17,
            "roe_4q": 6.259999999999999,
            "gross_profit": 1051386,
            "gross_margin": 15.64,
            "gross_margin_4q_avg": 12.82,
            "net_income": 530898,
            "revenue": 6723296,
            "common_shares": 15042558,
            "book_valuer_per_share": 14.54,
            "book_valuer_per_share_4q_avg": 14.46,
            "equity": 24853833,
            "current_ratio": 173.63,
            "debt_ratio": 38.87,
            "inventory_turnover_ratio": 2.35,
            "account_receivable_turnover_ratio": 1.16,
            "reinvestment_rate": 485.71,
            "research_to_sale_ratio": -0.01,
            "price_fair": 28.4,
            "eps_avg_yearly": 0.81,
            "eps_latest_yearly": 0.92,
            "eps_growth_yearly": 236.98
        },
        "20104": {
            "year_quarter": 20104,
            "year": 2010,
            "quarter": 4,
            "eps": 0.12,
            "eps_growth_year": 139.59,
            "eps_4q": 0.81,
            "eps_4q_growth_year": 111.95,
            "roe": 1.21,
            "roe_4q": 7.08,
            "gross_profit": 870086,
            "gross_margin": 13.59,
            "gross_margin_4q_avg": 13.61,
            "net_income": 301954,
            "revenue": 6400285,
            "common_shares": 15042558,
            "book_valuer_per_share": 14.48,
            "book_valuer_per_share_4q_avg": 14.51,
            "equity": 24877445,
            "current_ratio": 152.45,
            "debt_ratio": 37.39,
            "inventory_turnover_ratio": 2.37,
            "account_receivable_turnover_ratio": 1.07,
            "reinvestment_rate": 313.35,
            "research_to_sale_ratio": 0.04,
            "price_fair": 28,
            "eps_avg_yearly": 0.8,
            "eps_latest_yearly": 0.48,
            "eps_growth_yearly": 238.04
        },
        "20111": {
            "year_quarter": 20111,
            "year": 2011,
            "quarter": 1,
            "eps": 0.17,
            "eps_growth_year": -54.05,
            "eps_4q": 0.66,
            "eps_4q_growth_year": 3.78,
            "roe": 1.33,
            "roe_4q": 6.1,
            "gross_profit": 789064,
            "gross_margin": 13.5,
            "gross_margin_4q_avg": 13.2,
            "net_income": 335130,
            "revenue": 5845162,
            "common_shares": 15042558,
            "book_valuer_per_share": 14.75,
            "book_valuer_per_share_4q_avg": 14.58,
            "equity": 25348722,
            "current_ratio": 154.03,
            "debt_ratio": 38.66,
            "inventory_turnover_ratio": 3.21,
            "account_receivable_turnover_ratio": 0.95,
            "reinvestment_rate": 567.89,
            "research_to_sale_ratio": 0.02,
            "price_fair": 28.2,
            "eps_avg_yearly": 0.81,
            "eps_latest_yearly": 0.68,
            "eps_growth_yearly": 251.73
        },
        "20112": {
            "year_quarter": 20112,
            "year": 2011,
            "quarter": 2,
            "eps": 0.15,
            "eps_growth_year": 11.62,
            "eps_4q": 0.67,
            "eps_4q_growth_year": 9.52,
            "roe": 1.39,
            "roe_4q": 6.1,
            "gross_profit": 854667,
            "gross_margin": 13.55,
            "gross_margin_4q_avg": 14.07,
            "net_income": 351683,
            "revenue": 6308982,
            "common_shares": 15042558,
            "book_valuer_per_share": 14.62,
            "book_valuer_per_share_4q_avg": 14.6,
            "equity": 25143616,
            "current_ratio": 139.08,
            "debt_ratio": 41.66,
            "inventory_turnover_ratio": 3.16,
            "account_receivable_turnover_ratio": 1.01,
            "reinvestment_rate": 636.24,
            "research_to_sale_ratio": 0.01,
            "price_fair": 25.4,
            "eps_avg_yearly": 0.73,
            "eps_latest_yearly": 0.6,
            "eps_growth_yearly": 195.03
        },
        "20113": {
            "year_quarter": 20113,
            "year": 2011,
            "quarter": 3,
            "eps": 0.16,
            "eps_growth_year": -32.51,
            "eps_4q": 0.6,
            "eps_4q_growth_year": -18,
            "roe": 1.54,
            "roe_4q": 5.47,
            "gross_profit": 873151,
            "gross_margin": 13.12,
            "gross_margin_4q_avg": 13.44,
            "net_income": 393696,
            "revenue": 6656613,
            "common_shares": 15192983,
            "book_valuer_per_share": 14.88,
            "book_valuer_per_share_4q_avg": 14.68,
            "equity": 25896520,
            "current_ratio": 148.76,
            "debt_ratio": 42,
            "inventory_turnover_ratio": 3.06,
            "account_receivable_turnover_ratio": 1.05,
            "reinvestment_rate": 645.13,
            "research_to_sale_ratio": 0.02,
            "price_fair": 25,
            "eps_avg_yearly": 0.71,
            "eps_latest_yearly": 0.64,
            "eps_growth_yearly": 212.22
        },
        "20114": {
            "year_quarter": 20114,
            "year": 2011,
            "quarter": 4,
            "eps": 0.04,
            "eps_growth_year": -67.62,
            "eps_4q": 0.52,
            "eps_4q_growth_year": -35.67,
            "roe": 0.32,
            "roe_4q": 4.58,
            "gross_profit": 590353,
            "gross_margin": 8.46,
            "gross_margin_4q_avg": 12.16,
            "net_income": 84891,
            "revenue": 6977172,
            "common_shares": 15192983,
            "book_valuer_per_share": 15.09,
            "book_valuer_per_share_4q_avg": 14.84,
            "equity": 27375299,
            "current_ratio": 148.71,
            "debt_ratio": 39.55,
            "inventory_turnover_ratio": 3.21,
            "account_receivable_turnover_ratio": 1.05,
            "reinvestment_rate": 445.24,
            "research_to_sale_ratio": 0.01,
            "price_fair": 23.4,
            "eps_avg_yearly": 0.67,
            "eps_latest_yearly": 0.16,
            "eps_growth_yearly": 190.79
        },
        "20121": {
            "year_quarter": 20121,
            "year": 2012,
            "quarter": 1,
            "eps": -0.04,
            "eps_growth_year": -123.53,
            "eps_4q": 0.3,
            "eps_4q_growth_year": -54.3,
            "roe": -0.3,
            "roe_4q": 2.95,
            "gross_profit": 347479,
            "gross_margin": 6.3,
            "gross_margin_4q_avg": 10.36,
            "net_income": -81247,
            "revenue": 5518521,
            "common_shares": 15192983,
            "book_valuer_per_share": 14.91,
            "book_valuer_per_share_4q_avg": 14.88,
            "equity": 27130151,
            "current_ratio": 146.41,
            "debt_ratio": 39.6,
            "inventory_turnover_ratio": 2.58,
            "account_receivable_turnover_ratio": 0.82,
            "reinvestment_rate": 512.93,
            "research_to_sale_ratio": 0.02,
            "price_fair": 23.37,
            "eps_avg_yearly": 0.67,
            "eps_latest_yearly": 0.16,
            "eps_growth_yearly": 210.08
        },
        "20122": {
            "year_quarter": 20122,
            "year": 2012,
            "quarter": 2,
            "eps": 0.01,
            "eps_growth_year": -95.26,
            "eps_4q": 0.16,
            "eps_4q_growth_year": -76.61,
            "roe": 0.27,
            "roe_4q": 1.83,
            "gross_profit": 644689,
            "gross_margin": 9.99,
            "gross_margin_4q_avg": 9.47,
            "net_income": 72455,
            "revenue": 6453498,
            "common_shares": 15192983,
            "book_valuer_per_share": 14.76,
            "book_valuer_per_share_4q_avg": 14.91,
            "equity": 26857494,
            "current_ratio": 133.52,
            "debt_ratio": 41.2,
            "inventory_turnover_ratio": 2.91,
            "account_receivable_turnover_ratio": 0.98,
            "reinvestment_rate": 578.33,
            "research_to_sale_ratio": 0.02,
            "price_fair": 23.45,
            "eps_avg_yearly": 0.67,
            "eps_latest_yearly": 0.16,
            "eps_growth_yearly": 229.55
        },
        "20123": {
            "year_quarter": 20123,
            "year": 2012,
            "quarter": 3,
            "eps": 0.06,
            "eps_growth_year": -60.3,
            "eps_4q": 0.06,
            "eps_4q_growth_year": -89.43,
            "roe": 0.61,
            "roe_4q": 0.9000000000000001,
            "gross_profit": 645608,
            "gross_margin": 9.53,
            "gross_margin_4q_avg": 8.57,
            "net_income": 165987,
            "revenue": 6775547,
            "common_shares": 15192983,
            "book_valuer_per_share": 14.78,
            "book_valuer_per_share_4q_avg": 14.89,
            "equity": 27175954,
            "current_ratio": 131.25,
            "debt_ratio": 42.6,
            "inventory_turnover_ratio": 3.16,
            "account_receivable_turnover_ratio": 1.01,
            "reinvestment_rate": 657.89,
            "research_to_sale_ratio": 0.01,
            "price_fair": 20.88,
            "eps_avg_yearly": 0.6,
            "eps_latest_yearly": 0.24,
            "eps_growth_yearly": 371.22
        },
        "20124": {
            "year_quarter": 20124,
            "year": 2012,
            "quarter": 4,
            "eps": 0.12,
            "eps_growth_year": 199.84,
            "eps_4q": 0.14,
            "eps_4q_growth_year": -72.86,
            "roe": 0.6,
            "roe_4q": 1.18,
            "gross_profit": 631275,
            "gross_margin": 8.52,
            "gross_margin_4q_avg": 8.59,
            "net_income": 163321,
            "revenue": 7412946,
            "common_shares": 15192983,
            "book_valuer_per_share": 14.9,
            "book_valuer_per_share_4q_avg": 14.84,
            "equity": 27334231,
            "current_ratio": 124.61,
            "debt_ratio": 45.21,
            "inventory_turnover_ratio": 3.57,
            "account_receivable_turnover_ratio": 1.11,
            "reinvestment_rate": 319.78,
            "research_to_sale_ratio": 0.02,
            "price_fair": 20.57,
            "eps_avg_yearly": 0.59,
            "eps_latest_yearly": 0.48,
            "eps_growth_yearly": 373.43
        },
        "20131": {
            "year_quarter": 20131,
            "year": 2013,
            "quarter": 1,
            "eps": 0.03,
            "eps_growth_year": null,
            "eps_4q": 0.22,
            "eps_4q_growth_year": -27.32,
            "roe": -0.03,
            "roe_4q": 1.45,
            "gross_profit": 354315,
            "gross_margin": 5.25,
            "gross_margin_4q_avg": 8.32,
            "net_income": -7654,
            "revenue": 6752474,
            "common_shares": 15192983,
            "book_valuer_per_share": 15.08,
            "book_valuer_per_share_4q_avg": 14.88,
            "equity": 27526252,
            "current_ratio": 117.9,
            "debt_ratio": 48.76,
            "inventory_turnover_ratio": 3.22,
            "account_receivable_turnover_ratio": 1.04,
            "reinvestment_rate": 166.3,
            "research_to_sale_ratio": 0.02,
            "price_fair": 19.4,
            "eps_avg_yearly": 0.55,
            "eps_latest_yearly": 0.12,
            "eps_growth_yearly": 325.33
        },
        "20132": {
            "year_quarter": 20132,
            "year": 2013,
            "quarter": 2,
            "eps": 0.05,
            "eps_growth_year": 594.25,
            "eps_4q": 0.26,
            "eps_4q_growth_year": 67.32,
            "roe": 0.21,
            "roe_4q": 1.3900000000000001,
            "gross_profit": 449309,
            "gross_margin": 6.05,
            "gross_margin_4q_avg": 7.34,
            "net_income": 57692,
            "revenue": 7428319,
            "common_shares": 15192983,
            "book_valuer_per_share": 14.91,
            "book_valuer_per_share_4q_avg": 14.92,
            "equity": 27015858,
            "current_ratio": 108.51,
            "debt_ratio": 50.22,
            "inventory_turnover_ratio": 3.35,
            "account_receivable_turnover_ratio": 1.15,
            "reinvestment_rate": 170.06,
            "research_to_sale_ratio": 0.01,
            "price_fair": 18.2,
            "eps_avg_yearly": 0.52,
            "eps_latest_yearly": 0.2,
            "eps_growth_yearly": 303.56
        },
        "20133": {
            "year_quarter": 20133,
            "year": 2013,
            "quarter": 3,
            "eps": 0.13,
            "eps_growth_year": 110.81,
            "eps_4q": 0.33,
            "eps_4q_growth_year": 427.38,
            "roe": 1.02,
            "roe_4q": 1.7999999999999998,
            "gross_profit": 739232,
            "gross_margin": 9.01,
            "gross_margin_4q_avg": 7.21,
            "net_income": 278435,
            "revenue": 8202469,
            "common_shares": 15192983,
            "book_valuer_per_share": 15.07,
            "book_valuer_per_share_4q_avg": 14.99,
            "equity": 27361375,
            "current_ratio": 114.15,
            "debt_ratio": 50.13,
            "inventory_turnover_ratio": 3.65,
            "account_receivable_turnover_ratio": 1.31,
            "reinvestment_rate": 207.7,
            "research_to_sale_ratio": 0.01,
            "price_fair": 18.2,
            "eps_avg_yearly": 0.52,
            "eps_latest_yearly": 0.52,
            "eps_growth_yearly": 356
        },
        "20134": {
            "year_quarter": 20134,
            "year": 2013,
            "quarter": 4,
            "eps": 0.4,
            "eps_growth_year": 242.83,
            "eps_4q": 0.62,
            "eps_4q_growth_year": 337.63,
            "roe": 2.82,
            "roe_4q": 4.02,
            "gross_profit": 872528,
            "gross_margin": 9.43,
            "gross_margin_4q_avg": 7.44,
            "net_income": 785710,
            "revenue": 9249125,
            "common_shares": 15192983,
            "book_valuer_per_share": 15.63,
            "book_valuer_per_share_4q_avg": 15.17,
            "equity": 28352195,
            "current_ratio": 130.51,
            "debt_ratio": 51.26,
            "inventory_turnover_ratio": 4.44,
            "account_receivable_turnover_ratio": 1.36,
            "reinvestment_rate": 63.45,
            "research_to_sale_ratio": 0.04,
            "price_fair": 21.7,
            "eps_avg_yearly": 0.62,
            "eps_latest_yearly": 1.6,
            "eps_growth_yearly": 432.92
        },
        "20141": {
            "year_quarter": 20141,
            "year": 2014,
            "quarter": 1,
            "eps": 0.07,
            "eps_growth_year": 133.33,
            "eps_4q": 0.65,
            "eps_4q_growth_year": 196.43,
            "roe": 0.52,
            "roe_4q": 4.569999999999999,
            "gross_profit": 773277,
            "gross_margin": 10.02,
            "gross_margin_4q_avg": 8.63,
            "net_income": 148282,
            "revenue": 7719365,
            "common_shares": 15192983,
            "book_valuer_per_share": 15.65,
            "book_valuer_per_share_4q_avg": 15.32,
            "equity": 28571957,
            "current_ratio": 127.27,
            "debt_ratio": 51.79,
            "inventory_turnover_ratio": 3.91,
            "account_receivable_turnover_ratio": 1.05,
            "reinvestment_rate": 172.37,
            "research_to_sale_ratio": 0.01,
            "price_fair": 18.7,
            "eps_avg_yearly": 0.53,
            "eps_latest_yearly": 0.28,
            "eps_growth_yearly": 226.49
        },
        "20142": {
            "year_quarter": 20142,
            "year": 2014,
            "quarter": 2,
            "eps": 0.1,
            "eps_growth_year": 100,
            "eps_4q": 0.7,
            "eps_4q_growth_year": 165.52,
            "roe": 0.81,
            "roe_4q": 5.17,
            "gross_profit": 943558,
            "gross_margin": 10.74,
            "gross_margin_4q_avg": 9.8,
            "net_income": 232088,
            "revenue": 8786808,
            "common_shares": 15192983,
            "book_valuer_per_share": 15.58,
            "book_valuer_per_share_4q_avg": 15.48,
            "equity": 28509464,
            "current_ratio": 126.36,
            "debt_ratio": 53.27,
            "inventory_turnover_ratio": 4.39,
            "account_receivable_turnover_ratio": 1.21,
            "reinvestment_rate": 228.97,
            "research_to_sale_ratio": 0.01,
            "price_fair": 18.3,
            "eps_avg_yearly": 0.52,
            "eps_latest_yearly": 0.4,
            "eps_growth_yearly": 256.5
        },
        "20143": {
            "year_quarter": 20143,
            "year": 2014,
            "quarter": 3,
            "eps": 0.14,
            "eps_growth_year": 7.69,
            "eps_4q": 0.7,
            "eps_4q_growth_year": 110.26,
            "roe": 1.06,
            "roe_4q": 5.21,
            "gross_profit": 872738,
            "gross_margin": 9.74,
            "gross_margin_4q_avg": 9.98,
            "net_income": 306176,
            "revenue": 8964171,
            "common_shares": 15192983,
            "book_valuer_per_share": 15.93,
            "book_valuer_per_share_4q_avg": 15.7,
            "equity": 29140303,
            "current_ratio": 116.57,
            "debt_ratio": 54.05,
            "inventory_turnover_ratio": 4.44,
            "account_receivable_turnover_ratio": 1.21,
            "reinvestment_rate": 284.72,
            "research_to_sale_ratio": 0.01,
            "price_fair": 17.4,
            "eps_avg_yearly": 0.5,
            "eps_latest_yearly": 0.56,
            "eps_growth_yearly": 249.56
        },
        "20144": {
            "year_quarter": 20144,
            "year": 2014,
            "quarter": 4,
            "eps": 0.23,
            "eps_growth_year": -41.82,
            "eps_4q": 0.53,
            "eps_4q_growth_year": -13.17,
            "roe": 1.29,
            "roe_4q": 3.68,
            "gross_profit": 795283,
            "gross_margin": 8.28,
            "gross_margin_4q_avg": 9.7,
            "net_income": 381727,
            "revenue": 9607164,
            "common_shares": 15192983,
            "book_valuer_per_share": 16.16,
            "book_valuer_per_share_4q_avg": 15.83,
            "equity": 30222518,
            "current_ratio": 140.87,
            "debt_ratio": 53.23,
            "inventory_turnover_ratio": 5.07,
            "account_receivable_turnover_ratio": 1.23,
            "reinvestment_rate": 153.16,
            "research_to_sale_ratio": 0.02,
            "price_fair": 18.5,
            "eps_avg_yearly": 0.53,
            "eps_latest_yearly": 0.92,
            "eps_growth_yearly": 281.59
        },
        "20151": {
            "year_quarter": 20151,
            "year": 2015,
            "quarter": 1,
            "eps": 0.07,
            "eps_growth_year": 0,
            "eps_4q": 0.54,
            "eps_4q_growth_year": -17.48,
            "roe": 0.28,
            "roe_4q": 3.44,
            "gross_profit": 538825,
            "gross_margin": 7.26,
            "gross_margin_4q_avg": 9.01,
            "net_income": 85322,
            "revenue": 7418506,
            "common_shares": 15192983,
            "book_valuer_per_share": 16.23,
            "book_valuer_per_share_4q_avg": 15.98,
            "equity": 30298311,
            "current_ratio": 144.13,
            "debt_ratio": 52.6,
            "inventory_turnover_ratio": 3.75,
            "account_receivable_turnover_ratio": 0.95,
            "reinvestment_rate": 90.92,
            "research_to_sale_ratio": 0.03,
            "price_fair": 17.5,
            "eps_avg_yearly": 0.5,
            "eps_latest_yearly": 0.28,
            "eps_growth_yearly": 249.81
        },
        "20152": {
            "year_quarter": 20152,
            "year": 2015,
            "quarter": 2,
            "eps": 0.05,
            "eps_growth_year": -50,
            "eps_4q": 0.48,
            "eps_4q_growth_year": -30.53,
            "roe": -0.15,
            "roe_4q": 2.4800000000000004,
            "gross_profit": 22446,
            "gross_margin": 0.32,
            "gross_margin_4q_avg": 6.4,
            "net_income": -46189,
            "revenue": 6927811,
            "common_shares": 15192983,
            "book_valuer_per_share": 15.8,
            "book_valuer_per_share_4q_avg": 16.03,
            "equity": 29560217,
            "current_ratio": 128.36,
            "debt_ratio": 54.03,
            "inventory_turnover_ratio": 3.77,
            "account_receivable_turnover_ratio": 0.95,
            "reinvestment_rate": 126.33,
            "research_to_sale_ratio": 0.03,
            "price_fair": 16.5,
            "eps_avg_yearly": 0.47,
            "eps_latest_yearly": 0.2,
            "eps_growth_yearly": 245.01
        },
        "20153": {
            "year_quarter": 20153,
            "year": 2015,
            "quarter": 3,
            "eps": 0.02,
            "eps_growth_year": -85.71,
            "eps_4q": 0.37,
            "eps_4q_growth_year": -47.01,
            "roe": -0.25,
            "roe_4q": 1.17,
            "gross_profit": -89896,
            "gross_margin": -1.29,
            "gross_margin_4q_avg": 3.64,
            "net_income": -75308,
            "revenue": 6966829,
            "common_shares": 15192983,
            "book_valuer_per_share": 16.08,
            "book_valuer_per_share_4q_avg": 16.07,
            "equity": 29560351,
            "current_ratio": 133.9,
            "debt_ratio": 53.54,
            "inventory_turnover_ratio": 4.35,
            "account_receivable_turnover_ratio": 0.99,
            "reinvestment_rate": 180.16,
            "research_to_sale_ratio": 0.03,
            "price_fair": 15.1,
            "eps_avg_yearly": 0.43,
            "eps_latest_yearly": 0.08,
            "eps_growth_yearly": 225.96
        },
        "20154": {
            "year_quarter": 20154,
            "year": 2015,
            "quarter": 4,
            "eps": -0.13,
            "eps_growth_year": -155.08,
            "eps_4q": 0.01,
            "eps_4q_growth_year": -97.61,
            "roe": -2,
            "roe_4q": -2.12,
            "gross_profit": -232961,
            "gross_margin": -3.09,
            "gross_margin_4q_avg": 0.8,
            "net_income": -577294,
            "revenue": 7535082,
            "common_shares": 14680003,
            "book_valuer_per_share": 15.79,
            "book_valuer_per_share_4q_avg": 15.98,
            "equity": 28187255,
            "current_ratio": 100.76,
            "debt_ratio": 55.13,
            "inventory_turnover_ratio": 4.88,
            "account_receivable_turnover_ratio": 1.08,
            "reinvestment_rate": 205.07,
            "research_to_sale_ratio": 0.03,
            "price_fair": 15.83,
            "eps_avg_yearly": 0.45,
            "eps_latest_yearly": 0.08,
            "eps_growth_yearly": 266.42
        },
        "20161": {
            "year_quarter": 20161,
            "year": 2016,
            "quarter": 1,
            "eps": -0.05,
            "eps_growth_year": -171.43,
            "eps_4q": -0.11,
            "eps_4q_growth_year": -120.68,
            "roe": -1.17,
            "roe_4q": -3.57,
            "gross_profit": -99998,
            "gross_margin": -1.43,
            "gross_margin_4q_avg": -1.37,
            "net_income": -327667,
            "revenue": 7016263,
            "common_shares": 14680003,
            "book_valuer_per_share": 15.78,
            "book_valuer_per_share_4q_avg": 15.86,
            "equity": 27740280,
            "current_ratio": 97.1,
            "debt_ratio": 55.32,
            "inventory_turnover_ratio": 4.35,
            "account_receivable_turnover_ratio": 1.03,
            "reinvestment_rate": 111.38,
            "research_to_sale_ratio": 0.02,
            "price_fair": 15.83,
            "eps_avg_yearly": 0.45,
            "eps_latest_yearly": 0.08,
            "eps_growth_yearly": 266.42
        },
        "20162": {
            "year_quarter": 20162,
            "year": 2016,
            "quarter": 2,
            "eps": -0.24,
            "eps_growth_year": -580,
            "eps_4q": -0.4,
            "eps_4q_growth_year": -183.27,
            "roe": -3.09,
            "roe_4q": -6.51,
            "gross_profit": -244246,
            "gross_margin": -3.38,
            "gross_margin_4q_avg": -2.3,
            "net_income": -837228,
            "revenue": 7229958,
            "common_shares": 14380003,
            "book_valuer_per_share": 15.42,
            "book_valuer_per_share_4q_avg": 15.77,
            "equity": 26460170,
            "current_ratio": 97.06,
            "debt_ratio": 57.43,
            "inventory_turnover_ratio": 4.48,
            "account_receivable_turnover_ratio": 1.1,
            "reinvestment_rate": 85.98,
            "research_to_sale_ratio": 0.04,
            "price_fair": 15.83,
            "eps_avg_yearly": 0.45,
            "eps_latest_yearly": 0.08,
            "eps_growth_yearly": 266.42
        },
        "20163": {
            "year_quarter": 20163,
            "year": 2016,
            "quarter": 3,
            "eps": -0.22,
            "eps_growth_year": -1200,
            "eps_4q": -0.64,
            "eps_4q_growth_year": -272.88,
            "roe": -3.35,
            "roe_4q": -9.61,
            "gross_profit": -403857,
            "gross_margin": -6.33,
            "gross_margin_4q_avg": -3.56,
            "net_income": -882737,
            "revenue": 6379340,
            "common_shares": 14280003,
            "book_valuer_per_share": 15.05,
            "book_valuer_per_share_4q_avg": 15.51,
            "equity": 26217863,
            "current_ratio": 93.8,
            "debt_ratio": 56.8,
            "inventory_turnover_ratio": 4.23,
            "account_receivable_turnover_ratio": 1.02,
            "reinvestment_rate": 85.58,
            "research_to_sale_ratio": 0.03,
            "price_fair": 16.45,
            "eps_avg_yearly": 0.47,
            "eps_latest_yearly": 0.08,
            "eps_growth_yearly": 121.96
        },
        "20164": {
            "year_quarter": 20164,
            "year": 2016,
            "quarter": 4,
            "eps": -2.78,
            "eps_growth_year": null,
            "eps_4q": -3.29,
            "eps_4q_growth_year": -25819.9,
            "roe": -32.65,
            "roe_4q": -40.260000000000005,
            "gross_profit": -1076875,
            "gross_margin": -20.04,
            "gross_margin_4q_avg": -7.8,
            "net_income": -7364442,
            "revenue": 5373752,
            "common_shares": 14280003,
            "book_valuer_per_share": 12.31,
            "book_valuer_per_share_4q_avg": 14.64,
            "equity": 18891848,
            "current_ratio": 51.48,
            "debt_ratio": 64.45,
            "inventory_turnover_ratio": 5.09,
            "account_receivable_turnover_ratio": 0.86,
            "reinvestment_rate": null,
            "research_to_sale_ratio": 0.04,
            "price_fair": 16.42,
            "eps_avg_yearly": 0.47,
            "eps_latest_yearly": 0.08,
            "eps_growth_yearly": 96.68
        },
        "20171": {
            "year_quarter": 20171,
            "year": 2017,
            "quarter": 1,
            "eps": 1.99,
            "eps_growth_year": null,
            "eps_4q": -1.25,
            "eps_4q_growth_year": null,
            "roe": 14.1,
            "roe_4q": -24.99,
            "gross_profit": 294263,
            "gross_margin": 8.01,
            "gross_margin_4q_avg": -5.44,
            "net_income": 2847250,
            "revenue": 3672174,
            "common_shares": 14280003,
            "book_valuer_per_share": 14.08,
            "book_valuer_per_share_4q_avg": 14.22,
            "equity": 21486147,
            "current_ratio": 145.07,
            "debt_ratio": 40.91,
            "inventory_turnover_ratio": 4.15,
            "account_receivable_turnover_ratio": 0.61,
            "reinvestment_rate": null,
            "research_to_sale_ratio": 0.06,
            "price_fair": 17.64,
            "eps_avg_yearly": 0.5,
            "eps_latest_yearly": 0.08,
            "eps_growth_yearly": 136.35
        },
        "20172": {
            "year_quarter": 20172,
            "year": 2017,
            "quarter": 2,
            "eps": 0.05,
            "eps_growth_year": null,
            "eps_4q": -0.99,
            "eps_4q_growth_year": null,
            "roe": 0.38,
            "roe_4q": -21.52,
            "gross_profit": 315163,
            "gross_margin": 7.94,
            "gross_margin_4q_avg": -2.61,
            "net_income": 82023,
            "revenue": 3967937,
            "common_shares": 14280003,
            "book_valuer_per_share": 14.32,
            "book_valuer_per_share_4q_avg": 13.94,
            "equity": 21192832,
            "current_ratio": 136.47,
            "debt_ratio": 39.38,
            "inventory_turnover_ratio": 5.34,
            "account_receivable_turnover_ratio": 0.74,
            "reinvestment_rate": null,
            "research_to_sale_ratio": 0.04,
            "price_fair": 17.64,
            "eps_avg_yearly": 0.5,
            "eps_latest_yearly": 0.2,
            "eps_growth_yearly": 70.68
        },
        "20173": {
            "year_quarter": 20173,
            "year": 2017,
            "quarter": 3,
            "eps": 0.05,
            "eps_growth_year": null,
            "eps_4q": -0.72,
            "eps_4q_growth_year": null,
            "roe": 0.38,
            "roe_4q": -17.79,
            "gross_profit": 245687,
            "gross_margin": 5.95,
            "gross_margin_4q_avg": 0.47,
            "net_income": 80087,
            "revenue": 4128413,
            "common_shares": 13850003,
            "book_valuer_per_share": 14.4,
            "book_valuer_per_share_4q_avg": 13.78,
            "equity": 21313705,
            "current_ratio": 155.2,
            "debt_ratio": 39.42,
            "inventory_turnover_ratio": 5.76,
            "account_receivable_turnover_ratio": 0.76,
            "reinvestment_rate": null,
            "research_to_sale_ratio": 0.05,
            "price_fair": 7.88,
            "eps_avg_yearly": 0.47,
            "eps_latest_yearly": 0.2,
            "eps_growth_yearly": 6.68
        },
        "20174": {
            "year_quarter": 20174,
            "year": 2017,
            "quarter": 4,
            "eps": -0.11,
            "eps_growth_year": null,
            "eps_4q": 2.03,
            "eps_4q_growth_year": null,
            "roe": -0.66,
            "roe_4q": 14.2,
            "gross_profit": 197934,
            "gross_margin": 4.26,
            "gross_margin_4q_avg": 6.54,
            "net_income": -140627,
            "revenue": 4645272,
            "common_shares": 13850003,
            "book_valuer_per_share": 14.25,
            "book_valuer_per_share_4q_avg": 14.26,
            "equity": 21120005,
            "current_ratio": 117.15,
            "debt_ratio": 39.15,
            "inventory_turnover_ratio": 6.77,
            "account_receivable_turnover_ratio": 0.8,
            "reinvestment_rate": null,
            "research_to_sale_ratio": 0.05,
            "price_fair": 1.04,
            "eps_avg_yearly": 0.35,
            "eps_latest_yearly": 0.2,
            "eps_growth_yearly": -84.88
        },
        "20181": {
            "year_quarter": 20181,
            "year": 2018,
            "quarter": 1,
            "eps": 0.08,
            "eps_growth_year": -95.98,
            "eps_4q": 0.06,
            "eps_4q_growth_year": null,
            "roe": 0.57,
            "roe_4q": 0.6699999999999999,
            "gross_profit": 322570,
            "gross_margin": 7.86,
            "gross_margin_4q_avg": 6.5,
            "net_income": 121869,
            "revenue": 4104551,
            "common_shares": 13850003,
            "book_valuer_per_share": 14.37,
            "book_valuer_per_share_4q_avg": 14.34,
            "equity": 21407651,
            "current_ratio": 120.28,
            "debt_ratio": 39.41,
            "inventory_turnover_ratio": 5.11,
            "account_receivable_turnover_ratio": 0.67,
            "reinvestment_rate": null,
            "research_to_sale_ratio": 0.05,
            "price_fair": 1.07,
            "eps_avg_yearly": 0.36,
            "eps_latest_yearly": 0.2,
            "eps_growth_yearly": -54.24
        },
        "20182": {
            "year_quarter": 20182,
            "year": 2018,
            "quarter": 2,
            "eps": 0.11,
            "eps_growth_year": 120,
            "eps_4q": 0.13,
            "eps_4q_growth_year": null,
            "roe": 0.88,
            "roe_4q": 1.17,
            "gross_profit": 414763,
            "gross_margin": 8.82,
            "gross_margin_4q_avg": 6.72,
            "net_income": 185449,
            "revenue": 4704257,
            "common_shares": 13850003,
            "book_valuer_per_share": 14.08,
            "book_valuer_per_share_4q_avg": 14.28,
            "equity": 20527227,
            "current_ratio": 112.77,
            "debt_ratio": 42.18,
            "inventory_turnover_ratio": 4.93,
            "account_receivable_turnover_ratio": 0.74,
            "reinvestment_rate": null,
            "research_to_sale_ratio": 0.04,
            "price_fair": 1.08,
            "eps_avg_yearly": 0.36,
            "eps_latest_yearly": 0.44,
            "eps_growth_yearly": -56.92
        },
        "20183": {
            "year_quarter": 20183,
            "year": 2018,
            "quarter": 3,
            "eps": 0.1,
            "eps_growth_year": 100,
            "eps_4q": 0.18,
            "eps_4q_growth_year": null,
            "roe": 0.75,
            "roe_4q": 1.5399999999999996,
            "gross_profit": 302287,
            "gross_margin": 6.76,
            "gross_margin_4q_avg": 6.93,
            "net_income": 153800,
            "revenue": 4468788,
            "common_shares": 13850003,
            "book_valuer_per_share": 14.08,
            "book_valuer_per_share_4q_avg": 14.2,
            "equity": 20551918,
            "current_ratio": 124.86,
            "debt_ratio": 42.13,
            "inventory_turnover_ratio": 4.86,
            "account_receivable_turnover_ratio": 0.68,
            "reinvestment_rate": null,
            "research_to_sale_ratio": 0.04,
            "price_fair": 1.02,
            "eps_avg_yearly": 0.34,
            "eps_latest_yearly": 0.4,
            "eps_growth_yearly": -81.46
        },
        "20184": {
            "year_quarter": 20184,
            "year": 2018,
            "quarter": 4,
            "eps": 0.08,
            "eps_growth_year": null,
            "eps_4q": 0.37,
            "eps_4q_growth_year": -81.68,
            "roe": 0.63,
            "roe_4q": 2.8299999999999996,
            "gross_profit": 368257,
            "gross_margin": 6.86,
            "gross_margin_4q_avg": 7.58,
            "net_income": 130069,
            "revenue": 5367210,
            "common_shares": 13850003,
            "book_valuer_per_share": 14.1,
            "book_valuer_per_share_4q_avg": 14.16,
            "equity": 20580292,
            "current_ratio": 113.68,
            "debt_ratio": 42.37,
            "inventory_turnover_ratio": 6.4,
            "account_receivable_turnover_ratio": 0.78,
            "reinvestment_rate": null,
            "research_to_sale_ratio": 0.05,
            "price_fair": 0.8,
            "eps_avg_yearly": 0.27,
            "eps_latest_yearly": 0.32,
            "eps_growth_yearly": -123.61
        },
        "20191": {
            "year_quarter": 20191,
            "year": 2019,
            "quarter": 1,
            "eps": 0.17,
            "eps_growth_year": 112.5,
            "eps_4q": 0.46,
            "eps_4q_growth_year": 694.81,
            "roe": 1.21,
            "roe_4q": 3.4699999999999998,
            "gross_profit": 198811,
            "gross_margin": 4.61,
            "gross_margin_4q_avg": 6.76,
            "net_income": 251310,
            "revenue": 4312358,
            "common_shares": 13850003,
            "book_valuer_per_share": 14.45,
            "book_valuer_per_share_4q_avg": 14.18,
            "equity": 21083931,
            "current_ratio": 118.65,
            "debt_ratio": 41.9,
            "inventory_turnover_ratio": 4.94,
            "account_receivable_turnover_ratio": 0.61,
            "reinvestment_rate": null,
            "research_to_sale_ratio": 0.05,
            "price_fair": 0.95,
            "eps_avg_yearly": 0.32,
            "eps_latest_yearly": 0.68,
            "eps_growth_yearly": -32.57
        },
        "20192": {
            "year_quarter": 20192,
            "year": 2019,
            "quarter": 2,
            "eps": 0.07,
            "eps_growth_year": -36.36,
            "eps_4q": 0.42,
            "eps_4q_growth_year": 224.54,
            "roe": 0.6,
            "roe_4q": 3.19,
            "gross_profit": 407081,
            "gross_margin": 8.37,
            "gross_margin_4q_avg": 6.65,
            "net_income": 126465,
            "revenue": 4863453,
            "common_shares": 13850003,
            "book_valuer_per_share": 14.35,
            "book_valuer_per_share_4q_avg": 14.25,
            "equity": 20894104,
            "current_ratio": 112.82,
            "debt_ratio": 43.16,
            "inventory_turnover_ratio": 5.2,
            "account_receivable_turnover_ratio": 0.7,
            "reinvestment_rate": null,
            "research_to_sale_ratio": 0.06,
            "price_fair": 0.98,
            "eps_avg_yearly": 0.33,
            "eps_latest_yearly": 0.28,
            "eps_growth_yearly": -47.7
        },
        "20193": {
            "year_quarter": 20193,
            "year": 2019,
            "quarter": 3,
            "eps": 0.17,
            "eps_growth_year": 70,
            "eps_4q": 0.49,
            "eps_4q_growth_year": 166.7,
            "roe": 1.21,
            "roe_4q": 3.65,
            "gross_profit": 344116,
            "gross_margin": 7.39,
            "gross_margin_4q_avg": 6.81,
            "net_income": 253091,
            "revenue": 4657565,
            "common_shares": 13850003,
            "book_valuer_per_share": 14.3,
            "book_valuer_per_share_4q_avg": 14.3,
            "equity": 20826778,
            "current_ratio": 129.23,
            "debt_ratio": 43.39,
            "inventory_turnover_ratio": 4.96,
            "account_receivable_turnover_ratio": 0.67,
            "reinvestment_rate": null,
            "research_to_sale_ratio": 0.06,
            "price_fair": 14,
            "eps_avg_yearly": 0.4,
            "eps_latest_yearly": 0.68,
            "eps_growth_yearly": 53.73
        },
        "20194": {
            "year_quarter": 20194,
            "year": 2019,
            "quarter": 4,
            "eps": 0.39,
            "eps_growth_year": 389.13,
            "eps_4q": 0.8,
            "eps_4q_growth_year": 113.98,
            "roe": 2.62,
            "roe_4q": 5.64,
            "gross_profit": 340463,
            "gross_margin": 6.58,
            "gross_margin_4q_avg": 6.74,
            "net_income": 555095,
            "revenue": 5171693,
            "common_shares": 13850003,
            "book_valuer_per_share": 14.76,
            "book_valuer_per_share_4q_avg": 14.47,
            "equity": 21475867,
            "current_ratio": 149.72,
            "debt_ratio": 42.03,
            "inventory_turnover_ratio": 6.54,
            "account_receivable_turnover_ratio": 0.71,
            "reinvestment_rate": null,
            "research_to_sale_ratio": 0.04,
            "price_fair": 18.51,
            "eps_avg_yearly": 0.53,
            "eps_latest_yearly": 1.56,
            "eps_growth_yearly": 105.27
        },
        "20201": {
            "year_quarter": 20201,
            "year": 2020,
            "quarter": 1,
            "eps": 0.19,
            "eps_growth_year": 11.76,
            "eps_4q": 0.83,
            "eps_4q_growth_year": 78,
            "roe": 1.31,
            "roe_4q": 5.74,
            "gross_profit": 459801,
            "gross_margin": 11.68,
            "gross_margin_4q_avg": 8.51,
            "net_income": 281054,
            "revenue": 3935248,
            "common_shares": 13850003,
            "book_valuer_per_share": 14.84,
            "book_valuer_per_share_4q_avg": 14.56,
            "equity": 21526130,
            "current_ratio": 162.02,
            "debt_ratio": 38.99,
            "inventory_turnover_ratio": 5.92,
            "account_receivable_turnover_ratio": 0.53,
            "reinvestment_rate": -27164.74,
            "research_to_sale_ratio": 0.06,
            "price_fair": 19.32,
            "eps_avg_yearly": 0.55,
            "eps_latest_yearly": 0.76,
            "eps_growth_yearly": 74.23
        },
        "20202": {
            "year_quarter": 20202,
            "year": 2020,
            "quarter": 2,
            "eps": 0.55,
            "eps_growth_year": 685.71,
            "eps_4q": 1.31,
            "eps_4q_growth_year": 212.39,
            "roe": 3.64,
            "roe_4q": 8.780000000000001,
            "gross_profit": 812132,
            "gross_margin": 17.8,
            "gross_margin_4q_avg": 10.86,
            "net_income": 787751,
            "revenue": 4561429,
            "common_shares": 13788093,
            "book_valuer_per_share": 15.06,
            "book_valuer_per_share_4q_avg": 14.74,
            "equity": 21755326,
            "current_ratio": 175.52,
            "debt_ratio": 39.69,
            "inventory_turnover_ratio": 6.12,
            "account_receivable_turnover_ratio": 0.66,
            "reinvestment_rate": -1812.23,
            "research_to_sale_ratio": 0.04,
            "price_fair": 24.56,
            "eps_avg_yearly": 0.7,
            "eps_latest_yearly": 2.2,
            "eps_growth_yearly": 136.38
        },
        "20203": {
            "year_quarter": 20203,
            "year": 2020,
            "quarter": 3,
            "eps": 0.57,
            "eps_growth_year": 235.29,
            "eps_4q": 1.94,
            "eps_4q_growth_year": 297.9,
            "roe": 3.5,
            "roe_4q": 11.07,
            "gross_profit": 856503,
            "gross_margin": 18.2,
            "gross_margin_4q_avg": 13.57,
            "net_income": 738255,
            "revenue": 4706641,
            "common_shares": 11800000,
            "book_valuer_per_share": 16.5,
            "book_valuer_per_share_4q_avg": 15.29,
            "equity": 20483109,
            "current_ratio": 170.66,
            "debt_ratio": 40.42,
            "inventory_turnover_ratio": 6.45,
            "account_receivable_turnover_ratio": 0.69,
            "reinvestment_rate": -990,
            "research_to_sale_ratio": 0.05,
            "price_fair": 29.17,
            "eps_avg_yearly": 0.83,
            "eps_latest_yearly": 2.28,
            "eps_growth_yearly": 126.23
        },
        "20204": {
            "year_quarter": 20204,
            "year": 2020,
            "quarter": 4,
            "eps": 0.61,
            "eps_growth_year": 57.66,
            "eps_4q": 2.1,
            "eps_4q_growth_year": 163.47,
            "roe": 3.56,
            "roe_4q": 12.010000000000002,
            "gross_profit": 1005011,
            "gross_margin": 17.71,
            "gross_margin_4q_avg": 16.35,
            "net_income": 743747,
            "revenue": 5674482,
            "common_shares": 11800000,
            "book_valuer_per_share": 17.16,
            "book_valuer_per_share_4q_avg": 15.89,
            "equity": 21330376,
            "current_ratio": 201.83,
            "debt_ratio": 38.58,
            "inventory_turnover_ratio": 7,
            "account_receivable_turnover_ratio": 0.78,
            "reinvestment_rate": -253.56,
            "research_to_sale_ratio": 0.04,
            "price_fair": 33.49,
            "eps_avg_yearly": 0.96,
            "eps_latest_yearly": 2.44,
            "eps_growth_yearly": 118.68
        },
        "20211": {
            "year_quarter": 20211,
            "year": 2021,
            "quarter": 1,
            "eps": 0.45,
            "eps_growth_year": 136.84,
            "eps_4q": 2.32,
            "eps_4q_growth_year": 180.9,
            "roe": 2.55,
            "roe_4q": 13.25,
            "gross_profit": 944002,
            "gross_margin": 18.53,
            "gross_margin_4q_avg": 18.06,
            "net_income": 551178,
            "revenue": 5093190,
            "common_shares": 11800000,
            "book_valuer_per_share": 17.69,
            "book_valuer_per_share_4q_avg": 16.6,
            "equity": 21976628,
            "current_ratio": 182.86,
            "debt_ratio": 37.44,
            "inventory_turnover_ratio": 5.26,
            "account_receivable_turnover_ratio": 0.7,
            "reinvestment_rate": -107.49,
            "research_to_sale_ratio": 0.04,
            "price_fair": 35.6,
            "eps_avg_yearly": 1.02,
            "eps_latest_yearly": 1.8,
            "eps_growth_yearly": 102.71
        },
        "20212": {
            "year_quarter": 20212,
            "year": 2021,
            "quarter": 2,
            "eps": 0.65,
            "eps_growth_year": 18.18,
            "eps_4q": 2.33,
            "eps_4q_growth_year": 77.8,
            "roe": 3.55,
            "roe_4q": 13.16,
            "gross_profit": 944060,
            "gross_margin": 17.21,
            "gross_margin_4q_avg": 17.91,
            "net_income": 793711,
            "revenue": 5484857,
            "common_shares": 11800000,
            "book_valuer_per_share": 18.36,
            "book_valuer_per_share_4q_avg": 17.43,
            "equity": 22759605,
            "current_ratio": 202.44,
            "debt_ratio": 35.44,
            "inventory_turnover_ratio": 5.54,
            "account_receivable_turnover_ratio": 0.8,
            "reinvestment_rate": -97.3,
            "research_to_sale_ratio": 0.04,
            "price_fair": 41.6,
            "eps_avg_yearly": 1.19,
            "eps_latest_yearly": 2.6,
            "eps_growth_yearly": 143.26
        },
        "20213": {
            "year_quarter": 20213,
            "year": 2021,
            "quarter": 3,
            "eps": 0.65,
            "eps_growth_year": 14.04,
            "eps_4q": 2.36,
            "eps_4q_growth_year": 21.55,
            "roe": 3.51,
            "roe_4q": 13.17,
            "gross_profit": 1041978,
            "gross_margin": 19.75,
            "gross_margin_4q_avg": 18.3,
            "net_income": 780102,
            "revenue": 5276634,
            "common_shares": 11800000,
            "book_valuer_per_share": 17.5,
            "book_valuer_per_share_4q_avg": 17.68,
            "equity": 21686672,
            "current_ratio": 177.1,
            "debt_ratio": 37.09,
            "inventory_turnover_ratio": 5.26,
            "account_receivable_turnover_ratio": 0.8,
            "reinvestment_rate": -27.46,
            "research_to_sale_ratio": 0.04,
            "price_fair": 47.6,
            "eps_avg_yearly": 1.36,
            "eps_latest_yearly": 2.6,
            "eps_growth_yearly": 143.26
        },
        "20214": {
            "year_quarter": 20214,
            "year": 2021,
            "quarter": 4,
            "eps": 0.67,
            "eps_growth_year": 9.26,
            "eps_4q": 2.42,
            "eps_4q_growth_year": 15.2,
            "roe": 3.66,
            "roe_4q": 13.27,
            "gross_profit": 1176089,
            "gross_margin": 19.78,
            "gross_margin_4q_avg": 18.82,
            "net_income": 808253,
            "revenue": 5947018,
            "common_shares": 11800000,
            "book_valuer_per_share": 18.18,
            "book_valuer_per_share_4q_avg": 17.93,
            "equity": 22505847,
            "current_ratio": 175.55,
            "debt_ratio": 37.06,
            "inventory_turnover_ratio": 6.59,
            "account_receivable_turnover_ratio": 0.87,
            "reinvestment_rate": -9,
            "research_to_sale_ratio": 0.04,
            "price_fair": 50.68,
            "eps_avg_yearly": 1.45,
            "eps_latest_yearly": 2.68,
            "eps_growth_yearly": 134.53
        },
        "20221": {
            "year_quarter": 20221,
            "year": 2022,
            "quarter": 1,
            "eps": 1.77,
            "eps_growth_year": 293.33,
            "eps_4q": 3.74,
            "eps_4q_growth_year": 60.96,
            "roe": 8.9,
            "roe_4q": 19.62,
            "gross_profit": 933890,
            "gross_margin": 19.24,
            "gross_margin_4q_avg": 19,
            "net_income": 2107717,
            "revenue": 4853435,
            "common_shares": 11800000,
            "book_valuer_per_share": 20.17,
            "book_valuer_per_share_4q_avg": 18.55,
            "equity": 24881222,
            "current_ratio": 210.17,
            "debt_ratio": 28.32,
            "inventory_turnover_ratio": 6.32,
            "account_receivable_turnover_ratio": 0.7,
            "reinvestment_rate": 16.5,
            "research_to_sale_ratio": 0.06,
            "price_fair": 63,
            "eps_avg_yearly": 1.8,
            "eps_latest_yearly": 7.08,
            "eps_growth_yearly": 167.17
        },
        "20222": {
            "year_quarter": 20222,
            "year": 2022,
            "quarter": 2,
            "eps": 0.6,
            "eps_growth_year": -7.69,
            "eps_4q": 3.68,
            "eps_4q_growth_year": 58.18,
            "roe": 3.05,
            "roe_4q": 19.119999999999997,
            "gross_profit": 1050995,
            "gross_margin": 20.01,
            "gross_margin_4q_avg": 19.7,
            "net_income": 733369,
            "revenue": 5253177,
            "common_shares": 11800000,
            "book_valuer_per_share": 18.76,
            "book_valuer_per_share_4q_avg": 18.65,
            "equity": 23163283,
            "current_ratio": 123.61,
            "debt_ratio": 36.97,
            "inventory_turnover_ratio": 6.47,
            "account_receivable_turnover_ratio": 0.78,
            "reinvestment_rate": 18.64,
            "research_to_sale_ratio": 0.01,
            "price_fair": 67.29,
            "eps_avg_yearly": 1.92,
            "eps_latest_yearly": 2.4,
            "eps_growth_yearly": 141.27
        },
        "20223": {
            "year_quarter": 20223,
            "year": 2022,
            "quarter": 3,
            "eps": 0.57,
            "eps_growth_year": -12.31,
            "eps_4q": 3.61,
            "eps_4q_growth_year": 52.51,
            "roe": 2.95,
            "roe_4q": 18.560000000000002,
            "gross_profit": 1117752,
            "gross_margin": 20.69,
            "gross_margin_4q_avg": 19.93,
            "net_income": 696163,
            "revenue": 5402532,
            "common_shares": 11800000,
            "book_valuer_per_share": 19.42,
            "book_valuer_per_share_4q_avg": 19.13,
            "equity": 23964399,
            "current_ratio": 133.17,
            "debt_ratio": 34.84,
            "inventory_turnover_ratio": 5.47,
            "account_receivable_turnover_ratio": 0.81,
            "reinvestment_rate": 28.87,
            "research_to_sale_ratio": 0.13,
            "price_fair": 71.4,
            "eps_avg_yearly": 2.04,
            "eps_latest_yearly": 2.28,
            "eps_growth_yearly": 142.29
        },
        "20224": {
            "year_quarter": 20224,
            "year": 2022,
            "quarter": 4,
            "eps": 0.57,
            "eps_growth_year": -14.1,
            "eps_4q": 3.51,
            "eps_4q_growth_year": 45.05,
            "roe": 2.89,
            "roe_4q": 17.79,
            "gross_profit": 1199483,
            "gross_margin": 20.79,
            "gross_margin_4q_avg": 20.18,
            "net_income": 698859,
            "revenue": 5769636,
            "common_shares": 11800000,
            "book_valuer_per_share": 19.77,
            "book_valuer_per_share_4q_avg": 19.53,
            "equity": 24397056,
            "current_ratio": 139.61,
            "debt_ratio": 37.36,
            "inventory_turnover_ratio": 5.38,
            "account_receivable_turnover_ratio": 0.8,
            "reinvestment_rate": 37.32,
            "research_to_sale_ratio": 0.14,
            "price_fair": 75.69,
            "eps_avg_yearly": 2.16,
            "eps_latest_yearly": 2.28,
            "eps_growth_yearly": 147.29
        },
        "20231": {
            "year_quarter": 20231,
            "year": 2023,
            "quarter": 1,
            "eps": 0.72,
            "eps_growth_year": -59.32,
            "eps_4q": 2.46,
            "eps_4q_growth_year": -34.22,
            "roe": 3.51,
            "roe_4q": 12.400000000000002,
            "gross_profit": 1143422,
            "gross_margin": 22.73,
            "gross_margin_4q_avg": 21.06,
            "net_income": 875318,
            "revenue": 5030462,
            "common_shares": 11800000,
            "book_valuer_per_share": 20.64,
            "book_valuer_per_share_4q_avg": 19.65,
            "equity": 25445873,
            "current_ratio": 161.87,
            "debt_ratio": 34.57,
            "inventory_turnover_ratio": 4.49,
            "account_receivable_turnover_ratio": 0.7,
            "reinvestment_rate": 34.06,
            "research_to_sale_ratio": 0.13,
            "price_fair": 80.5,
            "eps_avg_yearly": 2.3,
            "eps_latest_yearly": 2.88,
            "eps_growth_yearly": 125.74
        }
    },
    "months": {
        "2001-06": {
            "month": "2001-06",
            "price": "3.42",
            "revenue": 668331
        },
        "2001-07": {
            "month": "2001-07",
            "price": "3.30",
            "revenue": 644143
        },
        "2001-08": {
            "month": "2001-08",
            "price": "3.53",
            "revenue": 691674
        },
        "2001-09": {
            "month": "2001-09",
            "price": "3.22",
            "revenue": 507748
        },
        "2001-10": {
            "month": "2001-10",
            "price": "2.86",
            "revenue": 763084
        },
        "2001-11": {
            "month": "2001-11",
            "price": "2.74",
            "revenue": 783757
        },
        "2001-12": {
            "month": "2001-12",
            "price": "2.77",
            "revenue": 987461
        },
        "2002-01": {
            "month": "2002-01",
            "price": "2.99",
            "revenue": 834992
        },
        "2002-02": {
            "month": "2002-02",
            "price": "2.86",
            "revenue": 513769
        },
        "2002-03": {
            "month": "2002-03",
            "price": "3.22",
            "revenue": 786873
        },
        "2002-04": {
            "month": "2002-04",
            "price": "4.74",
            "revenue": 838970
        },
        "2002-05": {
            "month": "2002-05",
            "price": "4.06",
            "revenue": 940896
        },
        "2002-06": {
            "month": "2002-06",
            "price": "3.93",
            "revenue": 865195
        },
        "2002-07": {
            "month": "2002-07",
            "price": "3.85",
            "revenue": 925854
        },
        "2002-08": {
            "month": "2002-08",
            "price": "3.72",
            "revenue": 1039608
        },
        "2002-09": {
            "month": "2002-09",
            "price": "3.36",
            "revenue": 1087088
        },
        "2002-10": {
            "month": "2002-10",
            "price": "2.72",
            "revenue": 1102381
        },
        "2002-11": {
            "month": "2002-11",
            "price": "3.12",
            "revenue": 1011551
        },
        "2002-12": {
            "month": "2002-12",
            "price": "3.75",
            "revenue": 1043130
        },
        "2003-01": {
            "month": "2003-01",
            "price": "4.94",
            "revenue": 976108
        },
        "2003-02": {
            "month": "2003-02",
            "price": "4.41",
            "revenue": 649475
        },
        "2003-03": {
            "month": "2003-03",
            "price": "3.92",
            "revenue": 954934
        },
        "2003-04": {
            "month": "2003-04",
            "price": "3.83",
            "revenue": 782452
        },
        "2003-05": {
            "month": "2003-05",
            "price": "3.29",
            "revenue": 928482
        },
        "2003-06": {
            "month": "2003-06",
            "price": "3.77",
            "revenue": 749851
        },
        "2003-07": {
            "month": "2003-07",
            "price": "4.04",
            "revenue": 946650
        },
        "2003-08": {
            "month": "2003-08",
            "price": "4.15",
            "revenue": 799129
        },
        "2003-09": {
            "month": "2003-09",
            "price": "4.25",
            "revenue": 799866
        },
        "2003-10": {
            "month": "2003-10",
            "price": "5.02",
            "revenue": 942251
        },
        "2003-11": {
            "month": "2003-11",
            "price": "5.40",
            "revenue": 788535
        },
        "2003-12": {
            "month": "2003-12",
            "price": "5.88",
            "revenue": 941224
        },
        "2004-01": {
            "month": "2004-01",
            "price": "7.32",
            "revenue": 709599
        },
        "2004-02": {
            "month": "2004-02",
            "price": "8.72",
            "revenue": 1274139
        },
        "2004-03": {
            "month": "2004-03",
            "price": "9.70",
            "revenue": 1043934
        },
        "2004-04": {
            "month": "2004-04",
            "price": "10.03",
            "revenue": 1000126
        },
        "2004-05": {
            "month": "2004-05",
            "price": "7.75",
            "revenue": 1057034
        },
        "2004-06": {
            "month": "2004-06",
            "price": "7.60",
            "revenue": 1047791
        },
        "2004-07": {
            "month": "2004-07",
            "price": "7.47",
            "revenue": 872615
        },
        "2004-08": {
            "month": "2004-08",
            "price": "6.73",
            "revenue": 840375
        },
        "2004-09": {
            "month": "2004-09",
            "price": "7.76",
            "revenue": 827815
        },
        "2004-10": {
            "month": "2004-10",
            "price": "7.80",
            "revenue": 892509
        },
        "2004-11": {
            "month": "2004-11",
            "price": "8.07",
            "revenue": 968545
        },
        "2004-12": {
            "month": "2004-12",
            "price": "9.20",
            "revenue": 965521
        },
        "2005-01": {
            "month": "2005-01",
            "price": "9.40",
            "revenue": 1050354
        },
        "2005-02": {
            "month": "2005-02",
            "price": "9.07",
            "revenue": 557911
        },
        "2005-03": {
            "month": "2005-03",
            "price": "8.98",
            "revenue": 947566
        },
        "2005-04": {
            "month": "2005-04",
            "price": "7.65",
            "revenue": 1003304
        },
        "2005-05": {
            "month": "2005-05",
            "price": "7.64",
            "revenue": 919920
        },
        "2005-06": {
            "month": "2005-06",
            "price": "8.40",
            "revenue": 881378
        },
        "2005-07": {
            "month": "2005-07",
            "price": "8.19",
            "revenue": 989091
        },
        "2005-08": {
            "month": "2005-08",
            "price": "7.98",
            "revenue": 1018123
        },
        "2005-09": {
            "month": "2005-09",
            "price": "8.25",
            "revenue": 1233977
        },
        "2005-10": {
            "month": "2005-10",
            "price": "8.06",
            "revenue": 2035685
        },
        "2005-11": {
            "month": "2005-11",
            "price": "8.05",
            "revenue": 1412108
        },
        "2005-12": {
            "month": "2005-12",
            "price": "8.52",
            "revenue": 1374124
        },
        "2006-01": {
            "month": "2006-01",
            "price": "8.67",
            "revenue": 1313131
        },
        "2006-02": {
            "month": "2006-02",
            "price": "8.50",
            "revenue": 802205
        },
        "2006-03": {
            "month": "2006-03",
            "price": "8.32",
            "revenue": 1274552
        },
        "2006-04": {
            "month": "2006-04",
            "price": "9.38",
            "revenue": 1197205
        },
        "2006-05": {
            "month": "2006-05",
            "price": "14.22",
            "revenue": 1159843
        },
        "2006-06": {
            "month": "2006-06",
            "price": "13.72",
            "revenue": 1118303
        },
        "2006-07": {
            "month": "2006-07",
            "price": "13.53",
            "revenue": 1207748
        },
        "2006-08": {
            "month": "2006-08",
            "price": "13.23",
            "revenue": 1397961
        },
        "2006-09": {
            "month": "2006-09",
            "price": "12.73",
            "revenue": 2080389
        },
        "2006-10": {
            "month": "2006-10",
            "price": "14.07",
            "revenue": 1500934
        },
        "2006-11": {
            "month": "2006-11",
            "price": "16.38",
            "revenue": 1424466
        },
        "2006-12": {
            "month": "2006-12",
            "price": "17.75",
            "revenue": 2206178
        },
        "2007-01": {
            "month": "2007-01",
            "price": "17.21",
            "revenue": 1401791
        },
        "2007-02": {
            "month": "2007-02",
            "price": "18.32",
            "revenue": 960662
        },
        "2007-03": {
            "month": "2007-03",
            "price": "18.32",
            "revenue": 1279829
        },
        "2007-04": {
            "month": "2007-04",
            "price": "18.36",
            "revenue": 1361149
        },
        "2007-05": {
            "month": "2007-05",
            "price": "17.75",
            "revenue": 2689475
        },
        "2007-06": {
            "month": "2007-06",
            "price": "18.02",
            "revenue": 1395811
        },
        "2007-07": {
            "month": "2007-07",
            "price": "20.59",
            "revenue": 1450301
        },
        "2007-08": {
            "month": "2007-08",
            "price": "17.96",
            "revenue": 1249645
        },
        "2007-09": {
            "month": "2007-09",
            "price": "19.08",
            "revenue": 1282707
        },
        "2007-10": {
            "month": "2007-10",
            "price": "20.35",
            "revenue": 1547497
        },
        "2007-11": {
            "month": "2007-11",
            "price": "17.12",
            "revenue": 1599277
        },
        "2007-12": {
            "month": "2007-12",
            "price": "14.76",
            "revenue": 2748481
        },
        "2008-01": {
            "month": "2008-01",
            "price": "16.15",
            "revenue": 1788287
        },
        "2008-02": {
            "month": "2008-02",
            "price": "18.76",
            "revenue": 947814
        },
        "2008-03": {
            "month": "2008-03",
            "price": "20.70",
            "revenue": 1690707
        },
        "2008-04": {
            "month": "2008-04",
            "price": "23.31",
            "revenue": 1595795
        },
        "2008-05": {
            "month": "2008-05",
            "price": "22.66",
            "revenue": 1674177
        },
        "2008-06": {
            "month": "2008-06",
            "price": "17.53",
            "revenue": 1327505
        },
        "2008-07": {
            "month": "2008-07",
            "price": "14.14",
            "revenue": 1671384
        },
        "2008-08": {
            "month": "2008-08",
            "price": "13.78",
            "revenue": 1515449
        },
        "2008-09": {
            "month": "2008-09",
            "price": "10.03",
            "revenue": 1366086
        },
        "2008-10": {
            "month": "2008-10",
            "price": "6.98",
            "revenue": 1517818
        },
        "2008-11": {
            "month": "2008-11",
            "price": "8.16",
            "revenue": 1359749
        },
        "2008-12": {
            "month": "2008-12",
            "price": "9.21",
            "revenue": 4663103
        },
        "2009-01": {
            "month": "2009-01",
            "price": "9.35",
            "revenue": 1485548
        },
        "2009-02": {
            "month": "2009-02",
            "price": "9.39",
            "revenue": 1144640
        },
        "2009-03": {
            "month": "2009-03",
            "price": "10.20",
            "revenue": 1580339
        },
        "2009-04": {
            "month": "2009-04",
            "price": "13.13",
            "revenue": 1600699
        },
        "2009-05": {
            "month": "2009-05",
            "price": "15.69",
            "revenue": 1588966
        },
        "2009-06": {
            "month": "2009-06",
            "price": "15.74",
            "revenue": 1457523
        },
        "2009-07": {
            "month": "2009-07",
            "price": "16.66",
            "revenue": 1696962
        },
        "2009-08": {
            "month": "2009-08",
            "price": "16.93",
            "revenue": 1560533
        },
        "2009-09": {
            "month": "2009-09",
            "price": "16.78",
            "revenue": 1661103
        },
        "2009-10": {
            "month": "2009-10",
            "price": "16.69",
            "revenue": 1885929
        },
        "2009-11": {
            "month": "2009-11",
            "price": "14.86",
            "revenue": 1855931
        },
        "2009-12": {
            "month": "2009-12",
            "price": "14.70",
            "revenue": 2040075
        },
        "2010-01": {
            "month": "2010-01",
            "price": "14.95",
            "revenue": 1958334
        },
        "2010-02": {
            "month": "2010-02",
            "price": "12.35",
            "revenue": 1447904
        },
        "2010-03": {
            "month": "2010-03",
            "price": "13.21",
            "revenue": 1800949
        },
        "2010-04": {
            "month": "2010-04",
            "price": "13.86",
            "revenue": 1949936
        },
        "2010-05": {
            "month": "2010-05",
            "price": "12.58",
            "revenue": 1952522
        },
        "2010-06": {
            "month": "2010-06",
            "price": "13.29",
            "revenue": 1803717
        },
        "2010-07": {
            "month": "2010-07",
            "price": "14.02",
            "revenue": 2103388
        },
        "2010-08": {
            "month": "2010-08",
            "price": "14.90",
            "revenue": 2087174
        },
        "2010-09": {
            "month": "2010-09",
            "price": "14.65",
            "revenue": 1831351
        },
        "2010-10": {
            "month": "2010-10",
            "price": "15.80",
            "revenue": 1989500
        },
        "2010-11": {
            "month": "2010-11",
            "price": "16.18",
            "revenue": 2195904
        },
        "2010-12": {
            "month": "2010-12",
            "price": "16.19",
            "revenue": 2400638
        },
        "2011-01": {
            "month": "2011-01",
            "price": "15.80",
            "revenue": 2321919
        },
        "2011-02": {
            "month": "2011-02",
            "price": "14.05",
            "revenue": 1375295
        },
        "2011-03": {
            "month": "2011-03",
            "price": "12.82",
            "revenue": 2147809
        },
        "2011-04": {
            "month": "2011-04",
            "price": "14.28",
            "revenue": 2181366
        },
        "2011-05": {
            "month": "2011-05",
            "price": "14.38",
            "revenue": 2122088
        },
        "2011-06": {
            "month": "2011-06",
            "price": "14.18",
            "revenue": 2011694
        },
        "2011-07": {
            "month": "2011-07",
            "price": "15.20",
            "revenue": 2233947
        },
        "2011-08": {
            "month": "2011-08",
            "price": "14.08",
            "revenue": 2189508
        },
        "2011-09": {
            "month": "2011-09",
            "price": "12.64",
            "revenue": 2157626
        },
        "2011-10": {
            "month": "2011-10",
            "price": "12.70",
            "revenue": 2267356
        },
        "2011-11": {
            "month": "2011-11",
            "price": "12.34",
            "revenue": 2211193
        },
        "2011-12": {
            "month": "2011-12",
            "price": "11.13",
            "revenue": 2345143
        },
        "2012-01": {
            "month": "2012-01",
            "price": "10.64",
            "revenue": 1862180
        },
        "2012-02": {
            "month": "2012-02",
            "price": "12.49",
            "revenue": 1559926
        },
        "2012-03": {
            "month": "2012-03",
            "price": "12.39",
            "revenue": 2101014
        },
        "2012-04": {
            "month": "2012-04",
            "price": "11.44",
            "revenue": 2206049
        },
        "2012-05": {
            "month": "2012-05",
            "price": "10.61",
            "revenue": 2205703
        },
        "2012-06": {
            "month": "2012-06",
            "price": "10.29",
            "revenue": 2048466
        },
        "2012-07": {
            "month": "2012-07",
            "price": "10.35",
            "revenue": 2368930
        },
        "2012-08": {
            "month": "2012-08",
            "price": "10.61",
            "revenue": 2146248
        },
        "2012-09": {
            "month": "2012-09",
            "price": "11.40",
            "revenue": 2262592
        },
        "2012-10": {
            "month": "2012-10",
            "price": "11.12",
            "revenue": 2589331
        },
        "2012-11": {
            "month": "2012-11",
            "price": "10.66",
            "revenue": 2448675
        },
        "2012-12": {
            "month": "2012-12",
            "price": "11.20",
            "revenue": 2406920
        },
        "2013-01": {
            "month": "2013-01",
            "price": "11.57",
            "revenue": 2433666
        },
        "2013-02": {
            "month": "2013-02",
            "price": "11.68",
            "revenue": 1789076
        },
        "2013-03": {
            "month": "2013-03",
            "price": "11.82",
            "revenue": 2492902
        },
        "2013-04": {
            "month": "2013-04",
            "price": "11.83",
            "revenue": 2535079
        },
        "2013-05": {
            "month": "2013-05",
            "price": "12.27",
            "revenue": 2356424
        },
        "2013-06": {
            "month": "2013-06",
            "price": "12.05",
            "revenue": 2521612
        },
        "2013-07": {
            "month": "2013-07",
            "price": "11.96",
            "revenue": 2832176
        },
        "2013-08": {
            "month": "2013-08",
            "price": "11.68",
            "revenue": 2660738
        },
        "2013-09": {
            "month": "2013-09",
            "price": "11.51",
            "revenue": 2731189
        },
        "2013-10": {
            "month": "2013-10",
            "price": "12.06",
            "revenue": 3093969
        },
        "2013-11": {
            "month": "2013-11",
            "price": "12.03",
            "revenue": 3061457
        },
        "2013-12": {
            "month": "2013-12",
            "price": "12.40",
            "revenue": 3065209
        },
        "2014-01": {
            "month": "2014-01",
            "price": "12.29",
            "revenue": 3020071
        },
        "2014-02": {
            "month": "2014-02",
            "price": "12.25",
            "revenue": 1801301
        },
        "2014-03": {
            "month": "2014-03",
            "price": "11.95",
            "revenue": 2852777
        },
        "2014-04": {
            "month": "2014-04",
            "price": "11.35",
            "revenue": 2962056
        },
        "2014-05": {
            "month": "2014-05",
            "price": "10.58",
            "revenue": 2908237
        },
        "2014-06": {
            "month": "2014-06",
            "price": "10.51",
            "revenue": 2874951
        },
        "2014-07": {
            "month": "2014-07",
            "price": "10.59",
            "revenue": 3203245
        },
        "2014-08": {
            "month": "2014-08",
            "price": "10.58",
            "revenue": 2971056
        },
        "2014-09": {
            "month": "2014-09",
            "price": "10.84",
            "revenue": 2820078
        },
        "2014-10": {
            "month": "2014-10",
            "price": "10.51",
            "revenue": 3160937
        },
        "2014-11": {
            "month": "2014-11",
            "price": "10.61",
            "revenue": 2946522
        },
        "2014-12": {
            "month": "2014-12",
            "price": "10.83",
            "revenue": 3005899
        },
        "2015-01": {
            "month": "2015-01",
            "price": "10.89",
            "revenue": 2802493
        },
        "2015-02": {
            "month": "2015-02",
            "price": "10.48",
            "revenue": 2214348
        },
        "2015-03": {
            "month": "2015-03",
            "price": "10.48",
            "revenue": 2217948
        },
        "2015-04": {
            "month": "2015-04",
            "price": "10.45",
            "revenue": 2388637
        },
        "2015-05": {
            "month": "2015-05",
            "price": "10.18",
            "revenue": 2227121
        },
        "2015-06": {
            "month": "2015-06",
            "price": "9.95",
            "revenue": 2094676
        },
        "2015-07": {
            "month": "2015-07",
            "price": "9.36",
            "revenue": 2282685
        },
        "2015-08": {
            "month": "2015-08",
            "price": "8.33",
            "revenue": 2176151
        },
        "2015-09": {
            "month": "2015-09",
            "price": "8.69",
            "revenue": 2196454
        },
        "2015-10": {
            "month": "2015-10",
            "price": "9.13",
            "revenue": 2462107
        },
        "2015-11": {
            "month": "2015-11",
            "price": "9.53",
            "revenue": 2234804
        },
        "2015-12": {
            "month": "2015-12",
            "price": "9.13",
            "revenue": 2502147
        },
        "2016-01": {
            "month": "2016-01",
            "price": "7.81",
            "revenue": 2440955
        },
        "2016-02": {
            "month": "2016-02",
            "price": "7.90",
            "revenue": 2092824
        },
        "2016-03": {
            "month": "2016-03",
            "price": "9.32",
            "revenue": 2382837
        },
        "2016-04": {
            "month": "2016-04",
            "price": "9.01",
            "revenue": 2349873
        },
        "2016-05": {
            "month": "2016-05",
            "price": "8.34",
            "revenue": 2451957
        },
        "2016-06": {
            "month": "2016-06",
            "price": "8.49",
            "revenue": 2182677
        },
        "2016-07": {
            "month": "2016-07",
            "price": "8.21",
            "revenue": 2296018
        },
        "2016-08": {
            "month": "2016-08",
            "price": "8.02",
            "revenue": 2220102
        },
        "2016-09": {
            "month": "2016-09",
            "price": "7.65",
            "revenue": 1906793
        },
        "2016-10": {
            "month": "2016-10",
            "price": "7.40",
            "revenue": 1968780
        },
        "2016-11": {
            "month": "2016-11",
            "price": "6.73",
            "revenue": 1735171
        },
        "2016-12": {
            "month": "2016-12",
            "price": "6.77",
            "revenue": 1602040
        },
        "2017-01": {
            "month": "2017-01",
            "price": "6.96",
            "revenue": 1317672
        },
        "2017-02": {
            "month": "2017-02",
            "price": "8.51",
            "revenue": 874283
        },
        "2017-03": {
            "month": "2017-03",
            "price": "8.58",
            "revenue": 1478916
        },
        "2017-04": {
            "month": "2017-04",
            "price": "8.10",
            "revenue": 1299184
        },
        "2017-05": {
            "month": "2017-05",
            "price": "8.78",
            "revenue": 1411585
        },
        "2017-06": {
            "month": "2017-06",
            "price": "9.55",
            "revenue": 1218307
        },
        "2017-07": {
            "month": "2017-07",
            "price": "9.12",
            "revenue": 1293666
        },
        "2017-08": {
            "month": "2017-08",
            "price": "9.06",
            "revenue": 1349100
        },
        "2017-09": {
            "month": "2017-09",
            "price": "9.21",
            "revenue": 1339563
        },
        "2017-10": {
            "month": "2017-10",
            "price": "9.06",
            "revenue": 1369536
        },
        "2017-11": {
            "month": "2017-11",
            "price": "9.12",
            "revenue": 1546814
        },
        "2017-12": {
            "month": "2017-12",
            "price": "9.26",
            "revenue": 1803901
        },
        "2018-01": {
            "month": "2018-01",
            "price": "9.88",
            "revenue": 1625649
        },
        "2018-02": {
            "month": "2018-02",
            "price": "9.28",
            "revenue": 880496
        },
        "2018-03": {
            "month": "2018-03",
            "price": "9.36",
            "revenue": 1578183
        },
        "2018-04": {
            "month": "2018-04",
            "price": "9.59",
            "revenue": 1565489
        },
        "2018-05": {
            "month": "2018-05",
            "price": "9.65",
            "revenue": 1644888
        },
        "2018-06": {
            "month": "2018-06",
            "price": "9.52",
            "revenue": 1487199
        },
        "2018-07": {
            "month": "2018-07",
            "price": "9.42",
            "revenue": 1526057
        },
        "2018-08": {
            "month": "2018-08",
            "price": "9.35",
            "revenue": 1383098
        },
        "2018-09": {
            "month": "2018-09",
            "price": "9.30",
            "revenue": 1508230
        },
        "2018-10": {
            "month": "2018-10",
            "price": "8.66",
            "revenue": 1830716
        },
        "2018-11": {
            "month": "2018-11",
            "price": "8.38",
            "revenue": 1563609
        },
        "2018-12": {
            "month": "2018-12",
            "price": "8.52",
            "revenue": 1742009
        },
        "2019-01": {
            "month": "2019-01",
            "price": "8.43",
            "revenue": 1854332
        },
        "2019-02": {
            "month": "2019-02",
            "price": "8.87",
            "revenue": 742504
        },
        "2019-03": {
            "month": "2019-03",
            "price": "8.75",
            "revenue": 1616490
        },
        "2019-04": {
            "month": "2019-04",
            "price": "8.48",
            "revenue": 1727259
        },
        "2019-05": {
            "month": "2019-05",
            "price": "8.57",
            "revenue": 1646314
        },
        "2019-06": {
            "month": "2019-06",
            "price": "8.54",
            "revenue": 1461941
        },
        "2019-07": {
            "month": "2019-07",
            "price": "8.56",
            "revenue": 1574374
        },
        "2019-08": {
            "month": "2019-08",
            "price": "8.04",
            "revenue": 1445972
        },
        "2019-09": {
            "month": "2019-09",
            "price": "8.65",
            "revenue": 1632789
        },
        "2019-10": {
            "month": "2019-10",
            "price": "11.96",
            "revenue": 1685285
        },
        "2019-11": {
            "month": "2019-11",
            "price": "14.03",
            "revenue": 1700294
        },
        "2019-12": {
            "month": "2019-12",
            "price": "13.95",
            "revenue": 1695770
        },
        "2020-01": {
            "month": "2020-01",
            "price": "14.28",
            "revenue": 1356804
        },
        "2020-02": {
            "month": "2020-02",
            "price": "13.91",
            "revenue": 1173452
        },
        "2020-03": {
            "month": "2020-03",
            "price": "11.35",
            "revenue": 1405031
        },
        "2020-04": {
            "month": "2020-04",
            "price": "12.05",
            "revenue": 1581729
        },
        "2020-05": {
            "month": "2020-05",
            "price": "14.01",
            "revenue": 1459648
        },
        "2020-06": {
            "month": "2020-06",
            "price": "14.30",
            "revenue": 1520015
        },
        "2020-07": {
            "month": "2020-07",
            "price": "17.02",
            "revenue": 1533003
        },
        "2020-08": {
            "month": "2020-08",
            "price": "18.95",
            "revenue": 1463388
        },
        "2020-09": {
            "month": "2020-09",
            "price": "23.56",
            "revenue": 1710250
        },
        "2020-10": {
            "month": "2020-10",
            "price": "25.22",
            "revenue": 1749218
        },
        "2020-11": {
            "month": "2020-11",
            "price": "27.24",
            "revenue": 1844706
        },
        "2020-12": {
            "month": "2020-12",
            "price": "24.66",
            "revenue": 2080558
        },
        "2021-01": {
            "month": "2021-01",
            "price": "22.88",
            "revenue": 2082709
        },
        "2021-02": {
            "month": "2021-02",
            "price": "23.17",
            "revenue": 1052773
        },
        "2021-03": {
            "month": "2021-03",
            "price": "25.97",
            "revenue": 1957707
        },
        "2021-04": {
            "month": "2021-04",
            "price": "27.81",
            "revenue": 2039703
        },
        "2021-05": {
            "month": "2021-05",
            "price": "24.85",
            "revenue": 1845369
        },
        "2021-06": {
            "month": "2021-06",
            "price": "24.84",
            "revenue": 1599786
        },
        "2021-07": {
            "month": "2021-07",
            "price": "24.54",
            "revenue": 1710816
        },
        "2021-08": {
            "month": "2021-08",
            "price": "22.27",
            "revenue": 1710963
        },
        "2021-09": {
            "month": "2021-09",
            "price": "22.99",
            "revenue": 1854854
        },
        "2021-10": {
            "month": "2021-10",
            "price": "24.36",
            "revenue": 1918691
        },
        "2021-11": {
            "month": "2021-11",
            "price": "26.61",
            "revenue": 2025844
        },
        "2021-12": {
            "month": "2021-12",
            "price": "28.27",
            "revenue": 2002483
        },
        "2022-01": {
            "month": "2022-01",
            "price": "26.59",
            "revenue": 1940163
        },
        "2022-02": {
            "month": "2022-02",
            "price": "27.11",
            "revenue": 958857
        },
        "2022-03": {
            "month": "2022-03",
            "price": "28.26",
            "revenue": 1954415
        },
        "2022-04": {
            "month": "2022-04",
            "price": "30.57",
            "revenue": 1892267
        },
        "2022-05": {
            "month": "2022-05",
            "price": "27.20",
            "revenue": 1614590
        },
        "2022-06": {
            "month": "2022-06",
            "price": "25.59",
            "revenue": 1746320
        },
        "2022-07": {
            "month": "2022-07",
            "price": "23.46",
            "revenue": 1832273
        },
        "2022-08": {
            "month": "2022-08",
            "price": "24.90",
            "revenue": 1819642
        },
        "2022-09": {
            "month": "2022-09",
            "price": "24.99",
            "revenue": 1750617
        },
        "2022-10": {
            "month": "2022-10",
            "price": "22.89",
            "revenue": 1954724
        },
        "2022-11": {
            "month": "2022-11",
            "price": "24.37",
            "revenue": 1951892
        },
        "2022-12": {
            "month": "2022-12",
            "price": "25.09",
            "revenue": 1863020
        },
        "2023-01": {
            "month": "2023-01",
            "price": "25.44",
            "revenue": 1422795
        },
        "2023-02": {
            "month": "2023-02",
            "price": "26.58",
            "revenue": 1534531
        },
        "2023-03": {
            "month": "2023-03",
            "price": "27.62",
            "revenue": 2073136
        },
        "2023-04": {
            "month": "2023-04",
            "price": "27.88",
            "revenue": 1735929
        },
        "2023-05": {
            "month": "2023-05",
            "price": "28.72",
            "revenue": 1832479
        }
    }
}
