{
    "summary": {
        "stock_name": "國揚",
        "stock_id": "2505",
        "category": "建材營造",
        "main_business": "委託營造廠商興建國民住宅、商業大樓出租出售<br>建築材料之買賣製造代理<br>工業廠房開發租售業",
        "website_url": "http://www.kycc.com.tw",
        "ceo": "彭邵齡",
        "pe_ratio": 35,
        "report_year_from": 2001,
        "report_year_to": 2023,
        "age": 23,
        "eps_negative_percentage": 17,
        "eps_growth_avg": {
            "last_all": -6.57,
            "last_2y": -50.86,
            "last_4y": -13.15,
            "last_8y": -6.36,
            "last_12y": 6.03,
            "last_16y": -5.02,
            "last_20y": -1.07,
            "at_2006_last_3y": 28.57,
            "at_2007_last_3y": 26.67,
            "at_2008_last_3y": 2.36,
            "at_2009_last_3y": -11.92,
            "at_2010_last_3y": -49.23,
            "at_2011_last_3y": -23.51,
            "at_2012_last_3y": 33.33,
            "at_2013_last_3y": 73.54,
            "at_2014_last_3y": 30.81,
            "at_2015_last_3y": 30.81,
            "at_2016_last_3y": -18.77,
            "at_2017_last_3y": 1.08,
            "at_2018_last_3y": 0.42,
            "at_2019_last_3y": -32.77,
            "at_2020_last_3y": 33.33,
            "at_2021_last_3y": -21.57,
            "at_2022_last_3y": -5.03,
            "at_2023_last_3y": -13.15,
            "at_2024_last_3y": -13.15,
            "at_2006_last_all": -14.29,
            "at_2007_last_all": -5,
            "at_2008_last_all": -18.11,
            "at_2009_last_all": -31.76,
            "at_2010_last_all": -31.76,
            "at_2011_last_all": -12.93,
            "at_2012_last_all": 1.18,
            "at_2013_last_all": 3.34,
            "at_2014_last_all": -6.73,
            "at_2015_last_all": 2.97,
            "at_2016_last_all": -5.47,
            "at_2017_last_all": 2.65,
            "at_2018_last_all": -4.69,
            "at_2019_last_all": -4.69,
            "at_2020_last_all": 2.29,
            "at_2021_last_all": -1.89,
            "at_2022_last_all": -4.75,
            "at_2023_last_all": -6.57,
            "at_2024_last_all": -6.57
        },
        "latest_eps": 0.8,
        "latest_price": 27.65,
        "latest_roe": 3.08,
        "latest_gross_margin": 46.63,
        "latest_equity": 10205236,
        "latest_revenue": 300785,
        "latest_gross_profit": 140269,
        "latest_net_income": 123704,
        "latest_debt_ratio": 44.98,
        "latest_current_ratio": 193.9,
        "latest_account_receivable_turnover_ratio": 1.74,
        "latest_inventory_turnover_ratio": 0.01,
        "latest_reinvestment_rate": 15.51,
        "latest_research_to_sale_ratio": null
    },
    "eps_dividends": {
        "1991": {
            "cash": 0,
            "stock": 0.5,
            "eps": 0
        },
        "1997": {
            "cash": 0,
            "stock": 2.2,
            "eps": 0
        },
        "1998": {
            "cash": 0,
            "stock": 5,
            "eps": 0
        },
        "2001": {
            "cash": 0,
            "stock": 0,
            "eps": 0.4
        },
        "2002": {
            "cash": 0,
            "stock": 0,
            "eps": -4.18
        },
        "2003": {
            "cash": 0,
            "stock": 0,
            "eps": -1.31
        },
        "2004": {
            "cash": 0,
            "stock": 0,
            "eps": 0.14
        },
        "2005": {
            "cash": 0,
            "stock": 0,
            "eps": 0.08
        },
        "2006": {
            "cash": 0,
            "stock": 0,
            "eps": 1.05
        },
        "2007": {
            "cash": 0,
            "stock": 0,
            "eps": 1.29
        },
        "2008": {
            "cash": 0.3,
            "stock": 0,
            "eps": 0.38
        },
        "2009": {
            "cash": 0,
            "stock": 0,
            "eps": -0.82
        },
        "2010": {
            "cash": 0,
            "stock": 0,
            "eps": 0.17
        },
        "2011": {
            "cash": 0.3,
            "stock": 0,
            "eps": 0.75
        },
        "2012": {
            "cash": 0,
            "stock": 0,
            "eps": 2.86
        },
        "2013": {
            "cash": 0.3,
            "stock": 1,
            "eps": 3.45
        },
        "2014": {
            "cash": 0.4,
            "stock": 0,
            "eps": 0.09
        },
        "2015": {
            "cash": 0.1,
            "stock": 0,
            "eps": 0.59
        },
        "2016": {
            "cash": 0.4,
            "stock": 0,
            "eps": 0.01
        },
        "2017": {
            "cash": 0,
            "stock": 0,
            "eps": 0.24
        },
        "2018": {
            "cash": 0.25,
            "stock": 0,
            "eps": -0.12
        },
        "2019": {
            "cash": 0.5,
            "stock": 0,
            "eps": 0.09
        },
        "2020": {
            "cash": 1.65,
            "stock": 0,
            "eps": 7.31
        },
        "2021": {
            "cash": 2,
            "stock": 0,
            "eps": 2.58
        },
        "2022": {
            "cash": 0,
            "stock": 0,
            "eps": 1.28
        },
        "2023": {
            "cash": 0.4,
            "stock": 0,
            "eps": 0.8
        }
    },
    "dividends": {
        "1991-06-24": {
            "cash": 0,
            "stock": 0.5
        },
        "1997-04-16": {
            "cash": 0,
            "stock": 2.2
        },
        "1998-03-12": {
            "cash": 0,
            "stock": 5
        },
        "2008-04-24": {
            "cash": 0.3,
            "stock": 0
        },
        "2011-01-01": {
            "cash": 0.3,
            "stock": 0
        },
        "2013-04-22": {
            "cash": 0.3,
            "stock": 1
        },
        "2014-10-22": {
            "cash": 0.4,
            "stock": 0
        },
        "2015-09-24": {
            "cash": 0.1,
            "stock": 0
        },
        "2016-11-22": {
            "cash": 0.4,
            "stock": 0
        },
        "2018-08-14": {
            "cash": 0.25,
            "stock": 0
        },
        "2019-09-30": {
            "cash": 0.5,
            "stock": 0
        },
        "2020-04-20": {
            "cash": 0.15,
            "stock": 0
        },
        "2020-08-03": {
            "cash": 1.5,
            "stock": 0
        },
        "2021-05-10": {
            "cash": 0.5,
            "stock": 0
        },
        "2021-10-13": {
            "cash": 1,
            "stock": 0
        },
        "2021-12-22": {
            "cash": 0.5,
            "stock": 0
        },
        "2023-11-08": {
            "cash": 0.4,
            "stock": 0
        }
    },
    "prices": {
        "200101": "1.23",
        "200102": "2.11",
        "200103": "2.49",
        "200104": "2.99",
        "200105": "2.18",
        "200106": "1.65",
        "200107": "1.34",
        "200108": "1.52",
        "200109": "1.51",
        "200110": "1.25",
        "200111": "1.19",
        "200112": "1.33",
        "200201": "1.80",
        "200202": "1.93",
        "200203": "2.23",
        "200204": "4.37",
        "200205": "4.11",
        "200206": "3.80",
        "200207": "6.88",
        "200208": "5.39",
        "200209": "3.45",
        "200210": "3.34",
        "200211": "3.44",
        "200212": "3.33",
        "200301": "3.75",
        "200302": "3.35",
        "200303": "3.07",
        "200304": "3.86",
        "200305": "3.25",
        "200306": "4.39",
        "200307": "5.26",
        "200308": "4.77",
        "200309": "5.02",
        "200310": "5.74",
        "200311": "6.08",
        "200312": "5.83",
        "200401": "7.00",
        "200402": "9.27",
        "200403": "12.30",
        "200404": "14.35",
        "200405": "10.80",
        "200406": "10.93",
        "200407": "10.34",
        "200408": "9.51",
        "200409": "9.63",
        "200410": "9.06",
        "200411": "14.03",
        "200412": "13.89",
        "200501": "15.09",
        "200502": "13.71",
        "200503": "13.00",
        "200504": "9.34",
        "200505": "9.13",
        "200506": "12.63",
        "200507": "13.58",
        "200508": "11.56",
        "200509": "10.86",
        "200510": "9.60",
        "200511": "9.10",
        "200512": "10.69",
        "200601": "10.37",
        "200602": "9.68",
        "200603": "9.19",
        "200604": "10.98",
        "200605": "13.71",
        "200606": "13.04",
        "200607": "14.07",
        "200608": "15.32",
        "200609": "14.32",
        "200610": "17.17",
        "200611": "25.37",
        "200612": "29.84",
        "200701": "24.65",
        "200702": "26.50",
        "200703": "25.78",
        "200704": "27.11",
        "200705": "24.72",
        "200706": "25.26",
        "200707": "28.72",
        "200708": "24.61",
        "200709": "23.52",
        "200710": "23.37",
        "200711": "20.11",
        "200712": "16.06",
        "200801": "17.08",
        "200802": "18.58",
        "200803": "24.11",
        "200804": "29.60",
        "200805": "28.28",
        "200806": "24.20",
        "200807": "16.61",
        "200808": "15.64",
        "200809": "11.64",
        "200810": "8.68",
        "200811": "8.35",
        "200812": "8.46",
        "200901": "8.38",
        "200902": "7.63",
        "200903": "7.83",
        "200904": "10.79",
        "200905": "14.17",
        "200906": "18.76",
        "200907": "19.11",
        "200908": "16.24",
        "200909": "16.55",
        "200910": "17.86",
        "200911": "16.72",
        "200912": "16.37",
        "201001": "21.95",
        "201002": "22.55",
        "201003": "23.25",
        "201004": "24.07",
        "201005": "20.53",
        "201006": "19.19",
        "201007": "19.39",
        "201008": "20.91",
        "201009": "21.95",
        "201010": "22.28",
        "201011": "23.84",
        "201012": "24.69",
        "201101": "23.12",
        "201102": "21.59",
        "201103": "20.88",
        "201104": "22.13",
        "201105": "21.30",
        "201106": "20.10",
        "201107": "19.68",
        "201108": "17.42",
        "201109": "13.90",
        "201110": "12.81",
        "201111": "11.81",
        "201112": "10.15",
        "201201": "10.57",
        "201202": "12.96",
        "201203": "13.81",
        "201204": "12.31",
        "201205": "11.59",
        "201206": "11.65",
        "201207": "11.69",
        "201208": "12.90",
        "201209": "14.86",
        "201210": "14.35",
        "201211": "13.78",
        "201212": "15.44",
        "201301": "16.67",
        "201302": "17.12",
        "201303": "17.30",
        "201304": "19.40",
        "201305": "20.46",
        "201306": "20.57",
        "201307": "21.02",
        "201308": "20.06",
        "201309": "19.60",
        "201310": "20.27",
        "201311": "19.33",
        "201312": "19.22",
        "201401": "19.07",
        "201402": "18.43",
        "201403": "16.54",
        "201404": "16.42",
        "201405": "15.32",
        "201406": "14.51",
        "201407": "14.43",
        "201408": "14.24",
        "201409": "14.07",
        "201410": "13.05",
        "201411": "13.15",
        "201412": "14.35",
        "201501": "13.91",
        "201502": "13.69",
        "201503": "13.97",
        "201504": "13.68",
        "201505": "13.88",
        "201506": "13.31",
        "201507": "13.65",
        "201508": "11.07",
        "201509": "11.12",
        "201510": "11.95",
        "201511": "11.29",
        "201512": "10.75",
        "201601": "10.40",
        "201602": "10.38",
        "201603": "11.52",
        "201604": "12.19",
        "201605": "11.69",
        "201606": "11.93",
        "201607": "11.64",
        "201608": "12.64",
        "201609": "13.83",
        "201610": "13.08",
        "201611": "11.89",
        "201612": "12.22",
        "201701": "11.92",
        "201702": "13.19",
        "201703": "13.12",
        "201704": "13.60",
        "201705": "13.64",
        "201706": "13.72",
        "201707": "13.67",
        "201708": "13.77",
        "201709": "12.65",
        "201710": "12.12",
        "201711": "13.32",
        "201712": "15.84",
        "201801": "16.99",
        "201802": "15.33",
        "201803": "15.72",
        "201804": "15.76",
        "201805": "14.66",
        "201806": "14.61",
        "201807": "12.96",
        "201808": "12.46",
        "201809": "11.79",
        "201810": "11.33",
        "201811": "12.10",
        "201812": "12.72",
        "201901": "11.84",
        "201902": "12.02",
        "201903": "12.08",
        "201904": "12.05",
        "201905": "11.78",
        "201906": "12.67",
        "201907": "12.54",
        "201908": "12.29",
        "201909": "12.65",
        "201910": "14.54",
        "201911": "14.82",
        "201912": "16.82",
        "202001": "18.43",
        "202002": "17.85",
        "202003": "15.68",
        "202004": "20.28",
        "202005": "22.00",
        "202006": "23.35",
        "202007": "25.68",
        "202008": "30.34",
        "202009": "27.30",
        "202010": "23.76",
        "202011": "24.76",
        "202012": "25.39",
        "202101": "34.02",
        "202102": "34.07",
        "202103": "38.73",
        "202104": "37.63",
        "202105": "31.62",
        "202106": "30.26",
        "202107": "28.94",
        "202108": "28.04",
        "202109": "27.18",
        "202110": "24.54",
        "202111": "24.69",
        "202112": "23.65",
        "202201": "23.80",
        "202202": "23.79",
        "202203": "22.91",
        "202204": "21.72",
        "202205": "20.02",
        "202206": "19.75",
        "202207": "18.33",
        "202208": "19.79",
        "202209": "19.38",
        "202210": "18.08",
        "202211": "18.77",
        "202212": "18.65",
        "202301": "18.05",
        "202302": "18.69",
        "202303": "18.78",
        "202304": "18.38",
        "202305": "18.50",
        "202306": "18.60",
        "202307": "18.01",
        "202308": "19.07",
        "202309": "18.62",
        "202310": "18.08",
        "202311": "18.47",
        "202312": "20.58",
        "202401": "22.49",
        "202402": "22.42",
        "202403": "23.91",
        "202404": "無"
    },
    "quarters": {
        "20011": {
            "year_quarter": 20011,
            "year": 2001,
            "quarter": 1,
            "eps": 0.39,
            "eps_growth_year": 178.57,
            "eps_4q": -3.07,
            "eps_4q_growth_year": null,
            "roe": 3.72,
            "roe_4q": 3.72,
            "gross_profit": 217713,
            "gross_margin": 20.24,
            "gross_margin_4q_avg": 20.24,
            "net_income": 115832,
            "net_income_4q": null,
            "revenue": 1075483,
            "revenue_4q": null,
            "common_shares": 5833487,
            "book_valuer_per_share": 5.45,
            "book_valuer_per_share_4q_avg": 5.45,
            "equity": 3177496,
            "current_ratio": 126.89,
            "debt_ratio": 75.11,
            "inventory_turnover_ratio": 0.08,
            "account_receivable_turnover_ratio": null,
            "reinvestment_rate": null,
            "research_to_sale_ratio": null,
            "price_fair": 0,
            "eps_avg_yearly": 0,
            "eps_latest_yearly": 0,
            "eps_growth_yearly": 0
        },
        "20012": {
            "year_quarter": 20012,
            "year": 2001,
            "quarter": 2,
            "eps": 0.11,
            "eps_growth_year": 120,
            "eps_4q": -1.47,
            "eps_4q_growth_year": null,
            "roe": 2.04,
            "roe_4q": 5.76,
            "gross_profit": 19159,
            "gross_margin": 7.13,
            "gross_margin_4q_avg": 13.69,
            "net_income": 65339,
            "net_income_4q": null,
            "revenue": 268778,
            "revenue_4q": null,
            "common_shares": 5833487,
            "book_valuer_per_share": 5.56,
            "book_valuer_per_share_4q_avg": 5.51,
            "equity": 3242327,
            "current_ratio": 132.78,
            "debt_ratio": 71.48,
            "inventory_turnover_ratio": 0.02,
            "account_receivable_turnover_ratio": null,
            "reinvestment_rate": null,
            "research_to_sale_ratio": null,
            "price_fair": 0,
            "eps_avg_yearly": 0,
            "eps_latest_yearly": 0,
            "eps_growth_yearly": 0
        },
        "20013": {
            "year_quarter": 20013,
            "year": 2001,
            "quarter": 3,
            "eps": -0.07,
            "eps_growth_year": null,
            "eps_4q": -0.97,
            "eps_4q_growth_year": null,
            "roe": -1.3,
            "roe_4q": 4.46,
            "gross_profit": 117852,
            "gross_margin": 17.05,
            "gross_margin_4q_avg": 14.81,
            "net_income": -42015,
            "net_income_4q": null,
            "revenue": 691202,
            "revenue_4q": null,
            "common_shares": 5833487,
            "book_valuer_per_share": 5.48,
            "book_valuer_per_share_4q_avg": 5.5,
            "equity": 3197772,
            "current_ratio": 134.69,
            "debt_ratio": 70.34,
            "inventory_turnover_ratio": 0.06,
            "account_receivable_turnover_ratio": null,
            "reinvestment_rate": null,
            "research_to_sale_ratio": null,
            "price_fair": 0,
            "eps_avg_yearly": 0,
            "eps_latest_yearly": 0,
            "eps_growth_yearly": 0
        },
        "20014": {
            "year_quarter": 20014,
            "year": 2001,
            "quarter": 4,
            "eps": -0.03,
            "eps_growth_year": null,
            "eps_4q": 0.21,
            "eps_4q_growth_year": null,
            "roe": -0.5,
            "roe_4q": 3.96,
            "gross_profit": 37006,
            "gross_margin": 5.92,
            "gross_margin_4q_avg": 12.59,
            "net_income": -15924,
            "net_income_4q": null,
            "revenue": 625494,
            "revenue_4q": null,
            "common_shares": 5833487,
            "book_valuer_per_share": 5.46,
            "book_valuer_per_share_4q_avg": 5.49,
            "equity": 3182838,
            "current_ratio": 136.47,
            "debt_ratio": 69.39,
            "inventory_turnover_ratio": 0.06,
            "account_receivable_turnover_ratio": null,
            "reinvestment_rate": null,
            "research_to_sale_ratio": null,
            "price_fair": 0,
            "eps_avg_yearly": 0,
            "eps_latest_yearly": 0,
            "eps_growth_yearly": 0
        },
        "20021": {
            "year_quarter": 20021,
            "year": 2002,
            "quarter": 1,
            "eps": -0.34,
            "eps_growth_year": -187.18,
            "eps_4q": -0.31,
            "eps_4q_growth_year": null,
            "roe": -2.82,
            "roe_4q": -2.58,
            "gross_profit": -5589,
            "gross_margin": -1.21,
            "gross_margin_4q_avg": 7.22,
            "net_income": -87172,
            "net_income_4q": null,
            "revenue": 461284,
            "revenue_4q": null,
            "common_shares": 3000000,
            "book_valuer_per_share": 9.97,
            "book_valuer_per_share_4q_avg": 6.62,
            "equity": 2991723,
            "current_ratio": 135.66,
            "debt_ratio": 70.77,
            "inventory_turnover_ratio": 0.05,
            "account_receivable_turnover_ratio": null,
            "reinvestment_rate": null,
            "research_to_sale_ratio": null,
            "price_fair": 0,
            "eps_avg_yearly": 0,
            "eps_latest_yearly": 0,
            "eps_growth_yearly": 0
        },
        "20022": {
            "year_quarter": 20022,
            "year": 2002,
            "quarter": 2,
            "eps": -1.22,
            "eps_growth_year": -1209.09,
            "eps_4q": -1.56,
            "eps_4q_growth_year": null,
            "roe": -11.32,
            "roe_4q": -15.940000000000001,
            "gross_profit": 34554,
            "gross_margin": 8.82,
            "gross_margin_4q_avg": 7.65,
            "net_income": -322242,
            "net_income_4q": null,
            "revenue": 391610,
            "revenue_4q": null,
            "common_shares": 3000000,
            "book_valuer_per_share": 9,
            "book_valuer_per_share_4q_avg": 7.48,
            "equity": 2699420,
            "current_ratio": 131.05,
            "debt_ratio": 72.77,
            "inventory_turnover_ratio": 0.04,
            "account_receivable_turnover_ratio": null,
            "reinvestment_rate": null,
            "research_to_sale_ratio": null,
            "price_fair": 0,
            "eps_avg_yearly": 0,
            "eps_latest_yearly": 0,
            "eps_growth_yearly": 0
        },
        "20023": {
            "year_quarter": 20023,
            "year": 2002,
            "quarter": 3,
            "eps": -0.6,
            "eps_growth_year": null,
            "eps_4q": -1.95,
            "eps_4q_growth_year": null,
            "roe": -6.07,
            "roe_4q": -20.71,
            "gross_profit": -9620,
            "gross_margin": -5.15,
            "gross_margin_4q_avg": 2.1,
            "net_income": -158964,
            "net_income_4q": null,
            "revenue": 186699,
            "revenue_4q": null,
            "common_shares": 3000000,
            "book_valuer_per_share": 8.47,
            "book_valuer_per_share_4q_avg": 8.23,
            "equity": 2540457,
            "current_ratio": 127.79,
            "debt_ratio": 73.95,
            "inventory_turnover_ratio": 0.02,
            "account_receivable_turnover_ratio": null,
            "reinvestment_rate": null,
            "research_to_sale_ratio": null,
            "price_fair": 0,
            "eps_avg_yearly": 0,
            "eps_latest_yearly": 0,
            "eps_growth_yearly": 0
        },
        "20024": {
            "year_quarter": 20024,
            "year": 2002,
            "quarter": 4,
            "eps": -2.02,
            "eps_growth_year": null,
            "eps_4q": -4.15,
            "eps_4q_growth_year": -2076.19,
            "roe": -23.78,
            "roe_4q": -43.99,
            "gross_profit": -29615,
            "gross_margin": -18.14,
            "gross_margin_4q_avg": -3.92,
            "net_income": -540986,
            "net_income_4q": null,
            "revenue": 163213,
            "revenue_4q": null,
            "common_shares": 3000000,
            "book_valuer_per_share": 6.7,
            "book_valuer_per_share_4q_avg": 8.54,
            "equity": 2008968,
            "current_ratio": 127.13,
            "debt_ratio": 74.3,
            "inventory_turnover_ratio": 0.03,
            "account_receivable_turnover_ratio": null,
            "reinvestment_rate": null,
            "research_to_sale_ratio": null,
            "price_fair": 0,
            "eps_avg_yearly": 0,
            "eps_latest_yearly": 0,
            "eps_growth_yearly": 0
        },
        "20031": {
            "year_quarter": 20031,
            "year": 2003,
            "quarter": 1,
            "eps": 0.04,
            "eps_growth_year": null,
            "eps_4q": -3.62,
            "eps_4q_growth_year": null,
            "roe": 0.55,
            "roe_4q": -40.620000000000005,
            "gross_profit": 26761,
            "gross_margin": 6.37,
            "gross_margin_4q_avg": -2.03,
            "net_income": 11165,
            "net_income_4q": null,
            "revenue": 420175,
            "revenue_4q": null,
            "common_shares": 3000000,
            "book_valuer_per_share": 6.73,
            "book_valuer_per_share_4q_avg": 7.73,
            "equity": 2020086,
            "current_ratio": 126.52,
            "debt_ratio": 74.24,
            "inventory_turnover_ratio": 0.06,
            "account_receivable_turnover_ratio": null,
            "reinvestment_rate": null,
            "research_to_sale_ratio": null,
            "price_fair": 0,
            "eps_avg_yearly": 0,
            "eps_latest_yearly": 0,
            "eps_growth_yearly": 0
        },
        "20032": {
            "year_quarter": 20032,
            "year": 2003,
            "quarter": 2,
            "eps": -0.73,
            "eps_growth_year": null,
            "eps_4q": -2.5,
            "eps_4q_growth_year": null,
            "roe": -10.53,
            "roe_4q": -39.83,
            "gross_profit": -295911,
            "gross_margin": -15.22,
            "gross_margin_4q_avg": -8.04,
            "net_income": -210956,
            "net_income_4q": null,
            "revenue": 1943728,
            "revenue_4q": null,
            "common_shares": 3600000,
            "book_valuer_per_share": 5.51,
            "book_valuer_per_share_4q_avg": 6.85,
            "equity": 1985095,
            "current_ratio": 133.07,
            "debt_ratio": 67.34,
            "inventory_turnover_ratio": 0.39,
            "account_receivable_turnover_ratio": null,
            "reinvestment_rate": null,
            "research_to_sale_ratio": null,
            "price_fair": 0,
            "eps_avg_yearly": 0,
            "eps_latest_yearly": 0,
            "eps_growth_yearly": 0
        },
        "20033": {
            "year_quarter": 20033,
            "year": 2003,
            "quarter": 3,
            "eps": -0.16,
            "eps_growth_year": null,
            "eps_4q": -2.2,
            "eps_4q_growth_year": null,
            "roe": -2.57,
            "roe_4q": -36.33,
            "gross_profit": -193528,
            "gross_margin": -37.41,
            "gross_margin_4q_avg": -16.1,
            "net_income": -50582,
            "net_income_4q": null,
            "revenue": 517318,
            "revenue_4q": null,
            "common_shares": 3600000,
            "book_valuer_per_share": 5.4,
            "book_valuer_per_share_4q_avg": 6.09,
            "equity": 1945341,
            "current_ratio": 135.64,
            "debt_ratio": 65.42,
            "inventory_turnover_ratio": 0.16,
            "account_receivable_turnover_ratio": null,
            "reinvestment_rate": null,
            "research_to_sale_ratio": null,
            "price_fair": 0,
            "eps_avg_yearly": 0,
            "eps_latest_yearly": 0,
            "eps_growth_yearly": 0
        },
        "20034": {
            "year_quarter": 20034,
            "year": 2003,
            "quarter": 4,
            "eps": -0.46,
            "eps_growth_year": null,
            "eps_4q": -1.23,
            "eps_4q_growth_year": null,
            "roe": -6.8,
            "roe_4q": -19.349999999999998,
            "gross_profit": -62275,
            "gross_margin": -577.15,
            "gross_margin_4q_avg": -155.85,
            "net_income": -147628,
            "net_income_4q": null,
            "revenue": 10790,
            "revenue_4q": null,
            "common_shares": 5100000,
            "book_valuer_per_share": 4.7,
            "book_valuer_per_share_4q_avg": 5.59,
            "equity": 2399397,
            "current_ratio": 155.04,
            "debt_ratio": 59.22,
            "inventory_turnover_ratio": 0.02,
            "account_receivable_turnover_ratio": null,
            "reinvestment_rate": null,
            "research_to_sale_ratio": null,
            "price_fair": 0,
            "eps_avg_yearly": 0,
            "eps_latest_yearly": 0,
            "eps_growth_yearly": 0
        },
        "20041": {
            "year_quarter": 20041,
            "year": 2004,
            "quarter": 1,
            "eps": 0.29,
            "eps_growth_year": 625,
            "eps_4q": -0.49,
            "eps_4q_growth_year": null,
            "roe": 5.85,
            "roe_4q": -14.049999999999999,
            "gross_profit": 106596,
            "gross_margin": 23.88,
            "gross_margin_4q_avg": -151.48,
            "net_income": 151526,
            "net_income_4q": null,
            "revenue": 446457,
            "revenue_4q": null,
            "common_shares": 5550000,
            "book_valuer_per_share": 5.01,
            "book_valuer_per_share_4q_avg": 5.16,
            "equity": 2778893,
            "current_ratio": 149.24,
            "debt_ratio": 53.05,
            "inventory_turnover_ratio": 0.08,
            "account_receivable_turnover_ratio": null,
            "reinvestment_rate": null,
            "research_to_sale_ratio": null,
            "price_fair": 0,
            "eps_avg_yearly": 0,
            "eps_latest_yearly": 0,
            "eps_growth_yearly": 0
        },
        "20042": {
            "year_quarter": 20042,
            "year": 2004,
            "quarter": 2,
            "eps": -0.03,
            "eps_growth_year": null,
            "eps_4q": -0.11,
            "eps_4q_growth_year": null,
            "roe": -0.62,
            "roe_4q": -4.140000000000001,
            "gross_profit": 3587,
            "gross_margin": 22.14,
            "gross_margin_4q_avg": -142.14,
            "net_income": -17508,
            "net_income_4q": null,
            "revenue": 16198,
            "revenue_4q": null,
            "common_shares": 5710000,
            "book_valuer_per_share": 4.98,
            "book_valuer_per_share_4q_avg": 5.02,
            "equity": 2842481,
            "current_ratio": 150.06,
            "debt_ratio": 61.72,
            "inventory_turnover_ratio": 0,
            "account_receivable_turnover_ratio": null,
            "reinvestment_rate": null,
            "research_to_sale_ratio": null,
            "price_fair": 0,
            "eps_avg_yearly": 0,
            "eps_latest_yearly": 0,
            "eps_growth_yearly": 0
        },
        "20043": {
            "year_quarter": 20043,
            "year": 2004,
            "quarter": 3,
            "eps": -0.03,
            "eps_growth_year": null,
            "eps_4q": -0.07,
            "eps_4q_growth_year": null,
            "roe": -0.26,
            "roe_4q": -1.83,
            "gross_profit": 5121,
            "gross_margin": 36.42,
            "gross_margin_4q_avg": -123.68,
            "net_income": -7492,
            "net_income_4q": null,
            "revenue": 14062,
            "revenue_4q": null,
            "common_shares": 3046000,
            "book_valuer_per_share": 9.31,
            "book_valuer_per_share_4q_avg": 6,
            "equity": 2835071,
            "current_ratio": 142.28,
            "debt_ratio": 62.44,
            "inventory_turnover_ratio": 0,
            "account_receivable_turnover_ratio": null,
            "reinvestment_rate": null,
            "research_to_sale_ratio": null,
            "price_fair": 0,
            "eps_avg_yearly": 0,
            "eps_latest_yearly": 0,
            "eps_growth_yearly": 0
        },
        "20044": {
            "year_quarter": 20044,
            "year": 2004,
            "quarter": 4,
            "eps": -0.09,
            "eps_growth_year": null,
            "eps_4q": 0.34,
            "eps_4q_growth_year": null,
            "roe": -0.93,
            "roe_4q": 4.039999999999999,
            "gross_profit": 2247,
            "gross_margin": 4.26,
            "gross_margin_4q_avg": 21.68,
            "net_income": -26497,
            "net_income_4q": null,
            "revenue": 52793,
            "revenue_4q": null,
            "common_shares": 3046000,
            "book_valuer_per_share": 9.34,
            "book_valuer_per_share_4q_avg": 7.16,
            "equity": 2844590,
            "current_ratio": 138.59,
            "debt_ratio": 64.16,
            "inventory_turnover_ratio": 0.01,
            "account_receivable_turnover_ratio": null,
            "reinvestment_rate": null,
            "research_to_sale_ratio": null,
            "price_fair": 0,
            "eps_avg_yearly": 0,
            "eps_latest_yearly": 0,
            "eps_growth_yearly": 0
        },
        "20051": {
            "year_quarter": 20051,
            "year": 2005,
            "quarter": 1,
            "eps": 0.03,
            "eps_growth_year": -89.66,
            "eps_4q": -0.13,
            "eps_4q_growth_year": null,
            "roe": 0.34,
            "roe_4q": -1.4700000000000002,
            "gross_profit": 7541,
            "gross_margin": 60.74,
            "gross_margin_4q_avg": 30.89,
            "net_income": 9623,
            "net_income_4q": null,
            "revenue": 12416,
            "revenue_4q": null,
            "common_shares": 3046000,
            "book_valuer_per_share": 9.37,
            "book_valuer_per_share_4q_avg": 8.25,
            "equity": 2854132,
            "current_ratio": 136.8,
            "debt_ratio": 65.1,
            "inventory_turnover_ratio": 0,
            "account_receivable_turnover_ratio": null,
            "reinvestment_rate": null,
            "research_to_sale_ratio": null,
            "price_fair": 0,
            "eps_avg_yearly": 0,
            "eps_latest_yearly": 0,
            "eps_growth_yearly": 0
        },
        "20052": {
            "year_quarter": 20052,
            "year": 2005,
            "quarter": 2,
            "eps": -0.06,
            "eps_growth_year": null,
            "eps_4q": -0.14,
            "eps_4q_growth_year": null,
            "roe": -0.66,
            "roe_4q": -1.51,
            "gross_profit": -17025,
            "gross_margin": -2.23,
            "gross_margin_4q_avg": 24.8,
            "net_income": -18800,
            "net_income_4q": null,
            "revenue": 762765,
            "revenue_4q": null,
            "common_shares": 3046000,
            "book_valuer_per_share": 9.34,
            "book_valuer_per_share_4q_avg": 9.34,
            "equity": 2845597,
            "current_ratio": 141.5,
            "debt_ratio": 64.72,
            "inventory_turnover_ratio": 0.14,
            "account_receivable_turnover_ratio": null,
            "reinvestment_rate": null,
            "research_to_sale_ratio": null,
            "price_fair": 0,
            "eps_avg_yearly": 0,
            "eps_latest_yearly": 0,
            "eps_growth_yearly": 0
        },
        "20053": {
            "year_quarter": 20053,
            "year": 2005,
            "quarter": 3,
            "eps": -0.19,
            "eps_growth_year": null,
            "eps_4q": -0.31,
            "eps_4q_growth_year": null,
            "roe": -2.09,
            "roe_4q": -3.3400000000000003,
            "gross_profit": -26043,
            "gross_margin": -3.45,
            "gross_margin_4q_avg": 14.83,
            "net_income": -58960,
            "net_income_4q": null,
            "revenue": 753887,
            "revenue_4q": null,
            "common_shares": 3046000,
            "book_valuer_per_share": 9.21,
            "book_valuer_per_share_4q_avg": 9.32,
            "equity": 2804727,
            "current_ratio": 144.06,
            "debt_ratio": 63.54,
            "inventory_turnover_ratio": 0.14,
            "account_receivable_turnover_ratio": null,
            "reinvestment_rate": null,
            "research_to_sale_ratio": null,
            "price_fair": 0,
            "eps_avg_yearly": 0,
            "eps_latest_yearly": 0,
            "eps_growth_yearly": 0
        },
        "20054": {
            "year_quarter": 20054,
            "year": 2005,
            "quarter": 4,
            "eps": 0.3,
            "eps_growth_year": null,
            "eps_4q": 0.07,
            "eps_4q_growth_year": -78.09,
            "roe": 3.18,
            "roe_4q": 0.7700000000000002,
            "gross_profit": 38127,
            "gross_margin": 14.88,
            "gross_margin_4q_avg": 17.49,
            "net_income": 90642,
            "net_income_4q": null,
            "revenue": 256248,
            "revenue_4q": null,
            "common_shares": 3046000,
            "book_valuer_per_share": 9.52,
            "book_valuer_per_share_4q_avg": 9.36,
            "equity": 2899943,
            "current_ratio": 146.73,
            "debt_ratio": 63.84,
            "inventory_turnover_ratio": 0.04,
            "account_receivable_turnover_ratio": null,
            "reinvestment_rate": null,
            "research_to_sale_ratio": null,
            "price_fair": 0,
            "eps_avg_yearly": 0,
            "eps_latest_yearly": 0,
            "eps_growth_yearly": 0
        },
        "20061": {
            "year_quarter": 20061,
            "year": 2006,
            "quarter": 1,
            "eps": -0.13,
            "eps_growth_year": -533.33,
            "eps_4q": -0.09,
            "eps_4q_growth_year": null,
            "roe": -1.38,
            "roe_4q": -0.9499999999999996,
            "gross_profit": 7348,
            "gross_margin": 11.64,
            "gross_margin_4q_avg": 5.21,
            "net_income": -39769,
            "net_income_4q": null,
            "revenue": 63104,
            "revenue_4q": null,
            "common_shares": 3046000,
            "book_valuer_per_share": 9.43,
            "book_valuer_per_share_4q_avg": 9.38,
            "equity": 2871189,
            "current_ratio": 138.7,
            "debt_ratio": 67.31,
            "inventory_turnover_ratio": 0.01,
            "account_receivable_turnover_ratio": null,
            "reinvestment_rate": null,
            "research_to_sale_ratio": null,
            "price_fair": 0,
            "eps_avg_yearly": 0,
            "eps_latest_yearly": 0,
            "eps_growth_yearly": 0
        },
        "20062": {
            "year_quarter": 20062,
            "year": 2006,
            "quarter": 2,
            "eps": -0.17,
            "eps_growth_year": null,
            "eps_4q": -0.15,
            "eps_4q_growth_year": null,
            "roe": -1.63,
            "roe_4q": -1.9199999999999995,
            "gross_profit": 5591,
            "gross_margin": 13.09,
            "gross_margin_4q_avg": 9.04,
            "net_income": -53592,
            "net_income_4q": null,
            "revenue": 42699,
            "revenue_4q": null,
            "common_shares": 4046000,
            "book_valuer_per_share": 9.13,
            "book_valuer_per_share_4q_avg": 9.32,
            "equity": 3694989,
            "current_ratio": 151.41,
            "debt_ratio": 60.91,
            "inventory_turnover_ratio": 0.01,
            "account_receivable_turnover_ratio": null,
            "reinvestment_rate": null,
            "research_to_sale_ratio": null,
            "price_fair": 0,
            "eps_avg_yearly": 0,
            "eps_latest_yearly": 0,
            "eps_growth_yearly": 0
        },
        "20063": {
            "year_quarter": 20063,
            "year": 2006,
            "quarter": 3,
            "eps": 0.11,
            "eps_growth_year": null,
            "eps_4q": 0.1,
            "eps_4q_growth_year": null,
            "roe": 1.07,
            "roe_4q": 1.2400000000000004,
            "gross_profit": 119980,
            "gross_margin": 26.12,
            "gross_margin_4q_avg": 16.43,
            "net_income": 39928,
            "net_income_4q": null,
            "revenue": 459363,
            "revenue_4q": null,
            "common_shares": 4046000,
            "book_valuer_per_share": 9.28,
            "book_valuer_per_share_4q_avg": 9.34,
            "equity": 3756346,
            "current_ratio": 146.86,
            "debt_ratio": 63.8,
            "inventory_turnover_ratio": 0.05,
            "account_receivable_turnover_ratio": null,
            "reinvestment_rate": null,
            "research_to_sale_ratio": null,
            "price_fair": 0,
            "eps_avg_yearly": 0,
            "eps_latest_yearly": 0,
            "eps_growth_yearly": 0
        },
        "20064": {
            "year_quarter": 20064,
            "year": 2006,
            "quarter": 4,
            "eps": 1.24,
            "eps_growth_year": 313.33,
            "eps_4q": 1.1,
            "eps_4q_growth_year": 1370.68,
            "roe": 10.67,
            "roe_4q": 8.73,
            "gross_profit": 364928,
            "gross_margin": 24.29,
            "gross_margin_4q_avg": 18.79,
            "net_income": 458318,
            "net_income_4q": null,
            "revenue": 1502302,
            "revenue_4q": null,
            "common_shares": 4426000,
            "book_valuer_per_share": 10.92,
            "book_valuer_per_share_4q_avg": 9.69,
            "equity": 4834025,
            "current_ratio": 168.1,
            "debt_ratio": 57.18,
            "inventory_turnover_ratio": 0.16,
            "account_receivable_turnover_ratio": null,
            "reinvestment_rate": 129.98,
            "research_to_sale_ratio": null,
            "price_fair": 173.6,
            "eps_avg_yearly": 4.96,
            "eps_latest_yearly": 4.96,
            "eps_growth_yearly": 4109.09
        },
        "20071": {
            "year_quarter": 20071,
            "year": 2007,
            "quarter": 1,
            "eps": 0.02,
            "eps_growth_year": null,
            "eps_4q": 1.17,
            "eps_4q_growth_year": null,
            "roe": 0.16,
            "roe_4q": 10.27,
            "gross_profit": 119324,
            "gross_margin": 18.59,
            "gross_margin_4q_avg": 20.52,
            "net_income": 7762,
            "net_income_4q": null,
            "revenue": 642001,
            "revenue_4q": null,
            "common_shares": 4426000,
            "book_valuer_per_share": 10.91,
            "book_valuer_per_share_4q_avg": 10.06,
            "equity": 4828424,
            "current_ratio": 180.74,
            "debt_ratio": 53.48,
            "inventory_turnover_ratio": 0.07,
            "account_receivable_turnover_ratio": null,
            "reinvestment_rate": 140.6,
            "research_to_sale_ratio": null,
            "price_fair": 88.2,
            "eps_avg_yearly": 2.52,
            "eps_latest_yearly": 0.08,
            "eps_growth_yearly": 1857.77
        },
        "20072": {
            "year_quarter": 20072,
            "year": 2007,
            "quarter": 2,
            "eps": 0.35,
            "eps_growth_year": null,
            "eps_4q": 1.49,
            "eps_4q_growth_year": null,
            "roe": 3.18,
            "roe_4q": 15.08,
            "gross_profit": 333590,
            "gross_margin": 35.13,
            "gross_margin_4q_avg": 26.03,
            "net_income": 155866,
            "net_income_4q": null,
            "revenue": 949583,
            "revenue_4q": null,
            "common_shares": 4426000,
            "book_valuer_per_share": 11.25,
            "book_valuer_per_share_4q_avg": 10.59,
            "equity": 4977809,
            "current_ratio": 163.92,
            "debt_ratio": 60.48,
            "inventory_turnover_ratio": 0.07,
            "account_receivable_turnover_ratio": null,
            "reinvestment_rate": -18.01,
            "research_to_sale_ratio": null,
            "price_fair": 75.13,
            "eps_avg_yearly": 2.15,
            "eps_latest_yearly": 1.4,
            "eps_growth_yearly": 3438.51
        },
        "20073": {
            "year_quarter": 20073,
            "year": 2007,
            "quarter": 3,
            "eps": 0.06,
            "eps_growth_year": -45.45,
            "eps_4q": 1.57,
            "eps_4q_growth_year": 1431.34,
            "roe": 0.5,
            "roe_4q": 14.51,
            "gross_profit": 253293,
            "gross_margin": 22.35,
            "gross_margin_4q_avg": 25.09,
            "net_income": 24717,
            "net_income_4q": null,
            "revenue": 1133207,
            "revenue_4q": null,
            "common_shares": 4426000,
            "book_valuer_per_share": 11.31,
            "book_valuer_per_share_4q_avg": 11.1,
            "equity": 5007502,
            "current_ratio": 174.35,
            "debt_ratio": 57.46,
            "inventory_turnover_ratio": 0.09,
            "account_receivable_turnover_ratio": null,
            "reinvestment_rate": -15.89,
            "research_to_sale_ratio": null,
            "price_fair": 58.45,
            "eps_avg_yearly": 1.67,
            "eps_latest_yearly": 0.24,
            "eps_growth_yearly": 2496.03
        },
        "20074": {
            "year_quarter": 20074,
            "year": 2007,
            "quarter": 4,
            "eps": 0.86,
            "eps_growth_year": -30.65,
            "eps_4q": 1.29,
            "eps_4q_growth_year": 17.52,
            "roe": 7.3,
            "roe_4q": 11.14,
            "gross_profit": 339409,
            "gross_margin": 29.71,
            "gross_margin_4q_avg": 26.45,
            "net_income": 378975,
            "net_income_4q": null,
            "revenue": 1142442,
            "revenue_4q": null,
            "common_shares": 4426000,
            "book_valuer_per_share": 12.14,
            "book_valuer_per_share_4q_avg": 11.4,
            "equity": 5373794,
            "current_ratio": 180.11,
            "debt_ratio": 58.21,
            "inventory_turnover_ratio": 0.08,
            "account_receivable_turnover_ratio": null,
            "reinvestment_rate": -8.26,
            "research_to_sale_ratio": null,
            "price_fair": 70.84,
            "eps_avg_yearly": 2.02,
            "eps_latest_yearly": 3.44,
            "eps_growth_yearly": 3063.49
        },
        "20081": {
            "year_quarter": 20081,
            "year": 2008,
            "quarter": 1,
            "eps": 0.22,
            "eps_growth_year": 1000,
            "eps_4q": 1.49,
            "eps_4q_growth_year": 27.53,
            "roe": 1.79,
            "roe_4q": 12.77,
            "gross_profit": 233344,
            "gross_margin": 26.08,
            "gross_margin_4q_avg": 28.32,
            "net_income": 97191,
            "net_income_4q": null,
            "revenue": 894766,
            "revenue_4q": null,
            "common_shares": 4426000,
            "book_valuer_per_share": 12.41,
            "book_valuer_per_share_4q_avg": 11.78,
            "equity": 5491072,
            "current_ratio": 187.07,
            "debt_ratio": 57.43,
            "inventory_turnover_ratio": 0.07,
            "account_receivable_turnover_ratio": null,
            "reinvestment_rate": -77.54,
            "research_to_sale_ratio": null,
            "price_fair": 64.17,
            "eps_avg_yearly": 1.83,
            "eps_latest_yearly": 0.88,
            "eps_growth_yearly": 2503.3
        },
        "20082": {
            "year_quarter": 20082,
            "year": 2008,
            "quarter": 2,
            "eps": 0.04,
            "eps_growth_year": -88.57,
            "eps_4q": 1.17,
            "eps_4q_growth_year": -21.19,
            "roe": 0.33,
            "roe_4q": 9.92,
            "gross_profit": 168165,
            "gross_margin": 25.98,
            "gross_margin_4q_avg": 26.03,
            "net_income": 17709,
            "net_income_4q": null,
            "revenue": 647193,
            "revenue_4q": null,
            "common_shares": 4426000,
            "book_valuer_per_share": 12,
            "book_valuer_per_share_4q_avg": 11.97,
            "equity": 5309929,
            "current_ratio": 178.34,
            "debt_ratio": 60.4,
            "inventory_turnover_ratio": 0.04,
            "account_receivable_turnover_ratio": null,
            "reinvestment_rate": -74.71,
            "research_to_sale_ratio": null,
            "price_fair": 55.8,
            "eps_avg_yearly": 1.59,
            "eps_latest_yearly": 0.16,
            "eps_growth_yearly": 2098.93
        },
        "20083": {
            "year_quarter": 20083,
            "year": 2008,
            "quarter": 3,
            "eps": -0.01,
            "eps_growth_year": -116.67,
            "eps_4q": 1.1,
            "eps_4q_growth_year": -29.66,
            "roe": -0.1,
            "roe_4q": 9.32,
            "gross_profit": 52909,
            "gross_margin": 12.08,
            "gross_margin_4q_avg": 23.46,
            "net_income": -5184,
            "net_income_4q": null,
            "revenue": 437878,
            "revenue_4q": null,
            "common_shares": 4426000,
            "book_valuer_per_share": 11.91,
            "book_valuer_per_share_4q_avg": 12.12,
            "equity": 5269409,
            "current_ratio": 176.12,
            "debt_ratio": 61.86,
            "inventory_turnover_ratio": 0.03,
            "account_receivable_turnover_ratio": null,
            "reinvestment_rate": -100.32,
            "research_to_sale_ratio": null,
            "price_fair": 55.8,
            "eps_avg_yearly": 1.59,
            "eps_latest_yearly": 0.16,
            "eps_growth_yearly": 2098.93
        },
        "20084": {
            "year_quarter": 20084,
            "year": 2008,
            "quarter": 4,
            "eps": 0.13,
            "eps_growth_year": -84.88,
            "eps_4q": 0.38,
            "eps_4q_growth_year": -70.39,
            "roe": 1.07,
            "roe_4q": 3.09,
            "gross_profit": 127364,
            "gross_margin": 20.33,
            "gross_margin_4q_avg": 21.12,
            "net_income": 56786,
            "net_income_4q": null,
            "revenue": 626544,
            "revenue_4q": null,
            "common_shares": 4426000,
            "book_valuer_per_share": 12.03,
            "book_valuer_per_share_4q_avg": 12.09,
            "equity": 5323320,
            "current_ratio": 157.63,
            "debt_ratio": 64.51,
            "inventory_turnover_ratio": 0.04,
            "account_receivable_turnover_ratio": 12.34,
            "reinvestment_rate": -90.06,
            "research_to_sale_ratio": null,
            "price_fair": 55.8,
            "eps_avg_yearly": 1.59,
            "eps_latest_yearly": 0.16,
            "eps_growth_yearly": 2098.93
        },
        "20091": {
            "year_quarter": 20091,
            "year": 2009,
            "quarter": 1,
            "eps": -0.17,
            "eps_growth_year": -177.27,
            "eps_4q": -0.01,
            "eps_4q_growth_year": -100.57,
            "roe": -1.38,
            "roe_4q": -0.0799999999999998,
            "gross_profit": 8001,
            "gross_margin": 9.5,
            "gross_margin_4q_avg": 16.97,
            "net_income": -73038,
            "net_income_4q": null,
            "revenue": 84209,
            "revenue_4q": null,
            "common_shares": 4426000,
            "book_valuer_per_share": 11.88,
            "book_valuer_per_share_4q_avg": 11.96,
            "equity": 5259201,
            "current_ratio": 204.71,
            "debt_ratio": 52.68,
            "inventory_turnover_ratio": 0.01,
            "account_receivable_turnover_ratio": 0.79,
            "reinvestment_rate": -96.76,
            "research_to_sale_ratio": null,
            "price_fair": 55.8,
            "eps_avg_yearly": 1.59,
            "eps_latest_yearly": 0.16,
            "eps_growth_yearly": 2098.93
        },
        "20092": {
            "year_quarter": 20092,
            "year": 2009,
            "quarter": 2,
            "eps": -0.4,
            "eps_growth_year": -1100,
            "eps_4q": -0.45,
            "eps_4q_growth_year": -138.17,
            "roe": -3.39,
            "roe_4q": -3.7999999999999994,
            "gross_profit": -8448,
            "gross_margin": -5.42,
            "gross_margin_4q_avg": 9.12,
            "net_income": -176478,
            "net_income_4q": null,
            "revenue": 155896,
            "revenue_4q": null,
            "common_shares": 4426000,
            "book_valuer_per_share": 11.62,
            "book_valuer_per_share_4q_avg": 11.86,
            "equity": 5141331,
            "current_ratio": 218.26,
            "debt_ratio": 51.06,
            "inventory_turnover_ratio": 0.02,
            "account_receivable_turnover_ratio": 2.02,
            "reinvestment_rate": -31.96,
            "research_to_sale_ratio": null,
            "price_fair": 55.8,
            "eps_avg_yearly": 1.59,
            "eps_latest_yearly": 0.16,
            "eps_growth_yearly": 2098.93
        },
        "20093": {
            "year_quarter": 20093,
            "year": 2009,
            "quarter": 3,
            "eps": -0.14,
            "eps_growth_year": null,
            "eps_4q": -0.58,
            "eps_4q_growth_year": -152.48,
            "roe": -1.25,
            "roe_4q": -4.95,
            "gross_profit": 3049,
            "gross_margin": 2.12,
            "gross_margin_4q_avg": 6.63,
            "net_income": -63736,
            "net_income_4q": null,
            "revenue": 143627,
            "revenue_4q": null,
            "common_shares": 4426000,
            "book_valuer_per_share": 11.47,
            "book_valuer_per_share_4q_avg": 11.75,
            "equity": 5076862,
            "current_ratio": 285.75,
            "debt_ratio": 51.38,
            "inventory_turnover_ratio": 0.02,
            "account_receivable_turnover_ratio": 2.93,
            "reinvestment_rate": -30.68,
            "research_to_sale_ratio": null,
            "price_fair": 55.8,
            "eps_avg_yearly": 1.59,
            "eps_latest_yearly": 0.16,
            "eps_growth_yearly": 2098.93
        },
        "20094": {
            "year_quarter": 20094,
            "year": 2009,
            "quarter": 4,
            "eps": -0.11,
            "eps_growth_year": -184.62,
            "eps_4q": -0.81,
            "eps_4q_growth_year": -313.48,
            "roe": -0.93,
            "roe_4q": -6.95,
            "gross_profit": 36693,
            "gross_margin": 13.41,
            "gross_margin_4q_avg": 4.9,
            "net_income": -46895,
            "net_income_4q": null,
            "revenue": 273649,
            "revenue_4q": null,
            "common_shares": 4426000,
            "book_valuer_per_share": 11.39,
            "book_valuer_per_share_4q_avg": 11.59,
            "equity": 5039903,
            "current_ratio": 265.2,
            "debt_ratio": 52.52,
            "inventory_turnover_ratio": 0.03,
            "account_receivable_turnover_ratio": 8.35,
            "reinvestment_rate": 32.8,
            "research_to_sale_ratio": null,
            "price_fair": 55.8,
            "eps_avg_yearly": 1.59,
            "eps_latest_yearly": 0.16,
            "eps_growth_yearly": 2098.93
        },
        "20101": {
            "year_quarter": 20101,
            "year": 2010,
            "quarter": 1,
            "eps": -0.14,
            "eps_growth_year": null,
            "eps_4q": -0.79,
            "eps_4q_growth_year": null,
            "roe": -1.27,
            "roe_4q": -6.84,
            "gross_profit": 840,
            "gross_margin": 0.8,
            "gross_margin_4q_avg": 2.73,
            "net_income": -63456,
            "net_income_4q": null,
            "revenue": 105513,
            "revenue_4q": null,
            "common_shares": 4426000,
            "book_valuer_per_share": 11.23,
            "book_valuer_per_share_4q_avg": 11.43,
            "equity": 4971127,
            "current_ratio": 249.67,
            "debt_ratio": 53.83,
            "inventory_turnover_ratio": 0.01,
            "account_receivable_turnover_ratio": 2.99,
            "reinvestment_rate": 33.65,
            "research_to_sale_ratio": null,
            "price_fair": 55.8,
            "eps_avg_yearly": 1.59,
            "eps_latest_yearly": 0.16,
            "eps_growth_yearly": 2098.93
        },
        "20102": {
            "year_quarter": 20102,
            "year": 2010,
            "quarter": 2,
            "eps": -0,
            "eps_growth_year": null,
            "eps_4q": -0.4,
            "eps_4q_growth_year": null,
            "roe": -0.04,
            "roe_4q": -3.49,
            "gross_profit": 57028,
            "gross_margin": 12.62,
            "gross_margin_4q_avg": 7.24,
            "net_income": -2160,
            "net_income_4q": null,
            "revenue": 451920,
            "revenue_4q": null,
            "common_shares": 4426000,
            "book_valuer_per_share": 11.22,
            "book_valuer_per_share_4q_avg": 11.33,
            "equity": 4966697,
            "current_ratio": 238.69,
            "debt_ratio": 54.21,
            "inventory_turnover_ratio": 0.05,
            "account_receivable_turnover_ratio": 116.44,
            "reinvestment_rate": 35.2,
            "research_to_sale_ratio": null,
            "price_fair": 55.8,
            "eps_avg_yearly": 1.59,
            "eps_latest_yearly": 0.16,
            "eps_growth_yearly": 2098.93
        },
        "20103": {
            "year_quarter": 20103,
            "year": 2010,
            "quarter": 3,
            "eps": 0.37,
            "eps_growth_year": null,
            "eps_4q": 0.11,
            "eps_4q_growth_year": null,
            "roe": 3.2,
            "roe_4q": 0.9600000000000001,
            "gross_profit": 254660,
            "gross_margin": 24.42,
            "gross_margin_4q_avg": 12.81,
            "net_income": 161565,
            "net_income_4q": null,
            "revenue": 1043016,
            "revenue_4q": null,
            "common_shares": 4426000,
            "book_valuer_per_share": 11.6,
            "book_valuer_per_share_4q_avg": 11.36,
            "equity": 5136030,
            "current_ratio": 197.63,
            "debt_ratio": 51.98,
            "inventory_turnover_ratio": 0.1,
            "account_receivable_turnover_ratio": 15.71,
            "reinvestment_rate": 30.29,
            "research_to_sale_ratio": null,
            "price_fair": 55.8,
            "eps_avg_yearly": 1.59,
            "eps_latest_yearly": 0.16,
            "eps_growth_yearly": 2098.93
        },
        "20104": {
            "year_quarter": 20104,
            "year": 2010,
            "quarter": 4,
            "eps": -0.06,
            "eps_growth_year": null,
            "eps_4q": 0.16,
            "eps_4q_growth_year": null,
            "roe": -0.48,
            "roe_4q": 1.4100000000000001,
            "gross_profit": 31518,
            "gross_margin": 14.68,
            "gross_margin_4q_avg": 13.13,
            "net_income": -24653,
            "net_income_4q": null,
            "revenue": 214680,
            "revenue_4q": null,
            "common_shares": 4426000,
            "book_valuer_per_share": 11.55,
            "book_valuer_per_share_4q_avg": 11.4,
            "equity": 5113640,
            "current_ratio": 197.66,
            "debt_ratio": 51.94,
            "inventory_turnover_ratio": 0.02,
            "account_receivable_turnover_ratio": 2.66,
            "reinvestment_rate": 60.21,
            "research_to_sale_ratio": null,
            "price_fair": 36.17,
            "eps_avg_yearly": 1.03,
            "eps_latest_yearly": 0.16,
            "eps_growth_yearly": 1763.9
        },
        "20111": {
            "year_quarter": 20111,
            "year": 2011,
            "quarter": 1,
            "eps": -0.02,
            "eps_growth_year": null,
            "eps_4q": 0.29,
            "eps_4q_growth_year": null,
            "roe": -0.14,
            "roe_4q": 2.54,
            "gross_profit": 36944,
            "gross_margin": 18.99,
            "gross_margin_4q_avg": 17.68,
            "net_income": -7354,
            "net_income_4q": null,
            "revenue": 194562,
            "revenue_4q": null,
            "common_shares": 4426000,
            "book_valuer_per_share": 11.53,
            "book_valuer_per_share_4q_avg": 11.48,
            "equity": 5104638,
            "current_ratio": 191.33,
            "debt_ratio": 53.36,
            "inventory_turnover_ratio": 0.02,
            "account_receivable_turnover_ratio": 3.6,
            "reinvestment_rate": 62.11,
            "research_to_sale_ratio": null,
            "price_fair": 42.84,
            "eps_avg_yearly": 1.22,
            "eps_latest_yearly": 0.16,
            "eps_growth_yearly": 2195.39
        },
        "20112": {
            "year_quarter": 20112,
            "year": 2011,
            "quarter": 2,
            "eps": 0.03,
            "eps_growth_year": null,
            "eps_4q": 0.33,
            "eps_4q_growth_year": null,
            "roe": 0.28,
            "roe_4q": 2.8600000000000003,
            "gross_profit": 21613,
            "gross_margin": 12.58,
            "gross_margin_4q_avg": 17.67,
            "net_income": 14426,
            "net_income_4q": null,
            "revenue": 171784,
            "revenue_4q": null,
            "common_shares": 4426000,
            "book_valuer_per_share": 11.53,
            "book_valuer_per_share_4q_avg": 11.55,
            "equity": 5101714,
            "current_ratio": 189.7,
            "debt_ratio": 55.64,
            "inventory_turnover_ratio": 0.02,
            "account_receivable_turnover_ratio": 0.78,
            "reinvestment_rate": 49.15,
            "research_to_sale_ratio": null,
            "price_fair": 41.3,
            "eps_avg_yearly": 1.18,
            "eps_latest_yearly": 0.16,
            "eps_growth_yearly": 1094.24
        },
        "20113": {
            "year_quarter": 20113,
            "year": 2011,
            "quarter": 3,
            "eps": -0.11,
            "eps_growth_year": -129.04,
            "eps_4q": -0.15,
            "eps_4q_growth_year": -231.47,
            "roe": -0.92,
            "roe_4q": -1.26,
            "gross_profit": 4502,
            "gross_margin": 16.65,
            "gross_margin_4q_avg": 15.73,
            "net_income": -46911,
            "net_income_4q": null,
            "revenue": 27032,
            "revenue_4q": null,
            "common_shares": 4426000,
            "book_valuer_per_share": 11.48,
            "book_valuer_per_share_4q_avg": 11.52,
            "equity": 5080821,
            "current_ratio": 177.69,
            "debt_ratio": 57.68,
            "inventory_turnover_ratio": 0,
            "account_receivable_turnover_ratio": 0.08,
            "reinvestment_rate": 83,
            "research_to_sale_ratio": null,
            "price_fair": 52.27,
            "eps_avg_yearly": 1.49,
            "eps_latest_yearly": 0.16,
            "eps_growth_yearly": 1569.46
        },
        "20114": {
            "year_quarter": 20114,
            "year": 2011,
            "quarter": 4,
            "eps": 0.85,
            "eps_growth_year": null,
            "eps_4q": 0.76,
            "eps_4q_growth_year": 371.64,
            "roe": 7.13,
            "roe_4q": 6.3500000000000005,
            "gross_profit": 397906,
            "gross_margin": 35.91,
            "gross_margin_4q_avg": 21.03,
            "net_income": 376104,
            "net_income_4q": null,
            "revenue": 1108201,
            "revenue_4q": null,
            "common_shares": 4426000,
            "book_valuer_per_share": 12.37,
            "book_valuer_per_share_4q_avg": 11.73,
            "equity": 5474178,
            "current_ratio": 171.83,
            "debt_ratio": 58.51,
            "inventory_turnover_ratio": 0.08,
            "account_receivable_turnover_ratio": 4.98,
            "reinvestment_rate": 84.21,
            "research_to_sale_ratio": null,
            "price_fair": 1.56,
            "eps_avg_yearly": 0.52,
            "eps_latest_yearly": 0.16,
            "eps_growth_yearly": -312.47
        },
        "20121": {
            "year_quarter": 20121,
            "year": 2012,
            "quarter": 1,
            "eps": 0.04,
            "eps_growth_year": null,
            "eps_4q": 0.82,
            "eps_4q_growth_year": 183.88,
            "roe": 0.33,
            "roe_4q": 6.82,
            "gross_profit": 93608,
            "gross_margin": 29.58,
            "gross_margin_4q_avg": 23.68,
            "net_income": 18038,
            "net_income_4q": null,
            "revenue": 316501,
            "revenue_4q": null,
            "common_shares": 4426000,
            "book_valuer_per_share": 12.48,
            "book_valuer_per_share_4q_avg": 11.97,
            "equity": 5523779,
            "current_ratio": 166.32,
            "debt_ratio": 59.9,
            "inventory_turnover_ratio": 0.02,
            "account_receivable_turnover_ratio": 3.2,
            "reinvestment_rate": 132.18,
            "research_to_sale_ratio": 0,
            "price_fair": 0.48,
            "eps_avg_yearly": 0.16,
            "eps_latest_yearly": 0.16,
            "eps_growth_yearly": -354.22
        },
        "20122": {
            "year_quarter": 20122,
            "year": 2012,
            "quarter": 2,
            "eps": 0.11,
            "eps_growth_year": 234.75,
            "eps_4q": 0.89,
            "eps_4q_growth_year": 174.7,
            "roe": 0.88,
            "roe_4q": 7.42,
            "gross_profit": 172794,
            "gross_margin": 34.49,
            "gross_margin_4q_avg": 29.16,
            "net_income": 48291,
            "net_income_4q": null,
            "revenue": 501011,
            "revenue_4q": null,
            "common_shares": 4426000,
            "book_valuer_per_share": 12.4,
            "book_valuer_per_share_4q_avg": 12.18,
            "equity": 5488348,
            "current_ratio": 169.09,
            "debt_ratio": 64.88,
            "inventory_turnover_ratio": 0.03,
            "account_receivable_turnover_ratio": 4.44,
            "reinvestment_rate": 103.92,
            "research_to_sale_ratio": null,
            "price_fair": 10.5,
            "eps_avg_yearly": 0.3,
            "eps_latest_yearly": 0.44,
            "eps_growth_yearly": 159.41
        },
        "20123": {
            "year_quarter": 20123,
            "year": 2012,
            "quarter": 3,
            "eps": 0.19,
            "eps_growth_year": null,
            "eps_4q": 1.18,
            "eps_4q_growth_year": null,
            "roe": 1.5,
            "roe_4q": 9.84,
            "gross_profit": 153688,
            "gross_margin": 36.61,
            "gross_margin_4q_avg": 34.15,
            "net_income": 83409,
            "net_income_4q": null,
            "revenue": 419848,
            "revenue_4q": null,
            "common_shares": 4461778,
            "book_valuer_per_share": 12.65,
            "book_valuer_per_share_4q_avg": 12.48,
            "equity": 5645910,
            "current_ratio": 162.59,
            "debt_ratio": 65.96,
            "inventory_turnover_ratio": 0.02,
            "account_receivable_turnover_ratio": 3.96,
            "reinvestment_rate": 65.49,
            "research_to_sale_ratio": null,
            "price_fair": 15.87,
            "eps_avg_yearly": 0.45,
            "eps_latest_yearly": 0.76,
            "eps_growth_yearly": 203.24
        },
        "20124": {
            "year_quarter": 20124,
            "year": 2012,
            "quarter": 4,
            "eps": 2.52,
            "eps_growth_year": 196.27,
            "eps_4q": 2.85,
            "eps_4q_growth_year": 275.51,
            "roe": 18.08,
            "roe_4q": 20.789999999999996,
            "gross_profit": 1527492,
            "gross_margin": 34.2,
            "gross_margin_4q_avg": 33.72,
            "net_income": 1124186,
            "net_income_4q": null,
            "revenue": 4465990,
            "revenue_4q": null,
            "common_shares": 4465355,
            "book_valuer_per_share": 15.21,
            "book_valuer_per_share_4q_avg": 13.19,
            "equity": 6791569,
            "current_ratio": 171.06,
            "debt_ratio": 60.09,
            "inventory_turnover_ratio": 0.23,
            "account_receivable_turnover_ratio": 51.25,
            "reinvestment_rate": 13.03,
            "research_to_sale_ratio": null,
            "price_fair": 100.1,
            "eps_avg_yearly": 2.86,
            "eps_latest_yearly": 10.08,
            "eps_growth_yearly": 1378.75
        },
        "20131": {
            "year_quarter": 20131,
            "year": 2013,
            "quarter": 1,
            "eps": 0.52,
            "eps_growth_year": 1200,
            "eps_4q": 3.3,
            "eps_4q_growth_year": 304.46,
            "roe": 3.91,
            "roe_4q": 24.369999999999997,
            "gross_profit": 457047,
            "gross_margin": 21.48,
            "gross_margin_4q_avg": 31.7,
            "net_income": 231251,
            "net_income_4q": null,
            "revenue": 2127341,
            "revenue_4q": null,
            "common_shares": 4499792,
            "book_valuer_per_share": 11.22,
            "book_valuer_per_share_4q_avg": 12.87,
            "equity": 5048755,
            "current_ratio": 155.94,
            "debt_ratio": 68.26,
            "inventory_turnover_ratio": 0.14,
            "account_receivable_turnover_ratio": 11.08,
            "reinvestment_rate": 6.35,
            "research_to_sale_ratio": null,
            "price_fair": 94.64,
            "eps_avg_yearly": 2.7,
            "eps_latest_yearly": 2.08,
            "eps_growth_yearly": 1039.51
        },
        "20132": {
            "year_quarter": 20132,
            "year": 2013,
            "quarter": 2,
            "eps": 0.37,
            "eps_growth_year": 239.11,
            "eps_4q": 3.21,
            "eps_4q_growth_year": 259.02,
            "roe": 3.28,
            "roe_4q": 26.769999999999996,
            "gross_profit": 294844,
            "gross_margin": 10.28,
            "gross_margin_4q_avg": 25.64,
            "net_income": 167284,
            "net_income_4q": null,
            "revenue": 2867930,
            "revenue_4q": null,
            "common_shares": 4556142,
            "book_valuer_per_share": 11.28,
            "book_valuer_per_share_4q_avg": 12.59,
            "equity": 5141464,
            "current_ratio": 172.95,
            "debt_ratio": 62.42,
            "inventory_turnover_ratio": 0.27,
            "account_receivable_turnover_ratio": 14.29,
            "reinvestment_rate": 6.06,
            "research_to_sale_ratio": null,
            "price_fair": 87.5,
            "eps_avg_yearly": 2.5,
            "eps_latest_yearly": 1.48,
            "eps_growth_yearly": 847.03
        },
        "20133": {
            "year_quarter": 20133,
            "year": 2013,
            "quarter": 3,
            "eps": 0.03,
            "eps_growth_year": -83.95,
            "eps_4q": 3.06,
            "eps_4q_growth_year": 159.49,
            "roe": 0.3,
            "roe_4q": 25.57,
            "gross_profit": 4262,
            "gross_margin": 29.06,
            "gross_margin_4q_avg": 23.76,
            "net_income": 15286,
            "net_income_4q": null,
            "revenue": 14666,
            "revenue_4q": null,
            "common_shares": 4579130,
            "book_valuer_per_share": 11.32,
            "book_valuer_per_share_4q_avg": 12.26,
            "equity": 5181981,
            "current_ratio": 147.23,
            "debt_ratio": 66.16,
            "inventory_turnover_ratio": 0,
            "account_receivable_turnover_ratio": 0.1,
            "reinvestment_rate": 5.79,
            "research_to_sale_ratio": null,
            "price_fair": 75.6,
            "eps_avg_yearly": 2.16,
            "eps_latest_yearly": 0.12,
            "eps_growth_yearly": 673.51
        },
        "20134": {
            "year_quarter": 20134,
            "year": 2013,
            "quarter": 4,
            "eps": 2.53,
            "eps_growth_year": 0.55,
            "eps_4q": 3.35,
            "eps_4q_growth_year": 17.55,
            "roe": 21.87,
            "roe_4q": 29.360000000000003,
            "gross_profit": 1624272,
            "gross_margin": 28.97,
            "gross_margin_4q_avg": 22.45,
            "net_income": 1274156,
            "net_income_4q": null,
            "revenue": 5606961,
            "revenue_4q": null,
            "common_shares": 5033136,
            "book_valuer_per_share": 12.85,
            "book_valuer_per_share_4q_avg": 11.67,
            "equity": 6467633,
            "current_ratio": 153.03,
            "debt_ratio": 55.97,
            "inventory_turnover_ratio": 0.41,
            "account_receivable_turnover_ratio": 27.26,
            "reinvestment_rate": -10.62,
            "research_to_sale_ratio": null,
            "price_fair": 110.43,
            "eps_avg_yearly": 3.16,
            "eps_latest_yearly": 10.12,
            "eps_growth_yearly": 4755.99
        },
        "20141": {
            "year_quarter": 20141,
            "year": 2014,
            "quarter": 1,
            "eps": 0.18,
            "eps_growth_year": -65.38,
            "eps_4q": 3.08,
            "eps_4q_growth_year": -6.92,
            "roe": 1.42,
            "roe_4q": 26.87,
            "gross_profit": 228213,
            "gross_margin": 30.43,
            "gross_margin_4q_avg": 24.69,
            "net_income": 92254,
            "net_income_4q": null,
            "revenue": 749882,
            "revenue_4q": null,
            "common_shares": 5035592,
            "book_valuer_per_share": 13.03,
            "book_valuer_per_share_4q_avg": 12.12,
            "equity": 6559282,
            "current_ratio": 200.99,
            "debt_ratio": 46.36,
            "inventory_turnover_ratio": 0.06,
            "account_receivable_turnover_ratio": 3.62,
            "reinvestment_rate": -9.08,
            "research_to_sale_ratio": null,
            "price_fair": 100.96,
            "eps_avg_yearly": 2.88,
            "eps_latest_yearly": 0.72,
            "eps_growth_yearly": 4186.26
        },
        "20142": {
            "year_quarter": 20142,
            "year": 2014,
            "quarter": 2,
            "eps": -0.02,
            "eps_growth_year": -105.41,
            "eps_4q": 2.73,
            "eps_4q_growth_year": -15.03,
            "roe": -0.14,
            "roe_4q": 23.450000000000003,
            "gross_profit": 81417,
            "gross_margin": 26.97,
            "gross_margin_4q_avg": 28.86,
            "net_income": -8875,
            "net_income_4q": null,
            "revenue": 301930,
            "revenue_4q": null,
            "common_shares": 5035592,
            "book_valuer_per_share": 12.6,
            "book_valuer_per_share_4q_avg": 12.45,
            "equity": 6345886,
            "current_ratio": 170.87,
            "debt_ratio": 50.92,
            "inventory_turnover_ratio": 0.03,
            "account_receivable_turnover_ratio": 1.35,
            "reinvestment_rate": -6.35,
            "research_to_sale_ratio": null,
            "price_fair": 100.96,
            "eps_avg_yearly": 2.88,
            "eps_latest_yearly": 0.72,
            "eps_growth_yearly": 4186.26
        },
        "20143": {
            "year_quarter": 20143,
            "year": 2014,
            "quarter": 3,
            "eps": 0.05,
            "eps_growth_year": 66.67,
            "eps_4q": 2.75,
            "eps_4q_growth_year": -10.17,
            "roe": 0.4,
            "roe_4q": 23.55,
            "gross_profit": 141745,
            "gross_margin": 36.21,
            "gross_margin_4q_avg": 30.65,
            "net_income": 25771,
            "net_income_4q": null,
            "revenue": 391504,
            "revenue_4q": null,
            "common_shares": 5035592,
            "book_valuer_per_share": 12.67,
            "book_valuer_per_share_4q_avg": 12.79,
            "equity": 6382588,
            "current_ratio": 160.88,
            "debt_ratio": 54.07,
            "inventory_turnover_ratio": 0.03,
            "account_receivable_turnover_ratio": 2.16,
            "reinvestment_rate": -6.63,
            "research_to_sale_ratio": null,
            "price_fair": 100.96,
            "eps_avg_yearly": 2.88,
            "eps_latest_yearly": 0.72,
            "eps_growth_yearly": 4186.26
        },
        "20144": {
            "year_quarter": 20144,
            "year": 2014,
            "quarter": 4,
            "eps": -0.12,
            "eps_growth_year": -104.61,
            "eps_4q": 0.1,
            "eps_4q_growth_year": -97.02,
            "roe": -0.93,
            "roe_4q": 0.7499999999999999,
            "gross_profit": 44946,
            "gross_margin": 39.65,
            "gross_margin_4q_avg": 33.32,
            "net_income": -58811,
            "net_income_4q": null,
            "revenue": 113344,
            "revenue_4q": null,
            "common_shares": 5035592,
            "book_valuer_per_share": 12.56,
            "book_valuer_per_share_4q_avg": 12.72,
            "equity": 6323292,
            "current_ratio": 151.06,
            "debt_ratio": 57.11,
            "inventory_turnover_ratio": 0.01,
            "account_receivable_turnover_ratio": 2.57,
            "reinvestment_rate": -1.25,
            "research_to_sale_ratio": null,
            "price_fair": 100.96,
            "eps_avg_yearly": 2.88,
            "eps_latest_yearly": 0.72,
            "eps_growth_yearly": 4186.26
        },
        "20151": {
            "year_quarter": 20151,
            "year": 2015,
            "quarter": 1,
            "eps": -0.2,
            "eps_growth_year": -211.11,
            "eps_4q": -0.26,
            "eps_4q_growth_year": -108.61,
            "roe": -1.59,
            "roe_4q": -2.2600000000000002,
            "gross_profit": 19468,
            "gross_margin": 30.47,
            "gross_margin_4q_avg": 33.33,
            "net_income": -102994,
            "net_income_4q": null,
            "revenue": 63882,
            "revenue_4q": null,
            "common_shares": 5472599,
            "book_valuer_per_share": 12.15,
            "book_valuer_per_share_4q_avg": 12.5,
            "equity": 6650703,
            "current_ratio": 146.52,
            "debt_ratio": 57.64,
            "inventory_turnover_ratio": 0,
            "account_receivable_turnover_ratio": 1.84,
            "reinvestment_rate": -1.24,
            "research_to_sale_ratio": null,
            "price_fair": 100.96,
            "eps_avg_yearly": 2.88,
            "eps_latest_yearly": 0.72,
            "eps_growth_yearly": 4186.26
        },
        "20152": {
            "year_quarter": 20152,
            "year": 2015,
            "quarter": 2,
            "eps": 0.68,
            "eps_growth_year": null,
            "eps_4q": 0.42,
            "eps_4q_growth_year": -84.49,
            "roe": 5.46,
            "roe_4q": 3.34,
            "gross_profit": 596450,
            "gross_margin": 32.5,
            "gross_margin_4q_avg": 34.71,
            "net_income": 379909,
            "net_income_4q": null,
            "revenue": 1835172,
            "revenue_4q": null,
            "common_shares": 5765825,
            "book_valuer_per_share": 12.59,
            "book_valuer_per_share_4q_avg": 12.49,
            "equity": 7259497,
            "current_ratio": 153.65,
            "debt_ratio": 54.6,
            "inventory_turnover_ratio": 0.12,
            "account_receivable_turnover_ratio": 17.87,
            "reinvestment_rate": 9.55,
            "research_to_sale_ratio": null,
            "price_fair": 100.96,
            "eps_avg_yearly": 2.88,
            "eps_latest_yearly": 0.72,
            "eps_growth_yearly": 4186.26
        },
        "20153": {
            "year_quarter": 20153,
            "year": 2015,
            "quarter": 3,
            "eps": -0.01,
            "eps_growth_year": -120,
            "eps_4q": 0.37,
            "eps_4q_growth_year": -86.57,
            "roe": -0.07,
            "roe_4q": 2.8699999999999997,
            "gross_profit": 45113,
            "gross_margin": 11.51,
            "gross_margin_4q_avg": 28.53,
            "net_income": -5428,
            "net_income_4q": null,
            "revenue": 391864,
            "revenue_4q": null,
            "common_shares": 5765825,
            "book_valuer_per_share": 12.59,
            "book_valuer_per_share_4q_avg": 12.47,
            "equity": 7257148,
            "current_ratio": 154.28,
            "debt_ratio": 53.9,
            "inventory_turnover_ratio": 0.03,
            "account_receivable_turnover_ratio": 4.09,
            "reinvestment_rate": 8.5,
            "research_to_sale_ratio": null,
            "price_fair": 100.96,
            "eps_avg_yearly": 2.88,
            "eps_latest_yearly": 0.72,
            "eps_growth_yearly": 4186.26
        },
        "20154": {
            "year_quarter": 20154,
            "year": 2015,
            "quarter": 4,
            "eps": 0.12,
            "eps_growth_year": null,
            "eps_4q": 0.59,
            "eps_4q_growth_year": 486.91,
            "roe": 0.92,
            "roe_4q": 4.720000000000001,
            "gross_profit": 179515,
            "gross_margin": 25.3,
            "gross_margin_4q_avg": 24.95,
            "net_income": 66740,
            "net_income_4q": null,
            "revenue": 709443,
            "revenue_4q": null,
            "common_shares": 5765825,
            "book_valuer_per_share": 12.7,
            "book_valuer_per_share_4q_avg": 12.51,
            "equity": 7327670,
            "current_ratio": 152.99,
            "debt_ratio": 54.37,
            "inventory_turnover_ratio": 0.05,
            "account_receivable_turnover_ratio": 15.59,
            "reinvestment_rate": 9.23,
            "research_to_sale_ratio": null,
            "price_fair": 100.96,
            "eps_avg_yearly": 2.88,
            "eps_latest_yearly": 0.72,
            "eps_growth_yearly": 4186.26
        },
        "20161": {
            "year_quarter": 20161,
            "year": 2016,
            "quarter": 1,
            "eps": -0.09,
            "eps_growth_year": null,
            "eps_4q": 0.67,
            "eps_4q_growth_year": null,
            "roe": -0.73,
            "roe_4q": 5.58,
            "gross_profit": 20385,
            "gross_margin": 29.18,
            "gross_margin_4q_avg": 24.62,
            "net_income": -53128,
            "net_income_4q": null,
            "revenue": 69861,
            "revenue_4q": null,
            "common_shares": 5765825,
            "book_valuer_per_share": 12.61,
            "book_valuer_per_share_4q_avg": 12.62,
            "equity": 7273562,
            "current_ratio": 152.44,
            "debt_ratio": 54.44,
            "inventory_turnover_ratio": 0,
            "account_receivable_turnover_ratio": 1.51,
            "reinvestment_rate": 9.38,
            "research_to_sale_ratio": null,
            "price_fair": 112.88,
            "eps_avg_yearly": 3.23,
            "eps_latest_yearly": 0.72,
            "eps_growth_yearly": 4757.19
        },
        "20162": {
            "year_quarter": 20162,
            "year": 2016,
            "quarter": 2,
            "eps": 0.02,
            "eps_growth_year": -97.06,
            "eps_4q": 0.04,
            "eps_4q_growth_year": -90.62,
            "roe": 0.2,
            "roe_4q": 0.32,
            "gross_profit": 94970,
            "gross_margin": 19.14,
            "gross_margin_4q_avg": 21.28,
            "net_income": 14515,
            "net_income_4q": null,
            "revenue": 496283,
            "revenue_4q": null,
            "common_shares": 5765825,
            "book_valuer_per_share": 12.23,
            "book_valuer_per_share_4q_avg": 12.53,
            "equity": 7058349,
            "current_ratio": 156.91,
            "debt_ratio": 54.29,
            "inventory_turnover_ratio": 0.04,
            "account_receivable_turnover_ratio": 21.09,
            "reinvestment_rate": 9.52,
            "research_to_sale_ratio": null,
            "price_fair": 126.8,
            "eps_avg_yearly": 3.62,
            "eps_latest_yearly": 0.72,
            "eps_growth_yearly": 5336.79
        },
        "20163": {
            "year_quarter": 20163,
            "year": 2016,
            "quarter": 3,
            "eps": -0.13,
            "eps_growth_year": null,
            "eps_4q": -0.09,
            "eps_4q_growth_year": -123.56,
            "roe": -1.12,
            "roe_4q": -0.7300000000000001,
            "gross_profit": 5943,
            "gross_margin": 13.1,
            "gross_margin_4q_avg": 21.68,
            "net_income": -78598,
            "net_income_4q": null,
            "revenue": 45374,
            "revenue_4q": null,
            "common_shares": 5765825,
            "book_valuer_per_share": 12.09,
            "book_valuer_per_share_4q_avg": 12.41,
            "equity": 6976892,
            "current_ratio": 155.13,
            "debt_ratio": 55.78,
            "inventory_turnover_ratio": 0,
            "account_receivable_turnover_ratio": 1.91,
            "reinvestment_rate": 9.94,
            "research_to_sale_ratio": null,
            "price_fair": 143.5,
            "eps_avg_yearly": 4.1,
            "eps_latest_yearly": 0.72,
            "eps_growth_yearly": 6177.77
        },
        "20164": {
            "year_quarter": 20164,
            "year": 2016,
            "quarter": 4,
            "eps": 0.21,
            "eps_growth_year": 84.99,
            "eps_4q": 0.01,
            "eps_4q_growth_year": -98.03,
            "roe": 1.74,
            "roe_4q": 0.08999999999999986,
            "gross_profit": 271723,
            "gross_margin": 32.09,
            "gross_margin_4q_avg": 23.38,
            "net_income": 123423,
            "net_income_4q": null,
            "revenue": 846674,
            "revenue_4q": null,
            "common_shares": 5765825,
            "book_valuer_per_share": 12.32,
            "book_valuer_per_share_4q_avg": 12.31,
            "equity": 7228406,
            "current_ratio": 162.85,
            "debt_ratio": 54.12,
            "inventory_turnover_ratio": 0.05,
            "account_receivable_turnover_ratio": 12.07,
            "reinvestment_rate": 12.62,
            "research_to_sale_ratio": null,
            "price_fair": 101.64,
            "eps_avg_yearly": 2.9,
            "eps_latest_yearly": 0.72,
            "eps_growth_yearly": 6432.28
        },
        "20171": {
            "year_quarter": 20171,
            "year": 2017,
            "quarter": 1,
            "eps": 0.11,
            "eps_growth_year": null,
            "eps_4q": 0.22,
            "eps_4q_growth_year": -67.83,
            "roe": 0.88,
            "roe_4q": 1.7,
            "gross_profit": 174526,
            "gross_margin": 20.87,
            "gross_margin_4q_avg": 21.3,
            "net_income": 63671,
            "net_income_4q": null,
            "revenue": 836085,
            "revenue_4q": null,
            "common_shares": 5765825,
            "book_valuer_per_share": 12.43,
            "book_valuer_per_share_4q_avg": 12.27,
            "equity": 7290551,
            "current_ratio": 162.42,
            "debt_ratio": 54.36,
            "inventory_turnover_ratio": 0.06,
            "account_receivable_turnover_ratio": 9.56,
            "reinvestment_rate": 16.48,
            "research_to_sale_ratio": null,
            "price_fair": 90.16,
            "eps_avg_yearly": 2.58,
            "eps_latest_yearly": 0.44,
            "eps_growth_yearly": 6457.67
        },
        "20172": {
            "year_quarter": 20172,
            "year": 2017,
            "quarter": 2,
            "eps": 0.36,
            "eps_growth_year": 1700,
            "eps_4q": 0.55,
            "eps_4q_growth_year": 1288.95,
            "roe": 2.8,
            "roe_4q": 4.3,
            "gross_profit": 343657,
            "gross_margin": 19.22,
            "gross_margin_4q_avg": 21.32,
            "net_income": 206682,
            "net_income_4q": null,
            "revenue": 1787718,
            "revenue_4q": null,
            "common_shares": 5765825,
            "book_valuer_per_share": 12.79,
            "book_valuer_per_share_4q_avg": 12.41,
            "equity": 7497716,
            "current_ratio": 172.11,
            "debt_ratio": 51.09,
            "inventory_turnover_ratio": 0.12,
            "account_receivable_turnover_ratio": 14.13,
            "reinvestment_rate": 15.29,
            "research_to_sale_ratio": null,
            "price_fair": 89.88,
            "eps_avg_yearly": 2.57,
            "eps_latest_yearly": 1.44,
            "eps_growth_yearly": 6662.57
        },
        "20173": {
            "year_quarter": 20173,
            "year": 2017,
            "quarter": 3,
            "eps": -0.11,
            "eps_growth_year": null,
            "eps_4q": 0.58,
            "eps_4q_growth_year": null,
            "roe": -0.84,
            "roe_4q": 4.58,
            "gross_profit": 8941,
            "gross_margin": 88.62,
            "gross_margin_4q_avg": 40.2,
            "net_income": -62387,
            "net_income_4q": null,
            "revenue": 10089,
            "revenue_4q": null,
            "common_shares": 5765825,
            "book_valuer_per_share": 12.69,
            "book_valuer_per_share_4q_avg": 12.56,
            "equity": 7436483,
            "current_ratio": 171.87,
            "debt_ratio": 51.72,
            "inventory_turnover_ratio": 0,
            "account_receivable_turnover_ratio": 0.05,
            "reinvestment_rate": 16.77,
            "research_to_sale_ratio": null,
            "price_fair": 111.3,
            "eps_avg_yearly": 3.18,
            "eps_latest_yearly": 1.44,
            "eps_growth_yearly": 8420.1
        },
        "20174": {
            "year_quarter": 20174,
            "year": 2017,
            "quarter": 4,
            "eps": -0.12,
            "eps_growth_year": -153.68,
            "eps_4q": 0.25,
            "eps_4q_growth_year": 2058.67,
            "roe": -0.91,
            "roe_4q": 1.9299999999999997,
            "gross_profit": 21487,
            "gross_margin": 54.77,
            "gross_margin_4q_avg": 45.87,
            "net_income": -67685,
            "net_income_4q": null,
            "revenue": 39233,
            "revenue_4q": null,
            "common_shares": 5765825,
            "book_valuer_per_share": 12.58,
            "book_valuer_per_share_4q_avg": 12.62,
            "equity": 7489599,
            "current_ratio": 170.14,
            "debt_ratio": 52.18,
            "inventory_turnover_ratio": 0,
            "account_receivable_turnover_ratio": 0.18,
            "reinvestment_rate": 55.44,
            "research_to_sale_ratio": null,
            "price_fair": 30.33,
            "eps_avg_yearly": 0.87,
            "eps_latest_yearly": 1.44,
            "eps_growth_yearly": 115.69
        },
        "20181": {
            "year_quarter": 20181,
            "year": 2018,
            "quarter": 1,
            "eps": -0.08,
            "eps_growth_year": -172.73,
            "eps_4q": 0.06,
            "eps_4q_growth_year": -73.84,
            "roe": -0.65,
            "roe_4q": 0.3999999999999999,
            "gross_profit": 20257,
            "gross_margin": 24.48,
            "gross_margin_4q_avg": 46.77,
            "net_income": -48281,
            "net_income_4q": null,
            "revenue": 82760,
            "revenue_4q": null,
            "common_shares": 5765825,
            "book_valuer_per_share": 12.61,
            "book_valuer_per_share_4q_avg": 12.67,
            "equity": 7272164,
            "current_ratio": 165.54,
            "debt_ratio": 53.48,
            "inventory_turnover_ratio": 0.01,
            "account_receivable_turnover_ratio": 0.36,
            "reinvestment_rate": -6.92,
            "research_to_sale_ratio": null,
            "price_fair": 32.9,
            "eps_avg_yearly": 0.94,
            "eps_latest_yearly": 1.44,
            "eps_growth_yearly": 359.31
        },
        "20182": {
            "year_quarter": 20182,
            "year": 2018,
            "quarter": 2,
            "eps": -0.12,
            "eps_growth_year": -133.33,
            "eps_4q": -0.42,
            "eps_4q_growth_year": -175.92,
            "roe": -0.93,
            "roe_4q": -3.33,
            "gross_profit": 9675,
            "gross_margin": 92.85,
            "gross_margin_4q_avg": 65.18,
            "net_income": -66487,
            "net_income_4q": null,
            "revenue": 10420,
            "revenue_4q": null,
            "common_shares": 5765825,
            "book_valuer_per_share": 12.25,
            "book_valuer_per_share_4q_avg": 12.53,
            "equity": 7062516,
            "current_ratio": 159.96,
            "debt_ratio": 55.86,
            "inventory_turnover_ratio": 0,
            "account_receivable_turnover_ratio": 0.04,
            "reinvestment_rate": -45.46,
            "research_to_sale_ratio": null,
            "price_fair": 32.9,
            "eps_avg_yearly": 0.94,
            "eps_latest_yearly": 1.44,
            "eps_growth_yearly": 359.31
        },
        "20183": {
            "year_quarter": 20183,
            "year": 2018,
            "quarter": 3,
            "eps": -0.08,
            "eps_growth_year": null,
            "eps_4q": -0.33,
            "eps_4q_growth_year": -157,
            "roe": -0.66,
            "roe_4q": -3.1500000000000004,
            "gross_profit": 47842,
            "gross_margin": 67.46,
            "gross_margin_4q_avg": 59.89,
            "net_income": -50936,
            "net_income_4q": null,
            "revenue": 70917,
            "revenue_4q": null,
            "common_shares": 6965825,
            "book_valuer_per_share": 12,
            "book_valuer_per_share_4q_avg": 12.36,
            "equity": 8357831,
            "current_ratio": 169.78,
            "debt_ratio": 53.14,
            "inventory_turnover_ratio": 0,
            "account_receivable_turnover_ratio": 0.3,
            "reinvestment_rate": -58.4,
            "research_to_sale_ratio": null,
            "price_fair": 32.9,
            "eps_avg_yearly": 0.94,
            "eps_latest_yearly": 1.44,
            "eps_growth_yearly": 359.31
        },
        "20184": {
            "year_quarter": 20184,
            "year": 2018,
            "quarter": 4,
            "eps": 0.16,
            "eps_growth_year": null,
            "eps_4q": -0.07,
            "eps_4q_growth_year": -128.13,
            "roe": 1.37,
            "roe_4q": -0.87,
            "gross_profit": 153689,
            "gross_margin": 26.11,
            "gross_margin_4q_avg": 52.73,
            "net_income": 114715,
            "net_income_4q": null,
            "revenue": 588557,
            "revenue_4q": null,
            "common_shares": 6965825,
            "book_valuer_per_share": 12.09,
            "book_valuer_per_share_4q_avg": 12.24,
            "equity": 8419604,
            "current_ratio": 173.79,
            "debt_ratio": 52.4,
            "inventory_turnover_ratio": 0.03,
            "account_receivable_turnover_ratio": 2.36,
            "reinvestment_rate": -75.13,
            "research_to_sale_ratio": null,
            "price_fair": 32.9,
            "eps_avg_yearly": 0.94,
            "eps_latest_yearly": 1.44,
            "eps_growth_yearly": 359.31
        },
        "20191": {
            "year_quarter": 20191,
            "year": 2019,
            "quarter": 1,
            "eps": -0.07,
            "eps_growth_year": null,
            "eps_4q": -0.08,
            "eps_4q_growth_year": -233.72,
            "roe": -0.6,
            "roe_4q": -0.82,
            "gross_profit": 33809,
            "gross_margin": 38.68,
            "gross_margin_4q_avg": 56.28,
            "net_income": -50083,
            "net_income_4q": null,
            "revenue": 87399,
            "revenue_4q": null,
            "common_shares": 6965825,
            "book_valuer_per_share": 12.07,
            "book_valuer_per_share_4q_avg": 12.1,
            "equity": 8404531,
            "current_ratio": 169.94,
            "debt_ratio": 53.73,
            "inventory_turnover_ratio": 0,
            "account_receivable_turnover_ratio": 0.36,
            "reinvestment_rate": -66.8,
            "research_to_sale_ratio": null,
            "price_fair": 32.9,
            "eps_avg_yearly": 0.94,
            "eps_latest_yearly": 1.44,
            "eps_growth_yearly": 359.31
        },
        "20192": {
            "year_quarter": 20192,
            "year": 2019,
            "quarter": 2,
            "eps": 0.11,
            "eps_growth_year": null,
            "eps_4q": 0.13,
            "eps_4q_growth_year": null,
            "roe": 0.92,
            "roe_4q": 1.0300000000000002,
            "gross_profit": 180933,
            "gross_margin": 23.54,
            "gross_margin_4q_avg": 38.95,
            "net_income": 75914,
            "net_income_4q": null,
            "revenue": 768531,
            "revenue_4q": null,
            "common_shares": 6965825,
            "book_valuer_per_share": 11.67,
            "book_valuer_per_share_4q_avg": 11.96,
            "equity": 8128692,
            "current_ratio": 163.93,
            "debt_ratio": 55.89,
            "inventory_turnover_ratio": 0.04,
            "account_receivable_turnover_ratio": 3.22,
            "reinvestment_rate": -173,
            "research_to_sale_ratio": null,
            "price_fair": 32.9,
            "eps_avg_yearly": 0.94,
            "eps_latest_yearly": 1.44,
            "eps_growth_yearly": 359.31
        },
        "20193": {
            "year_quarter": 20193,
            "year": 2019,
            "quarter": 3,
            "eps": -0.05,
            "eps_growth_year": null,
            "eps_4q": 0.15,
            "eps_4q_growth_year": null,
            "roe": -0.47,
            "roe_4q": 1.2200000000000002,
            "gross_profit": 57323,
            "gross_margin": 20.31,
            "gross_margin_4q_avg": 27.16,
            "net_income": -38202,
            "net_income_4q": null,
            "revenue": 282301,
            "revenue_4q": null,
            "common_shares": 6965825,
            "book_valuer_per_share": 11.64,
            "book_valuer_per_share_4q_avg": 11.87,
            "equity": 8116494,
            "current_ratio": 165.68,
            "debt_ratio": 55.16,
            "inventory_turnover_ratio": 0.02,
            "account_receivable_turnover_ratio": 1.53,
            "reinvestment_rate": -196.58,
            "research_to_sale_ratio": null,
            "price_fair": 32.9,
            "eps_avg_yearly": 0.94,
            "eps_latest_yearly": 1.44,
            "eps_growth_yearly": 359.31
        },
        "20194": {
            "year_quarter": 20194,
            "year": 2019,
            "quarter": 4,
            "eps": 0.1,
            "eps_growth_year": -39.62,
            "eps_4q": 0.08,
            "eps_4q_growth_year": null,
            "roe": 0.85,
            "roe_4q": 0.7000000000000001,
            "gross_profit": 192659,
            "gross_margin": 24.55,
            "gross_margin_4q_avg": 26.77,
            "net_income": 69259,
            "net_income_4q": null,
            "revenue": 784793,
            "revenue_4q": null,
            "common_shares": 6965825,
            "book_valuer_per_share": 11.76,
            "book_valuer_per_share_4q_avg": 11.79,
            "equity": 8217459,
            "current_ratio": 164.67,
            "debt_ratio": 55.75,
            "inventory_turnover_ratio": 0.04,
            "account_receivable_turnover_ratio": 7.06,
            "reinvestment_rate": -202.06,
            "research_to_sale_ratio": null,
            "price_fair": 32.9,
            "eps_avg_yearly": 0.94,
            "eps_latest_yearly": 1.44,
            "eps_growth_yearly": 359.31
        },
        "20201": {
            "year_quarter": 20201,
            "year": 2020,
            "quarter": 1,
            "eps": -0.04,
            "eps_growth_year": null,
            "eps_4q": 0.11,
            "eps_4q_growth_year": null,
            "roe": -0.37,
            "roe_4q": 0.93,
            "gross_profit": 53098,
            "gross_margin": 23.6,
            "gross_margin_4q_avg": 23,
            "net_income": -30628,
            "net_income_4q": null,
            "revenue": 225007,
            "revenue_4q": null,
            "common_shares": 6965825,
            "book_valuer_per_share": 11.7,
            "book_valuer_per_share_4q_avg": 11.69,
            "equity": 8174296,
            "current_ratio": 162.88,
            "debt_ratio": 56.17,
            "inventory_turnover_ratio": 0.01,
            "account_receivable_turnover_ratio": 2.65,
            "reinvestment_rate": -177.56,
            "research_to_sale_ratio": null,
            "price_fair": 32.9,
            "eps_avg_yearly": 0.94,
            "eps_latest_yearly": 1.44,
            "eps_growth_yearly": 359.31
        },
        "20202": {
            "year_quarter": 20202,
            "year": 2020,
            "quarter": 2,
            "eps": 6.57,
            "eps_growth_year": 5872.73,
            "eps_4q": 6.57,
            "eps_4q_growth_year": 5009.62,
            "roe": 43.26,
            "roe_4q": 43.27,
            "gross_profit": 4912898,
            "gross_margin": 48.99,
            "gross_margin_4q_avg": 29.36,
            "net_income": 4578283,
            "net_income_4q": null,
            "revenue": 10027672,
            "revenue_4q": null,
            "common_shares": 6965825,
            "book_valuer_per_share": 18.6,
            "book_valuer_per_share_4q_avg": 13.43,
            "equity": 12992379,
            "current_ratio": 235.04,
            "debt_ratio": 38.84,
            "inventory_turnover_ratio": 0.42,
            "account_receivable_turnover_ratio": 122.62,
            "reinvestment_rate": -6.83,
            "research_to_sale_ratio": null,
            "price_fair": 32.9,
            "eps_avg_yearly": 0.94,
            "eps_latest_yearly": 1.44,
            "eps_growth_yearly": 359.31
        },
        "20203": {
            "year_quarter": 20203,
            "year": 2020,
            "quarter": 3,
            "eps": 0.31,
            "eps_growth_year": null,
            "eps_4q": 6.94,
            "eps_4q_growth_year": 4621.7,
            "roe": 1.72,
            "roe_4q": 45.46,
            "gross_profit": 221168,
            "gross_margin": 39.8,
            "gross_margin_4q_avg": 34.24,
            "net_income": 215428,
            "net_income_4q": null,
            "revenue": 555708,
            "revenue_4q": null,
            "common_shares": 6965825,
            "book_valuer_per_share": 17.21,
            "book_valuer_per_share_4q_avg": 14.82,
            "equity": 12024952,
            "current_ratio": 222.14,
            "debt_ratio": 41.23,
            "inventory_turnover_ratio": 0.03,
            "account_receivable_turnover_ratio": 5.49,
            "reinvestment_rate": -9.36,
            "research_to_sale_ratio": null,
            "price_fair": 36.4,
            "eps_avg_yearly": 1.04,
            "eps_latest_yearly": 1.24,
            "eps_growth_yearly": 112.5
        },
        "20204": {
            "year_quarter": 20204,
            "year": 2020,
            "quarter": 4,
            "eps": 0.47,
            "eps_growth_year": 376.46,
            "eps_4q": 13.01,
            "eps_4q_growth_year": 15827.83,
            "roe": 1.69,
            "roe_4q": 46.300000000000004,
            "gross_profit": 338270,
            "gross_margin": 9.75,
            "gross_margin_4q_avg": 30.54,
            "net_income": 179984,
            "net_income_4q": null,
            "revenue": 3469528,
            "revenue_4q": null,
            "common_shares": 3800000,
            "book_valuer_per_share": 24.36,
            "book_valuer_per_share_4q_avg": 17.97,
            "equity": 9290594,
            "current_ratio": 161.97,
            "debt_ratio": 54.25,
            "inventory_turnover_ratio": 0.3,
            "account_receivable_turnover_ratio": 16.87,
            "reinvestment_rate": 2.1,
            "research_to_sale_ratio": null,
            "price_fair": 43.75,
            "eps_avg_yearly": 1.25,
            "eps_latest_yearly": 1.88,
            "eps_growth_yearly": 135.98
        },
        "20211": {
            "year_quarter": 20211,
            "year": 2021,
            "quarter": 1,
            "eps": 0.89,
            "eps_growth_year": null,
            "eps_4q": 13.98,
            "eps_4q_growth_year": 12652.26,
            "roe": 3.59,
            "roe_4q": 50.26,
            "gross_profit": 463874,
            "gross_margin": 24.87,
            "gross_margin_4q_avg": 30.85,
            "net_income": 338179,
            "net_income_4q": null,
            "revenue": 1865381,
            "revenue_4q": null,
            "common_shares": 3800000,
            "book_valuer_per_share": 25.05,
            "book_valuer_per_share_4q_avg": 21.31,
            "equity": 9554488,
            "current_ratio": 195.76,
            "debt_ratio": 44.86,
            "inventory_turnover_ratio": 0.13,
            "account_receivable_turnover_ratio": 7.01,
            "reinvestment_rate": 9.74,
            "research_to_sale_ratio": null,
            "price_fair": 71.05,
            "eps_avg_yearly": 2.03,
            "eps_latest_yearly": 3.56,
            "eps_growth_yearly": 272.97
        },
        "20212": {
            "year_quarter": 20212,
            "year": 2021,
            "quarter": 2,
            "eps": 1.4,
            "eps_growth_year": -78.69,
            "eps_4q": 3.33,
            "eps_4q_growth_year": -49.33,
            "roe": 5.53,
            "roe_4q": 12.530000000000001,
            "gross_profit": 710528,
            "gross_margin": 31.22,
            "gross_margin_4q_avg": 26.41,
            "net_income": 531923,
            "net_income_4q": null,
            "revenue": 2275521,
            "revenue_4q": null,
            "common_shares": 3800000,
            "book_valuer_per_share": 25.37,
            "book_valuer_per_share_4q_avg": 23,
            "equity": 9676237,
            "current_ratio": 203.46,
            "debt_ratio": 43.21,
            "inventory_turnover_ratio": 0.15,
            "account_receivable_turnover_ratio": 11.95,
            "reinvestment_rate": 9.32,
            "research_to_sale_ratio": null,
            "price_fair": 107.45,
            "eps_avg_yearly": 3.07,
            "eps_latest_yearly": 5.6,
            "eps_growth_yearly": 103
        },
        "20213": {
            "year_quarter": 20213,
            "year": 2021,
            "quarter": 3,
            "eps": -0.07,
            "eps_growth_year": -122.58,
            "eps_4q": 2.7,
            "eps_4q_growth_year": -61.13,
            "roe": -0.27,
            "roe_4q": 10.54,
            "gross_profit": 126646,
            "gross_margin": 26.18,
            "gross_margin_4q_avg": 23.01,
            "net_income": -25585,
            "net_income_4q": null,
            "revenue": 483704,
            "revenue_4q": null,
            "common_shares": 3800000,
            "book_valuer_per_share": 24.12,
            "book_valuer_per_share_4q_avg": 24.73,
            "equity": 9200851,
            "current_ratio": 192.66,
            "debt_ratio": 46.08,
            "inventory_turnover_ratio": 0.04,
            "account_receivable_turnover_ratio": 3.48,
            "reinvestment_rate": 6.23,
            "research_to_sale_ratio": null,
            "price_fair": 107.45,
            "eps_avg_yearly": 3.07,
            "eps_latest_yearly": 5.6,
            "eps_growth_yearly": 103
        },
        "20214": {
            "year_quarter": 20214,
            "year": 2021,
            "quarter": 4,
            "eps": 0.36,
            "eps_growth_year": -23.56,
            "eps_4q": 2.58,
            "eps_4q_growth_year": -80.13,
            "roe": 1.49,
            "roe_4q": 10.34,
            "gross_profit": 61142,
            "gross_margin": 12.24,
            "gross_margin_4q_avg": 23.63,
            "net_income": 137620,
            "net_income_4q": null,
            "revenue": 499678,
            "revenue_4q": null,
            "common_shares": 3800000,
            "book_valuer_per_share": 24.29,
            "book_valuer_per_share_4q_avg": 24.71,
            "equity": 9263314,
            "current_ratio": 189.63,
            "debt_ratio": 46.61,
            "inventory_turnover_ratio": 0.04,
            "account_receivable_turnover_ratio": 1.53,
            "reinvestment_rate": 8.05,
            "research_to_sale_ratio": null,
            "price_fair": 107.45,
            "eps_avg_yearly": 3.07,
            "eps_latest_yearly": 5.6,
            "eps_growth_yearly": 103
        },
        "20221": {
            "year_quarter": 20221,
            "year": 2022,
            "quarter": 1,
            "eps": 0.61,
            "eps_growth_year": -31.46,
            "eps_4q": 2.31,
            "eps_4q_growth_year": -83.51,
            "roe": 2.47,
            "roe_4q": 9.22,
            "gross_profit": 352672,
            "gross_margin": 15.8,
            "gross_margin_4q_avg": 21.36,
            "net_income": 231998,
            "net_income_4q": null,
            "revenue": 2231927,
            "revenue_4q": null,
            "common_shares": 3800000,
            "book_valuer_per_share": 24.94,
            "book_valuer_per_share_4q_avg": 24.68,
            "equity": 9509264,
            "current_ratio": 221.39,
            "debt_ratio": 39.67,
            "inventory_turnover_ratio": 0.19,
            "account_receivable_turnover_ratio": 3.78,
            "reinvestment_rate": 12.76,
            "research_to_sale_ratio": null,
            "price_fair": 103.04,
            "eps_avg_yearly": 2.94,
            "eps_latest_yearly": 2.44,
            "eps_growth_yearly": 137.95
        },
        "20222": {
            "year_quarter": 20222,
            "year": 2022,
            "quarter": 2,
            "eps": 0.54,
            "eps_growth_year": -61.43,
            "eps_4q": 1.45,
            "eps_4q_growth_year": -56.46,
            "roe": 2.17,
            "roe_4q": 5.860000000000001,
            "gross_profit": 237718,
            "gross_margin": 27.8,
            "gross_margin_4q_avg": 20.51,
            "net_income": 207012,
            "net_income_4q": null,
            "revenue": 855202,
            "revenue_4q": null,
            "common_shares": 3800000,
            "book_valuer_per_share": 24.95,
            "book_valuer_per_share_4q_avg": 24.58,
            "equity": 9576631,
            "current_ratio": 219.99,
            "debt_ratio": 39.51,
            "inventory_turnover_ratio": 0.06,
            "account_receivable_turnover_ratio": 2.2,
            "reinvestment_rate": 10.72,
            "research_to_sale_ratio": null,
            "price_fair": 98.47,
            "eps_avg_yearly": 2.81,
            "eps_latest_yearly": 2.16,
            "eps_growth_yearly": 107.31
        },
        "20223": {
            "year_quarter": 20223,
            "year": 2022,
            "quarter": 3,
            "eps": 0.31,
            "eps_growth_year": null,
            "eps_4q": 1.83,
            "eps_4q_growth_year": -32.3,
            "roe": 1.22,
            "roe_4q": 7.35,
            "gross_profit": 123378,
            "gross_margin": 25.08,
            "gross_margin_4q_avg": 20.23,
            "net_income": 116991,
            "net_income_4q": null,
            "revenue": 491887,
            "revenue_4q": null,
            "common_shares": 3800000,
            "book_valuer_per_share": 25.07,
            "book_valuer_per_share_4q_avg": 24.81,
            "equity": 9620499,
            "current_ratio": 210.73,
            "debt_ratio": 41.38,
            "inventory_turnover_ratio": 0.04,
            "account_receivable_turnover_ratio": 4.05,
            "reinvestment_rate": 11.01,
            "research_to_sale_ratio": null,
            "price_fair": 90.6,
            "eps_avg_yearly": 2.59,
            "eps_latest_yearly": 1.24,
            "eps_growth_yearly": 67.64
        },
        "20224": {
            "year_quarter": 20224,
            "year": 2022,
            "quarter": 4,
            "eps": -0.18,
            "eps_growth_year": -150.93,
            "eps_4q": 1.28,
            "eps_4q_growth_year": -50.52,
            "roe": -0.73,
            "roe_4q": 5.130000000000001,
            "gross_profit": 71109,
            "gross_margin": 18.94,
            "gross_margin_4q_avg": 21.91,
            "net_income": -70083,
            "net_income_4q": null,
            "revenue": 375500,
            "revenue_4q": null,
            "common_shares": 3800000,
            "book_valuer_per_share": 25.03,
            "book_valuer_per_share_4q_avg": 25,
            "equity": 9613479,
            "current_ratio": 205.14,
            "debt_ratio": 42.7,
            "inventory_turnover_ratio": 0.03,
            "account_receivable_turnover_ratio": 3.38,
            "reinvestment_rate": 12.23,
            "research_to_sale_ratio": null,
            "price_fair": 90.6,
            "eps_avg_yearly": 2.59,
            "eps_latest_yearly": 1.24,
            "eps_growth_yearly": 67.64
        },
        "20231": {
            "year_quarter": 20231,
            "year": 2023,
            "quarter": 1,
            "eps": 0.23,
            "eps_growth_year": -62.3,
            "eps_4q": 0.9,
            "eps_4q_growth_year": -60.91,
            "roe": 0.91,
            "roe_4q": 3.57,
            "gross_profit": 90851,
            "gross_margin": 34.51,
            "gross_margin_4q_avg": 26.58,
            "net_income": 88362,
            "net_income_4q": null,
            "revenue": 263256,
            "revenue_4q": null,
            "common_shares": 3800000,
            "book_valuer_per_share": 25.58,
            "book_valuer_per_share_4q_avg": 25.16,
            "equity": 9825344,
            "current_ratio": 203.89,
            "debt_ratio": 42.62,
            "inventory_turnover_ratio": 0.01,
            "account_receivable_turnover_ratio": 2.77,
            "reinvestment_rate": 13.5,
            "research_to_sale_ratio": null,
            "price_fair": 90.6,
            "eps_avg_yearly": 2.59,
            "eps_latest_yearly": 1.24,
            "eps_growth_yearly": 67.64
        },
        "20232": {
            "year_quarter": 20232,
            "year": 2023,
            "quarter": 2,
            "eps": 0.14,
            "eps_growth_year": -74.07,
            "eps_4q": 0.49,
            "eps_4q_growth_year": -65.94,
            "roe": 0.53,
            "roe_4q": 1.93,
            "gross_profit": 10359,
            "gross_margin": 47.77,
            "gross_margin_4q_avg": 31.58,
            "net_income": 52373,
            "net_income_4q": null,
            "revenue": 21683,
            "revenue_4q": null,
            "common_shares": 3800000,
            "book_valuer_per_share": 26.01,
            "book_valuer_per_share_4q_avg": 25.42,
            "equity": 9990174,
            "current_ratio": 197.86,
            "debt_ratio": 43.41,
            "inventory_turnover_ratio": 0,
            "account_receivable_turnover_ratio": 0.24,
            "reinvestment_rate": 14.67,
            "research_to_sale_ratio": null,
            "price_fair": 81.73,
            "eps_avg_yearly": 2.34,
            "eps_latest_yearly": 0.56,
            "eps_growth_yearly": 39.62
        },
        "20233": {
            "year_quarter": 20233,
            "year": 2023,
            "quarter": 3,
            "eps": 0.11,
            "eps_growth_year": -64.52,
            "eps_4q": 0.29,
            "eps_4q_growth_year": -83.95,
            "roe": 0.41,
            "roe_4q": 1.12,
            "gross_profit": 50066,
            "gross_margin": 33.44,
            "gross_margin_4q_avg": 33.67,
            "net_income": 40437,
            "net_income_4q": null,
            "revenue": 149735,
            "revenue_4q": null,
            "common_shares": 3800000,
            "book_valuer_per_share": 25.84,
            "book_valuer_per_share_4q_avg": 25.62,
            "equity": 9924355,
            "current_ratio": 193.65,
            "debt_ratio": 44.76,
            "inventory_turnover_ratio": 0.01,
            "account_receivable_turnover_ratio": 1.13,
            "reinvestment_rate": 13.17,
            "research_to_sale_ratio": null,
            "price_fair": 74.36,
            "eps_avg_yearly": 2.12,
            "eps_latest_yearly": 0.44,
            "eps_growth_yearly": 25.7
        },
        "20234": {
            "year_quarter": 20234,
            "year": 2023,
            "quarter": 4,
            "eps": 0.32,
            "eps_growth_year": null,
            "eps_4q": 0.8,
            "eps_4q_growth_year": -37.4,
            "roe": 1.23,
            "roe_4q": 3.08,
            "gross_profit": 140269,
            "gross_margin": 46.63,
            "gross_margin_4q_avg": 40.59,
            "net_income": 123704,
            "net_income_4q": null,
            "revenue": 300785,
            "revenue_4q": null,
            "common_shares": 3800000,
            "book_valuer_per_share": 26.58,
            "book_valuer_per_share_4q_avg": 26,
            "equity": 10205236,
            "current_ratio": 193.9,
            "debt_ratio": 44.98,
            "inventory_turnover_ratio": 0.01,
            "account_receivable_turnover_ratio": 1.74,
            "reinvestment_rate": 15.51,
            "research_to_sale_ratio": null,
            "price_fair": 71.4,
            "eps_avg_yearly": 2.04,
            "eps_latest_yearly": 1.28,
            "eps_growth_yearly": 99.49
        }
    },
    "months": {
        "2001-06": {
            "month": "2001-06",
            "price": "1.65",
            "revenue": 225169
        },
        "2001-07": {
            "month": "2001-07",
            "price": "1.34",
            "revenue": 40989
        },
        "2001-08": {
            "month": "2001-08",
            "price": "1.52",
            "revenue": 268263
        },
        "2001-09": {
            "month": "2001-09",
            "price": "1.51",
            "revenue": 260317
        },
        "2001-10": {
            "month": "2001-10",
            "price": "1.25",
            "revenue": 336949
        },
        "2001-11": {
            "month": "2001-11",
            "price": "1.19",
            "revenue": 125493
        },
        "2001-12": {
            "month": "2001-12",
            "price": "1.33",
            "revenue": 339899
        },
        "2002-01": {
            "month": "2002-01",
            "price": "1.80",
            "revenue": 143580
        },
        "2002-02": {
            "month": "2002-02",
            "price": "1.93",
            "revenue": 103026
        },
        "2002-03": {
            "month": "2002-03",
            "price": "2.23",
            "revenue": 214678
        },
        "2002-04": {
            "month": "2002-04",
            "price": "4.37",
            "revenue": 99871
        },
        "2002-05": {
            "month": "2002-05",
            "price": "4.11",
            "revenue": 115859
        },
        "2002-06": {
            "month": "2002-06",
            "price": "3.80",
            "revenue": 175879
        },
        "2002-07": {
            "month": "2002-07",
            "price": "6.88",
            "revenue": 52343
        },
        "2002-08": {
            "month": "2002-08",
            "price": "5.39",
            "revenue": 1881
        },
        "2002-09": {
            "month": "2002-09",
            "price": "3.45",
            "revenue": 132475
        },
        "2002-10": {
            "month": "2002-10",
            "price": "3.34",
            "revenue": 85568
        },
        "2002-11": {
            "month": "2002-11",
            "price": "3.44",
            "revenue": 24863
        },
        "2002-12": {
            "month": "2002-12",
            "price": "3.33",
            "revenue": 52783
        },
        "2003-01": {
            "month": "2003-01",
            "price": "3.75",
            "revenue": 88752
        },
        "2003-02": {
            "month": "2003-02",
            "price": "3.35",
            "revenue": 66506
        },
        "2003-03": {
            "month": "2003-03",
            "price": "3.07",
            "revenue": 264916
        },
        "2003-04": {
            "month": "2003-04",
            "price": "3.86",
            "revenue": 327960
        },
        "2003-05": {
            "month": "2003-05",
            "price": "3.25",
            "revenue": 906376
        },
        "2003-06": {
            "month": "2003-06",
            "price": "4.39",
            "revenue": 709393
        },
        "2003-07": {
            "month": "2003-07",
            "price": "5.26",
            "revenue": 196586
        },
        "2003-08": {
            "month": "2003-08",
            "price": "4.77",
            "revenue": 243062
        },
        "2003-09": {
            "month": "2003-09",
            "price": "5.02",
            "revenue": 77670
        },
        "2003-10": {
            "month": "2003-10",
            "price": "5.74",
            "revenue": 7234
        },
        "2003-11": {
            "month": "2003-11",
            "price": "6.08",
            "revenue": 2539
        },
        "2003-12": {
            "month": "2003-12",
            "price": "5.83",
            "revenue": 1016
        },
        "2004-01": {
            "month": "2004-01",
            "price": "7.00",
            "revenue": 1231
        },
        "2004-02": {
            "month": "2004-02",
            "price": "9.27",
            "revenue": 379386
        },
        "2004-03": {
            "month": "2004-03",
            "price": "12.30",
            "revenue": 65841
        },
        "2004-04": {
            "month": "2004-04",
            "price": "14.35",
            "revenue": 2655
        },
        "2004-05": {
            "month": "2004-05",
            "price": "10.80",
            "revenue": 8185
        },
        "2004-06": {
            "month": "2004-06",
            "price": "10.93",
            "revenue": 5357
        },
        "2004-07": {
            "month": "2004-07",
            "price": "10.34",
            "revenue": 4714
        },
        "2004-08": {
            "month": "2004-08",
            "price": "9.51",
            "revenue": 5083
        },
        "2004-09": {
            "month": "2004-09",
            "price": "9.63",
            "revenue": 4265
        },
        "2004-10": {
            "month": "2004-10",
            "price": "9.06",
            "revenue": 3657
        },
        "2004-11": {
            "month": "2004-11",
            "price": "14.03",
            "revenue": 5558
        },
        "2004-12": {
            "month": "2004-12",
            "price": "13.89",
            "revenue": 43578
        },
        "2005-01": {
            "month": "2005-01",
            "price": "15.09",
            "revenue": 3931
        },
        "2005-02": {
            "month": "2005-02",
            "price": "13.71",
            "revenue": 5563
        },
        "2005-03": {
            "month": "2005-03",
            "price": "13.00",
            "revenue": 2923
        },
        "2005-04": {
            "month": "2005-04",
            "price": "9.34",
            "revenue": 11501
        },
        "2005-05": {
            "month": "2005-05",
            "price": "9.13",
            "revenue": 28676
        },
        "2005-06": {
            "month": "2005-06",
            "price": "12.63",
            "revenue": 722589
        },
        "2005-07": {
            "month": "2005-07",
            "price": "13.58",
            "revenue": 23915
        },
        "2005-08": {
            "month": "2005-08",
            "price": "11.56",
            "revenue": 4404
        },
        "2005-09": {
            "month": "2005-09",
            "price": "10.86",
            "revenue": 30401
        },
        "2005-10": {
            "month": "2005-10",
            "price": "9.60",
            "revenue": 730226
        },
        "2005-11": {
            "month": "2005-11",
            "price": "9.10",
            "revenue": 111696
        },
        "2005-12": {
            "month": "2005-12",
            "price": "10.69",
            "revenue": 109492
        },
        "2006-01": {
            "month": "2006-01",
            "price": "10.37",
            "revenue": 39594
        },
        "2006-02": {
            "month": "2006-02",
            "price": "9.68",
            "revenue": 5698
        },
        "2006-03": {
            "month": "2006-03",
            "price": "9.19",
            "revenue": 17811
        },
        "2006-04": {
            "month": "2006-04",
            "price": "10.98",
            "revenue": 21385
        },
        "2006-05": {
            "month": "2006-05",
            "price": "13.71",
            "revenue": 17095
        },
        "2006-06": {
            "month": "2006-06",
            "price": "13.04",
            "revenue": 4219
        },
        "2006-07": {
            "month": "2006-07",
            "price": "14.07",
            "revenue": 413913
        },
        "2006-08": {
            "month": "2006-08",
            "price": "15.32",
            "revenue": 19841
        },
        "2006-09": {
            "month": "2006-09",
            "price": "14.32",
            "revenue": 25609
        },
        "2006-10": {
            "month": "2006-10",
            "price": "17.17",
            "revenue": 258723
        },
        "2006-11": {
            "month": "2006-11",
            "price": "25.37",
            "revenue": 46006
        },
        "2006-12": {
            "month": "2006-12",
            "price": "29.84",
            "revenue": 1197573
        },
        "2007-01": {
            "month": "2007-01",
            "price": "24.65",
            "revenue": 318201
        },
        "2007-02": {
            "month": "2007-02",
            "price": "26.50",
            "revenue": 228800
        },
        "2007-03": {
            "month": "2007-03",
            "price": "25.78",
            "revenue": 94696
        },
        "2007-04": {
            "month": "2007-04",
            "price": "27.11",
            "revenue": 49231
        },
        "2007-05": {
            "month": "2007-05",
            "price": "24.72",
            "revenue": 216374
        },
        "2007-06": {
            "month": "2007-06",
            "price": "25.26",
            "revenue": 683977
        },
        "2007-07": {
            "month": "2007-07",
            "price": "28.72",
            "revenue": 61964
        },
        "2007-08": {
            "month": "2007-08",
            "price": "24.61",
            "revenue": 781260
        },
        "2007-09": {
            "month": "2007-09",
            "price": "23.52",
            "revenue": 289984
        },
        "2007-10": {
            "month": "2007-10",
            "price": "23.37",
            "revenue": 180865
        },
        "2007-11": {
            "month": "2007-11",
            "price": "20.11",
            "revenue": 401460
        },
        "2007-12": {
            "month": "2007-12",
            "price": "16.06",
            "revenue": 560116
        },
        "2008-01": {
            "month": "2008-01",
            "price": "17.08",
            "revenue": 494059
        },
        "2008-02": {
            "month": "2008-02",
            "price": "18.58",
            "revenue": 114482
        },
        "2008-03": {
            "month": "2008-03",
            "price": "24.11",
            "revenue": 286225
        },
        "2008-04": {
            "month": "2008-04",
            "price": "29.60",
            "revenue": 242334
        },
        "2008-05": {
            "month": "2008-05",
            "price": "28.28",
            "revenue": 185829
        },
        "2008-06": {
            "month": "2008-06",
            "price": "24.20",
            "revenue": 219030
        },
        "2008-07": {
            "month": "2008-07",
            "price": "16.61",
            "revenue": 196950
        },
        "2008-08": {
            "month": "2008-08",
            "price": "15.64",
            "revenue": 100614
        },
        "2008-09": {
            "month": "2008-09",
            "price": "11.64",
            "revenue": 140315
        },
        "2008-10": {
            "month": "2008-10",
            "price": "8.68",
            "revenue": 111275
        },
        "2008-11": {
            "month": "2008-11",
            "price": "8.35",
            "revenue": 306592
        },
        "2008-12": {
            "month": "2008-12",
            "price": "8.46",
            "revenue": 208673
        },
        "2009-01": {
            "month": "2009-01",
            "price": "8.38",
            "revenue": 18079
        },
        "2009-02": {
            "month": "2009-02",
            "price": "7.63",
            "revenue": 14733
        },
        "2009-03": {
            "month": "2009-03",
            "price": "7.83",
            "revenue": 51397
        },
        "2009-04": {
            "month": "2009-04",
            "price": "10.79",
            "revenue": 15326
        },
        "2009-05": {
            "month": "2009-05",
            "price": "14.17",
            "revenue": 52265
        },
        "2009-06": {
            "month": "2009-06",
            "price": "18.76",
            "revenue": 88304
        },
        "2009-07": {
            "month": "2009-07",
            "price": "19.11",
            "revenue": 28279
        },
        "2009-08": {
            "month": "2009-08",
            "price": "16.24",
            "revenue": 13396
        },
        "2009-09": {
            "month": "2009-09",
            "price": "16.55",
            "revenue": 101952
        },
        "2009-10": {
            "month": "2009-10",
            "price": "17.86",
            "revenue": 87320
        },
        "2009-11": {
            "month": "2009-11",
            "price": "16.72",
            "revenue": 74712
        },
        "2009-12": {
            "month": "2009-12",
            "price": "16.37",
            "revenue": 105497
        },
        "2010-01": {
            "month": "2010-01",
            "price": "21.95",
            "revenue": 30448
        },
        "2010-02": {
            "month": "2010-02",
            "price": "22.55",
            "revenue": 44485
        },
        "2010-03": {
            "month": "2010-03",
            "price": "23.25",
            "revenue": 30580
        },
        "2010-04": {
            "month": "2010-04",
            "price": "24.07",
            "revenue": 90914
        },
        "2010-05": {
            "month": "2010-05",
            "price": "20.53",
            "revenue": 53993
        },
        "2010-06": {
            "month": "2010-06",
            "price": "19.19",
            "revenue": 307012
        },
        "2010-07": {
            "month": "2010-07",
            "price": "19.39",
            "revenue": 101128
        },
        "2010-08": {
            "month": "2010-08",
            "price": "20.91",
            "revenue": 54639
        },
        "2010-09": {
            "month": "2010-09",
            "price": "21.95",
            "revenue": 887249
        },
        "2010-10": {
            "month": "2010-10",
            "price": "22.28",
            "revenue": 106531
        },
        "2010-11": {
            "month": "2010-11",
            "price": "23.84",
            "revenue": 48296
        },
        "2010-12": {
            "month": "2010-12",
            "price": "24.69",
            "revenue": 59852
        },
        "2011-01": {
            "month": "2011-01",
            "price": "23.12",
            "revenue": 20596
        },
        "2011-02": {
            "month": "2011-02",
            "price": "21.59",
            "revenue": 20789
        },
        "2011-03": {
            "month": "2011-03",
            "price": "20.88",
            "revenue": 153178
        },
        "2011-04": {
            "month": "2011-04",
            "price": "22.13",
            "revenue": 55579
        },
        "2011-05": {
            "month": "2011-05",
            "price": "21.30",
            "revenue": 59098
        },
        "2011-06": {
            "month": "2011-06",
            "price": "20.10",
            "revenue": 57108
        },
        "2011-07": {
            "month": "2011-07",
            "price": "19.68",
            "revenue": 11895
        },
        "2011-08": {
            "month": "2011-08",
            "price": "17.42",
            "revenue": 4499
        },
        "2011-09": {
            "month": "2011-09",
            "price": "13.90",
            "revenue": 10638
        },
        "2011-10": {
            "month": "2011-10",
            "price": "12.81",
            "revenue": 23644
        },
        "2011-11": {
            "month": "2011-11",
            "price": "11.81",
            "revenue": 940952
        },
        "2011-12": {
            "month": "2011-12",
            "price": "10.15",
            "revenue": 143604
        },
        "2012-01": {
            "month": "2012-01",
            "price": "10.57",
            "revenue": 98686
        },
        "2012-02": {
            "month": "2012-02",
            "price": "12.96",
            "revenue": 110125
        },
        "2012-03": {
            "month": "2012-03",
            "price": "13.81",
            "revenue": 107691
        },
        "2012-04": {
            "month": "2012-04",
            "price": "12.31",
            "revenue": 178755
        },
        "2012-05": {
            "month": "2012-05",
            "price": "11.59",
            "revenue": 172794
        },
        "2012-06": {
            "month": "2012-06",
            "price": "11.65",
            "revenue": 149462
        },
        "2012-07": {
            "month": "2012-07",
            "price": "11.69",
            "revenue": 160994
        },
        "2012-08": {
            "month": "2012-08",
            "price": "12.90",
            "revenue": 134127
        },
        "2012-09": {
            "month": "2012-09",
            "price": "14.86",
            "revenue": 124727
        },
        "2012-10": {
            "month": "2012-10",
            "price": "14.35",
            "revenue": 193985
        },
        "2012-11": {
            "month": "2012-11",
            "price": "13.78",
            "revenue": 180746
        },
        "2012-12": {
            "month": "2012-12",
            "price": "15.44",
            "revenue": 4091259
        },
        "2013-01": {
            "month": "2013-01",
            "price": "16.67",
            "revenue": 1354440
        },
        "2013-02": {
            "month": "2013-02",
            "price": "17.12",
            "revenue": 388084
        },
        "2013-03": {
            "month": "2013-03",
            "price": "17.30",
            "revenue": 384817
        },
        "2013-04": {
            "month": "2013-04",
            "price": "19.40",
            "revenue": 52020
        },
        "2013-05": {
            "month": "2013-05",
            "price": "20.46",
            "revenue": 2799172
        },
        "2013-06": {
            "month": "2013-06",
            "price": "20.57",
            "revenue": 16737
        },
        "2013-07": {
            "month": "2013-07",
            "price": "21.02",
            "revenue": 13518
        },
        "2013-08": {
            "month": "2013-08",
            "price": "20.06",
            "revenue": 290
        },
        "2013-09": {
            "month": "2013-09",
            "price": "19.60",
            "revenue": 858
        },
        "2013-10": {
            "month": "2013-10",
            "price": "20.27",
            "revenue": 430
        },
        "2013-11": {
            "month": "2013-11",
            "price": "19.33",
            "revenue": 144881
        },
        "2013-12": {
            "month": "2013-12",
            "price": "19.22",
            "revenue": 5461651
        },
        "2014-01": {
            "month": "2014-01",
            "price": "19.07",
            "revenue": 566925
        },
        "2014-02": {
            "month": "2014-02",
            "price": "18.43",
            "revenue": 101581
        },
        "2014-03": {
            "month": "2014-03",
            "price": "16.54",
            "revenue": 81377
        },
        "2014-04": {
            "month": "2014-04",
            "price": "16.42",
            "revenue": 80989
        },
        "2014-05": {
            "month": "2014-05",
            "price": "15.32",
            "revenue": 150280
        },
        "2014-06": {
            "month": "2014-06",
            "price": "14.51",
            "revenue": 70661
        },
        "2014-07": {
            "month": "2014-07",
            "price": "14.43",
            "revenue": 63947
        },
        "2014-08": {
            "month": "2014-08",
            "price": "14.24",
            "revenue": 113012
        },
        "2014-09": {
            "month": "2014-09",
            "price": "14.07",
            "revenue": 214546
        },
        "2014-10": {
            "month": "2014-10",
            "price": "13.05",
            "revenue": 48295
        },
        "2014-11": {
            "month": "2014-11",
            "price": "13.15",
            "revenue": 9797
        },
        "2014-12": {
            "month": "2014-12",
            "price": "14.35",
            "revenue": 55263
        },
        "2015-01": {
            "month": "2015-01",
            "price": "13.91",
            "revenue": 459
        },
        "2015-02": {
            "month": "2015-02",
            "price": "13.69",
            "revenue": 428
        },
        "2015-03": {
            "month": "2015-03",
            "price": "13.97",
            "revenue": 63002
        },
        "2015-04": {
            "month": "2015-04",
            "price": "13.68",
            "revenue": 394
        },
        "2015-05": {
            "month": "2015-05",
            "price": "13.88",
            "revenue": 1401516
        },
        "2015-06": {
            "month": "2015-06",
            "price": "13.31",
            "revenue": 433271
        },
        "2015-07": {
            "month": "2015-07",
            "price": "13.65",
            "revenue": 205814
        },
        "2015-08": {
            "month": "2015-08",
            "price": "11.07",
            "revenue": 87855
        },
        "2015-09": {
            "month": "2015-09",
            "price": "11.12",
            "revenue": 98195
        },
        "2015-10": {
            "month": "2015-10",
            "price": "11.95",
            "revenue": 66060
        },
        "2015-11": {
            "month": "2015-11",
            "price": "11.29",
            "revenue": 11897
        },
        "2015-12": {
            "month": "2015-12",
            "price": "10.75",
            "revenue": 631486
        },
        "2016-01": {
            "month": "2016-01",
            "price": "10.40",
            "revenue": 444
        },
        "2016-02": {
            "month": "2016-02",
            "price": "10.38",
            "revenue": 789
        },
        "2016-03": {
            "month": "2016-03",
            "price": "11.52",
            "revenue": 68635
        },
        "2016-04": {
            "month": "2016-04",
            "price": "12.19",
            "revenue": 360127
        },
        "2016-05": {
            "month": "2016-05",
            "price": "11.69",
            "revenue": 95907
        },
        "2016-06": {
            "month": "2016-06",
            "price": "11.93",
            "revenue": 40242
        },
        "2016-07": {
            "month": "2016-07",
            "price": "11.64",
            "revenue": 555
        },
        "2016-08": {
            "month": "2016-08",
            "price": "12.64",
            "revenue": 44503
        },
        "2016-09": {
            "month": "2016-09",
            "price": "13.83",
            "revenue": 316
        },
        "2016-10": {
            "month": "2016-10",
            "price": "13.08",
            "revenue": 19332
        },
        "2016-11": {
            "month": "2016-11",
            "price": "11.89",
            "revenue": 35273
        },
        "2016-12": {
            "month": "2016-12",
            "price": "12.22",
            "revenue": 792068
        },
        "2017-01": {
            "month": "2017-01",
            "price": "11.92",
            "revenue": 15374
        },
        "2017-02": {
            "month": "2017-02",
            "price": "13.19",
            "revenue": 256957
        },
        "2017-03": {
            "month": "2017-03",
            "price": "13.12",
            "revenue": 569288
        },
        "2017-04": {
            "month": "2017-04",
            "price": "13.60",
            "revenue": 538341
        },
        "2017-05": {
            "month": "2017-05",
            "price": "13.64",
            "revenue": 728085
        },
        "2017-06": {
            "month": "2017-06",
            "price": "13.72",
            "revenue": 515758
        },
        "2017-07": {
            "month": "2017-07",
            "price": "13.67",
            "revenue": 428
        },
        "2017-08": {
            "month": "2017-08",
            "price": "13.77",
            "revenue": 430
        },
        "2017-09": {
            "month": "2017-09",
            "price": "12.65",
            "revenue": 9231
        },
        "2017-10": {
            "month": "2017-10",
            "price": "12.12",
            "revenue": 425
        },
        "2017-11": {
            "month": "2017-11",
            "price": "13.32",
            "revenue": 18070
        },
        "2017-12": {
            "month": "2017-12",
            "price": "15.84",
            "revenue": 20737
        },
        "2018-01": {
            "month": "2018-01",
            "price": "16.99",
            "revenue": 51642
        },
        "2018-02": {
            "month": "2018-02",
            "price": "15.33",
            "revenue": 429
        },
        "2018-03": {
            "month": "2018-03",
            "price": "15.72",
            "revenue": 30689
        },
        "2018-04": {
            "month": "2018-04",
            "price": "15.76",
            "revenue": 427
        },
        "2018-05": {
            "month": "2018-05",
            "price": "14.66",
            "revenue": 392
        },
        "2018-06": {
            "month": "2018-06",
            "price": "14.61",
            "revenue": 9600
        },
        "2018-07": {
            "month": "2018-07",
            "price": "12.96",
            "revenue": 18592
        },
        "2018-08": {
            "month": "2018-08",
            "price": "12.46",
            "revenue": 32433
        },
        "2018-09": {
            "month": "2018-09",
            "price": "11.79",
            "revenue": 19891
        },
        "2018-10": {
            "month": "2018-10",
            "price": "11.33",
            "revenue": 461759
        },
        "2018-11": {
            "month": "2018-11",
            "price": "12.10",
            "revenue": 3599
        },
        "2018-12": {
            "month": "2018-12",
            "price": "12.72",
            "revenue": 126826
        },
        "2019-01": {
            "month": "2019-01",
            "price": "11.84",
            "revenue": 681
        },
        "2019-02": {
            "month": "2019-02",
            "price": "12.02",
            "revenue": 58009
        },
        "2019-03": {
            "month": "2019-03",
            "price": "12.08",
            "revenue": 28709
        },
        "2019-04": {
            "month": "2019-04",
            "price": "12.05",
            "revenue": 53858
        },
        "2019-05": {
            "month": "2019-05",
            "price": "11.78",
            "revenue": 42742
        },
        "2019-06": {
            "month": "2019-06",
            "price": "12.67",
            "revenue": 671930
        },
        "2019-07": {
            "month": "2019-07",
            "price": "12.54",
            "revenue": 113889
        },
        "2019-08": {
            "month": "2019-08",
            "price": "12.29",
            "revenue": 86434
        },
        "2019-09": {
            "month": "2019-09",
            "price": "12.65",
            "revenue": 81977
        },
        "2019-10": {
            "month": "2019-10",
            "price": "14.54",
            "revenue": 151040
        },
        "2019-11": {
            "month": "2019-11",
            "price": "14.82",
            "revenue": 325204
        },
        "2019-12": {
            "month": "2019-12",
            "price": "16.82",
            "revenue": 308550
        },
        "2020-01": {
            "month": "2020-01",
            "price": "18.43",
            "revenue": 69543
        },
        "2020-02": {
            "month": "2020-02",
            "price": "17.85",
            "revenue": 45024
        },
        "2020-03": {
            "month": "2020-03",
            "price": "15.68",
            "revenue": 110440
        },
        "2020-04": {
            "month": "2020-04",
            "price": "20.28",
            "revenue": 112108
        },
        "2020-05": {
            "month": "2020-05",
            "price": "22.00",
            "revenue": 53918
        },
        "2020-06": {
            "month": "2020-06",
            "price": "23.35",
            "revenue": 9861646
        },
        "2020-07": {
            "month": "2020-07",
            "price": "25.68",
            "revenue": 110638
        },
        "2020-08": {
            "month": "2020-08",
            "price": "30.34",
            "revenue": 260023
        },
        "2020-09": {
            "month": "2020-09",
            "price": "27.30",
            "revenue": 185047
        },
        "2020-10": {
            "month": "2020-10",
            "price": "23.76",
            "revenue": -1040
        },
        "2020-11": {
            "month": "2020-11",
            "price": "24.76",
            "revenue": 3087490
        },
        "2020-12": {
            "month": "2020-12",
            "price": "25.39",
            "revenue": 383110
        },
        "2021-01": {
            "month": "2021-01",
            "price": "34.02",
            "revenue": 437398
        },
        "2021-02": {
            "month": "2021-02",
            "price": "34.07",
            "revenue": 371481
        },
        "2021-03": {
            "month": "2021-03",
            "price": "38.73",
            "revenue": 1056502
        },
        "2021-04": {
            "month": "2021-04",
            "price": "37.63",
            "revenue": 1482218
        },
        "2021-05": {
            "month": "2021-05",
            "price": "31.62",
            "revenue": 511789
        },
        "2021-06": {
            "month": "2021-06",
            "price": "30.26",
            "revenue": 281514
        },
        "2021-07": {
            "month": "2021-07",
            "price": "28.94",
            "revenue": 134158
        },
        "2021-08": {
            "month": "2021-08",
            "price": "28.04",
            "revenue": 298808
        },
        "2021-09": {
            "month": "2021-09",
            "price": "27.18",
            "revenue": 50369
        },
        "2021-10": {
            "month": "2021-10",
            "price": "24.54",
            "revenue": 155744
        },
        "2021-11": {
            "month": "2021-11",
            "price": "24.69",
            "revenue": 201094
        },
        "2021-12": {
            "month": "2021-12",
            "price": "23.65",
            "revenue": 142838
        },
        "2022-01": {
            "month": "2022-01",
            "price": "23.80",
            "revenue": 262217
        },
        "2022-02": {
            "month": "2022-02",
            "price": "23.79",
            "revenue": 330654
        },
        "2022-03": {
            "month": "2022-03",
            "price": "22.91",
            "revenue": 1639056
        },
        "2022-04": {
            "month": "2022-04",
            "price": "21.72",
            "revenue": 259414
        },
        "2022-05": {
            "month": "2022-05",
            "price": "20.02",
            "revenue": 372462
        },
        "2022-06": {
            "month": "2022-06",
            "price": "19.75",
            "revenue": 223326
        },
        "2022-07": {
            "month": "2022-07",
            "price": "18.33",
            "revenue": 270910
        },
        "2022-08": {
            "month": "2022-08",
            "price": "19.79",
            "revenue": 75144
        },
        "2022-09": {
            "month": "2022-09",
            "price": "19.38",
            "revenue": 145833
        },
        "2022-10": {
            "month": "2022-10",
            "price": "18.08",
            "revenue": 81272
        },
        "2022-11": {
            "month": "2022-11",
            "price": "18.77",
            "revenue": 222435
        },
        "2022-12": {
            "month": "2022-12",
            "price": "18.65",
            "revenue": 82538
        },
        "2023-01": {
            "month": "2023-01",
            "price": "18.05",
            "revenue": 95867
        },
        "2023-02": {
            "month": "2023-02",
            "price": "18.69",
            "revenue": 66291
        },
        "2023-03": {
            "month": "2023-03",
            "price": "18.78",
            "revenue": 101098
        },
        "2023-04": {
            "month": "2023-04",
            "price": "18.38",
            "revenue": 3394
        },
        "2023-05": {
            "month": "2023-05",
            "price": "18.50",
            "revenue": 828
        },
        "2023-06": {
            "month": "2023-06",
            "price": "18.60",
            "revenue": 17461
        },
        "2023-07": {
            "month": "2023-07",
            "price": "18.01",
            "revenue": 112705
        },
        "2023-08": {
            "month": "2023-08",
            "price": "19.07",
            "revenue": 21347
        },
        "2023-09": {
            "month": "2023-09",
            "price": "18.62",
            "revenue": 15683
        },
        "2023-10": {
            "month": "2023-10",
            "price": "18.08",
            "revenue": 70186
        },
        "2023-11": {
            "month": "2023-11",
            "price": "18.47",
            "revenue": 69937
        },
        "2023-12": {
            "month": "2023-12",
            "price": "20.58",
            "revenue": 151564
        },
        "2024-01": {
            "month": "2024-01",
            "price": "22.49",
            "revenue": 46506
        },
        "2024-02": {
            "month": "2024-02",
            "price": "22.42",
            "revenue": 24161
        }
    }
}
