{
    "summary": {
        "stock_name": "太設",
        "stock_id": "2506",
        "category": "建材營造",
        "main_business": "承攬代辦土木建築工程<br>土地開發興建房屋<br>H701010住宅及大樓開發租售業",
        "website_url": "http://www.pacific-group.com.tw",
        "ceo": "陳清暉",
        "pe_ratio": 80,
        "report_year_from": 2001,
        "report_year_to": 2023,
        "age": 23,
        "eps_negative_percentage": 30,
        "eps_growth_avg": {
            "last_all": -8.12,
            "last_2y": 3.77,
            "last_4y": -30.82,
            "last_8y": -20.66,
            "last_12y": -5.33,
            "last_16y": -1.56,
            "last_20y": -8.12,
            "at_2006_last_3y": -100,
            "at_2007_last_3y": 0,
            "at_2008_last_3y": 0,
            "at_2009_last_3y": 0,
            "at_2010_last_3y": 12.24,
            "at_2011_last_3y": 5.28,
            "at_2012_last_3y": 24.45,
            "at_2013_last_3y": 43.33,
            "at_2014_last_3y": 21.51,
            "at_2015_last_3y": -14.46,
            "at_2016_last_3y": -3.03,
            "at_2017_last_3y": -50.68,
            "at_2018_last_3y": -13.04,
            "at_2019_last_3y": -21.85,
            "at_2020_last_3y": -30.21,
            "at_2021_last_3y": 0,
            "at_2022_last_3y": 0,
            "at_2023_last_3y": 3.77,
            "at_2024_last_3y": 3.77,
            "at_2006_last_all": -100,
            "at_2007_last_all": 0,
            "at_2008_last_all": -33.33,
            "at_2009_last_all": -33.33,
            "at_2010_last_all": -15.82,
            "at_2011_last_all": 3.17,
            "at_2012_last_all": -4.44,
            "at_2013_last_all": 10.48,
            "at_2014_last_all": 2.85,
            "at_2015_last_all": -4.67,
            "at_2016_last_all": -3.88,
            "at_2017_last_all": -11.76,
            "at_2018_last_all": -2.45,
            "at_2019_last_all": -9.95,
            "at_2020_last_all": -9.95,
            "at_2021_last_all": -9.95,
            "at_2022_last_all": -2.1,
            "at_2023_last_all": -8.12,
            "at_2024_last_all": -8.12
        },
        "latest_eps": 0.12,
        "latest_price": 9.57,
        "latest_roe": 1.35,
        "latest_gross_margin": 21.69,
        "latest_equity": 8737615,
        "latest_revenue": 740240,
        "latest_gross_profit": 160531,
        "latest_net_income": 17452,
        "latest_debt_ratio": 34.63,
        "latest_current_ratio": 207.28,
        "latest_account_receivable_turnover_ratio": 23.21,
        "latest_inventory_turnover_ratio": 0.11,
        "latest_reinvestment_rate": -100.58,
        "latest_research_to_sale_ratio": null
    },
    "eps_dividends": {
        "1990": {
            "cash": 0,
            "stock": 3.1,
            "eps": 0
        },
        "1991": {
            "cash": 0,
            "stock": 2,
            "eps": 0
        },
        "1992": {
            "cash": 0,
            "stock": 2,
            "eps": 0
        },
        "1993": {
            "cash": 0.5,
            "stock": 1.5,
            "eps": 0
        },
        "1994": {
            "cash": 0,
            "stock": 1.2,
            "eps": 0
        },
        "1995": {
            "cash": 0,
            "stock": 1.2,
            "eps": 0
        },
        "1996": {
            "cash": 0,
            "stock": 1,
            "eps": 0
        },
        "1997": {
            "cash": 0,
            "stock": 0.5,
            "eps": 0
        },
        "1998": {
            "cash": 0,
            "stock": 0.8,
            "eps": 0
        },
        "2000": {
            "cash": 0,
            "stock": 0.4,
            "eps": 0
        },
        "2001": {
            "cash": 0,
            "stock": 0,
            "eps": -2.58
        },
        "2002": {
            "cash": 0,
            "stock": 0,
            "eps": -7.54
        },
        "2003": {
            "cash": 0,
            "stock": 0,
            "eps": 2.96
        },
        "2004": {
            "cash": 0,
            "stock": 0,
            "eps": -1.76
        },
        "2005": {
            "cash": 0,
            "stock": 0,
            "eps": -1.53
        },
        "2006": {
            "cash": 0,
            "stock": 0,
            "eps": 0.05
        },
        "2007": {
            "cash": 0,
            "stock": 0,
            "eps": 0.26
        },
        "2008": {
            "cash": 0,
            "stock": 0,
            "eps": -0.08
        },
        "2009": {
            "cash": 0,
            "stock": 0,
            "eps": 0.49
        },
        "2010": {
            "cash": 0,
            "stock": 0,
            "eps": 0.67
        },
        "2011": {
            "cash": 0.1,
            "stock": 0.25,
            "eps": 1.2
        },
        "2012": {
            "cash": 0,
            "stock": 0,
            "eps": 0.69
        },
        "2013": {
            "cash": 0.1,
            "stock": 0,
            "eps": 1.78
        },
        "2014": {
            "cash": 0.2,
            "stock": 0,
            "eps": 0.88
        },
        "2015": {
            "cash": 0.4,
            "stock": 0,
            "eps": 0.31
        },
        "2016": {
            "cash": 0.2,
            "stock": 0,
            "eps": 0.32
        },
        "2017": {
            "cash": 0.1,
            "stock": 0,
            "eps": 0.03
        },
        "2018": {
            "cash": 0.15,
            "stock": 0,
            "eps": 0.5
        },
        "2019": {
            "cash": 0.16,
            "stock": 0,
            "eps": -0.25
        },
        "2020": {
            "cash": 0,
            "stock": 0,
            "eps": -0.15
        },
        "2021": {
            "cash": 0.4,
            "stock": 0,
            "eps": 0.13
        },
        "2022": {
            "cash": 0.2,
            "stock": 0,
            "eps": 1.59
        },
        "2023": {
            "cash": 0.30000000000000004,
            "stock": 0,
            "eps": 0.12
        },
        "2024": {
            "cash": 0.2,
            "stock": 0,
            "eps": 0
        }
    },
    "dividends": {
        "1990-04-10": {
            "cash": 0,
            "stock": 3.1
        },
        "1991-04-17": {
            "cash": 0,
            "stock": 2
        },
        "1992-04-21": {
            "cash": 0,
            "stock": 2
        },
        "1993-04-20": {
            "cash": 0.5,
            "stock": 1.5
        },
        "1994-04-21": {
            "cash": 0,
            "stock": 1.2
        },
        "1995-04-20": {
            "cash": 0,
            "stock": 1.2
        },
        "1996-05-15": {
            "cash": 0,
            "stock": 1
        },
        "1997-05-30": {
            "cash": 0,
            "stock": 0.5
        },
        "1998-05-26": {
            "cash": 0,
            "stock": 0.8
        },
        "2000-05-26": {
            "cash": 0,
            "stock": 0.4
        },
        "2011-01-01": {
            "cash": 0.1,
            "stock": 0.25
        },
        "2013-03-27": {
            "cash": 0.1,
            "stock": 0
        },
        "2014-11-25": {
            "cash": 0.2,
            "stock": 0
        },
        "2015-11-27": {
            "cash": 0.4,
            "stock": 0
        },
        "2016-11-25": {
            "cash": 0.2,
            "stock": 0
        },
        "2017-11-24": {
            "cash": 0.1,
            "stock": 0
        },
        "2018-11-23": {
            "cash": 0.15,
            "stock": 0
        },
        "2019-10-25": {
            "cash": 0.16,
            "stock": 0
        },
        "2021-07-26": {
            "cash": 0.4,
            "stock": 0
        },
        "2022-09-28": {
            "cash": 0.1,
            "stock": 0
        },
        "2022-12-23": {
            "cash": 0.1,
            "stock": 0
        },
        "2023-07-28": {
            "cash": 0.2,
            "stock": 0
        },
        "2023-12-20": {
            "cash": 0.1,
            "stock": 0
        },
        "2024-03-12": {
            "cash": 0.2,
            "stock": 0
        }
    },
    "prices": {
        "200101": "4.23",
        "200102": "5.31",
        "200103": "5.77",
        "200104": "5.45",
        "200105": "4.13",
        "200106": "3.93",
        "200107": "3.81",
        "200108": "4.84",
        "200109": "4.18",
        "200110": "3.62",
        "200111": "3.28",
        "200112": "3.56",
        "200201": "4.08",
        "200202": "3.79",
        "200203": "4.04",
        "200204": "4.95",
        "200205": "4.12",
        "200206": "3.74",
        "200207": "3.30",
        "200208": "2.23",
        "200209": "1.26",
        "200210": "1.08",
        "200211": "0.98",
        "200212": "0.94",
        "200301": "1.33",
        "200302": "1.47",
        "200303": "1.22",
        "200304": "1.22",
        "200305": "0.61",
        "200306": "0.81",
        "200307": "0.85",
        "200308": "1.10",
        "200309": "1.17",
        "200310": "1.19",
        "200311": "1.83",
        "200312": "5.06",
        "200401": "4.90",
        "200402": "5.88",
        "200403": "4.82",
        "200404": "3.55",
        "200405": "3.90",
        "200406": "3.24",
        "200407": "2.88",
        "200408": "2.49",
        "200409": "2.43",
        "200410": "2.45",
        "200411": "2.25",
        "200412": "1.62",
        "200501": "1.50",
        "200502": "1.89",
        "200503": "2.62",
        "200504": "2.10",
        "200505": "1.83",
        "200506": "2.07",
        "200507": "2.01",
        "200508": "1.84",
        "200509": "1.84",
        "200510": "1.65",
        "200511": "1.56",
        "200512": "2.03",
        "200601": "1.91",
        "200602": "1.85",
        "200603": "1.80",
        "200604": "2.11",
        "200605": "3.53",
        "200606": "3.83",
        "200607": "3.58",
        "200608": "3.61",
        "200609": "3.72",
        "200610": "4.03",
        "200611": "5.96",
        "200612": "8.39",
        "200701": "6.96",
        "200702": "7.00",
        "200703": "6.94",
        "200704": "6.76",
        "200705": "6.27",
        "200706": "6.13",
        "200707": "7.70",
        "200708": "7.09",
        "200709": "6.64",
        "200710": "5.39",
        "200711": "3.79",
        "200712": "3.76",
        "200801": "3.60",
        "200802": "3.51",
        "200803": "4.37",
        "200804": "5.09",
        "200805": "4.27",
        "200806": "3.99",
        "200807": "3.64",
        "200808": "3.70",
        "200809": "3.25",
        "200810": "2.39",
        "200811": "2.67",
        "200812": "2.00",
        "200901": "1.94",
        "200902": "1.77",
        "200903": "1.92",
        "200904": "2.69",
        "200905": "3.08",
        "200906": "3.35",
        "200907": "3.33",
        "200908": "3.23",
        "200909": "4.33",
        "200910": "4.51",
        "200911": "4.46",
        "200912": "4.88",
        "201001": "5.25",
        "201002": "6.02",
        "201003": "6.49",
        "201004": "5.96",
        "201005": "4.74",
        "201006": "4.97",
        "201007": "4.86",
        "201008": "4.73",
        "201009": "4.38",
        "201010": "4.30",
        "201011": "4.59",
        "201012": "5.04",
        "201101": "5.12",
        "201102": "4.88",
        "201103": "5.01",
        "201104": "4.95",
        "201105": "4.82",
        "201106": "4.83",
        "201107": "4.81",
        "201108": "4.50",
        "201109": "4.56",
        "201110": "4.59",
        "201111": "6.90",
        "201112": "8.75",
        "201201": "9.40",
        "201202": "9.45",
        "201203": "9.58",
        "201204": "9.24",
        "201205": "9.09",
        "201206": "8.47",
        "201207": "8.57",
        "201208": "8.55",
        "201209": "8.82",
        "201210": "8.26",
        "201211": "7.81",
        "201212": "7.88",
        "201301": "8.15",
        "201302": "8.88",
        "201303": "9.31",
        "201304": "9.15",
        "201305": "9.35",
        "201306": "9.45",
        "201307": "9.42",
        "201308": "9.31",
        "201309": "9.31",
        "201310": "10.15",
        "201311": "10.38",
        "201312": "10.41",
        "201401": "10.06",
        "201402": "9.53",
        "201403": "9.54",
        "201404": "9.37",
        "201405": "9.39",
        "201406": "9.79",
        "201407": "10.07",
        "201408": "10.45",
        "201409": "10.67",
        "201410": "10.04",
        "201411": "11.28",
        "201412": "14.01",
        "201501": "13.32",
        "201502": "13.10",
        "201503": "13.96",
        "201504": "14.27",
        "201505": "14.44",
        "201506": "16.02",
        "201507": "17.25",
        "201508": "16.14",
        "201509": "16.36",
        "201510": "16.79",
        "201511": "16.22",
        "201512": "16.05",
        "201601": "14.97",
        "201602": "14.87",
        "201603": "14.85",
        "201604": "14.46",
        "201605": "12.90",
        "201606": "12.56",
        "201607": "11.80",
        "201608": "12.18",
        "201609": "12.18",
        "201610": "11.68",
        "201611": "11.12",
        "201612": "11.88",
        "201701": "11.11",
        "201702": "11.78",
        "201703": "12.25",
        "201704": "11.21",
        "201705": "10.97",
        "201706": "10.82",
        "201707": "10.54",
        "201708": "10.34",
        "201709": "10.37",
        "201710": "10.29",
        "201711": "10.41",
        "201712": "10.66",
        "201801": "11.10",
        "201802": "11.48",
        "201803": "11.57",
        "201804": "11.89",
        "201805": "11.69",
        "201806": "11.81",
        "201807": "11.66",
        "201808": "11.67",
        "201809": "11.67",
        "201810": "11.41",
        "201811": "11.45",
        "201812": "11.51",
        "201901": "11.36",
        "201902": "11.42",
        "201903": "11.55",
        "201904": "11.50",
        "201905": "11.48",
        "201906": "11.66",
        "201907": "11.92",
        "201908": "11.63",
        "201909": "11.50",
        "201910": "11.39",
        "201911": "11.38",
        "201912": "11.25",
        "202001": "11.06",
        "202002": "10.15",
        "202003": "9.49",
        "202004": "8.87",
        "202005": "9.03",
        "202006": "9.23",
        "202007": "9.80",
        "202008": "9.43",
        "202009": "9.54",
        "202010": "9.65",
        "202011": "10.04",
        "202012": "10.21",
        "202101": "9.46",
        "202102": "9.70",
        "202103": "10.07",
        "202104": "11.09",
        "202105": "10.41",
        "202106": "10.35",
        "202107": "10.03",
        "202108": "9.58",
        "202109": "9.61",
        "202110": "9.69",
        "202111": "9.79",
        "202112": "9.71",
        "202201": "9.43",
        "202202": "9.22",
        "202203": "9.14",
        "202204": "9.37",
        "202205": "9.51",
        "202206": "9.36",
        "202207": "9.33",
        "202208": "9.79",
        "202209": "9.72",
        "202210": "9.03",
        "202211": "9.26",
        "202212": "9.30",
        "202301": "9.17",
        "202302": "9.33",
        "202303": "9.46",
        "202304": "9.29",
        "202305": "9.32",
        "202306": "9.44",
        "202307": "9.18",
        "202308": "9.12",
        "202309": "9.09",
        "202310": "9.08",
        "202311": "9.15",
        "202312": "9.60"
    },
    "quarters": {
        "20011": {
            "year_quarter": 20011,
            "year": 2001,
            "quarter": 1,
            "eps": 0.01,
            "eps_growth_year": -50,
            "eps_4q": -0.3,
            "eps_4q_growth_year": -582.17,
            "roe": 0.07,
            "roe_4q": 0.07,
            "gross_profit": 335973,
            "gross_margin": 15.39,
            "gross_margin_4q_avg": 15.39,
            "net_income": 10313,
            "net_income_4q": null,
            "revenue": 2183593,
            "revenue_4q": null,
            "common_shares": 12896569,
            "book_valuer_per_share": 11.71,
            "book_valuer_per_share_4q_avg": 11.71,
            "equity": 15107700,
            "current_ratio": 128.85,
            "debt_ratio": 67.47,
            "inventory_turnover_ratio": 0.08,
            "account_receivable_turnover_ratio": null,
            "reinvestment_rate": null,
            "research_to_sale_ratio": null,
            "price_fair": 0,
            "eps_avg_yearly": 0,
            "eps_latest_yearly": 0,
            "eps_growth_yearly": 0
        },
        "20012": {
            "year_quarter": 20012,
            "year": 2001,
            "quarter": 2,
            "eps": 0.24,
            "eps_growth_year": null,
            "eps_4q": -0,
            "eps_4q_growth_year": -107.25,
            "roe": 2,
            "roe_4q": 2.07,
            "gross_profit": 202873,
            "gross_margin": 8.87,
            "gross_margin_4q_avg": 12.13,
            "net_income": 307265,
            "net_income_4q": null,
            "revenue": 2287444,
            "revenue_4q": null,
            "common_shares": 12896569,
            "book_valuer_per_share": 12.15,
            "book_valuer_per_share_4q_avg": 11.93,
            "equity": 15667425,
            "current_ratio": 120.98,
            "debt_ratio": 66.85,
            "inventory_turnover_ratio": 0.09,
            "account_receivable_turnover_ratio": null,
            "reinvestment_rate": null,
            "research_to_sale_ratio": null,
            "price_fair": 0,
            "eps_avg_yearly": 0,
            "eps_latest_yearly": 0,
            "eps_growth_yearly": 0
        },
        "20013": {
            "year_quarter": 20013,
            "year": 2001,
            "quarter": 3,
            "eps": -0.26,
            "eps_growth_year": -966.67,
            "eps_4q": -0.29,
            "eps_4q_growth_year": -291.51,
            "roe": -2.14,
            "roe_4q": -0.07000000000000012,
            "gross_profit": 307298,
            "gross_margin": 12.88,
            "gross_margin_4q_avg": 12.38,
            "net_income": -331743,
            "net_income_4q": null,
            "revenue": 2385566,
            "revenue_4q": null,
            "common_shares": 12896569,
            "book_valuer_per_share": 11.9,
            "book_valuer_per_share_4q_avg": 11.92,
            "equity": 15342450,
            "current_ratio": 125.74,
            "debt_ratio": 68.29,
            "inventory_turnover_ratio": 0.09,
            "account_receivable_turnover_ratio": null,
            "reinvestment_rate": null,
            "research_to_sale_ratio": null,
            "price_fair": 0,
            "eps_avg_yearly": 0,
            "eps_latest_yearly": 0,
            "eps_growth_yearly": 0
        },
        "20014": {
            "year_quarter": 20014,
            "year": 2001,
            "quarter": 4,
            "eps": -2.57,
            "eps_growth_year": null,
            "eps_4q": -2.58,
            "eps_4q_growth_year": null,
            "roe": -23.96,
            "roe_4q": -24.03,
            "gross_profit": -463762,
            "gross_margin": -31.61,
            "gross_margin_4q_avg": 1.38,
            "net_income": -3311615,
            "net_income_4q": null,
            "revenue": 1467041,
            "revenue_4q": null,
            "common_shares": 12896569,
            "book_valuer_per_share": 9.54,
            "book_valuer_per_share_4q_avg": 11.33,
            "equity": 12300711,
            "current_ratio": 126.59,
            "debt_ratio": 72.56,
            "inventory_turnover_ratio": 0.09,
            "account_receivable_turnover_ratio": null,
            "reinvestment_rate": null,
            "research_to_sale_ratio": null,
            "price_fair": 0,
            "eps_avg_yearly": 0,
            "eps_latest_yearly": 0,
            "eps_growth_yearly": 0
        },
        "20021": {
            "year_quarter": 20021,
            "year": 2002,
            "quarter": 1,
            "eps": -0.26,
            "eps_growth_year": -2700,
            "eps_4q": -2.88,
            "eps_4q_growth_year": null,
            "roe": -2.7,
            "roe_4q": -26.8,
            "gross_profit": 383083,
            "gross_margin": 19.54,
            "gross_margin_4q_avg": 2.42,
            "net_income": -331523,
            "net_income_4q": null,
            "revenue": 1960391,
            "revenue_4q": null,
            "common_shares": 12896569,
            "book_valuer_per_share": 9.5,
            "book_valuer_per_share_4q_avg": 10.77,
            "equity": 12245533,
            "current_ratio": 130.26,
            "debt_ratio": 73.4,
            "inventory_turnover_ratio": 0.08,
            "account_receivable_turnover_ratio": null,
            "reinvestment_rate": null,
            "research_to_sale_ratio": null,
            "price_fair": 0,
            "eps_avg_yearly": 0,
            "eps_latest_yearly": 0,
            "eps_growth_yearly": 0
        },
        "20022": {
            "year_quarter": 20022,
            "year": 2002,
            "quarter": 2,
            "eps": -3.45,
            "eps_growth_year": -1537.5,
            "eps_4q": -6.54,
            "eps_4q_growth_year": null,
            "roe": -45.18,
            "roe_4q": -73.98,
            "gross_profit": -1712286,
            "gross_margin": -48.92,
            "gross_margin_4q_avg": -12.03,
            "net_income": -4453448,
            "net_income_4q": null,
            "revenue": 3500125,
            "revenue_4q": null,
            "common_shares": 12896569,
            "book_valuer_per_share": 5.79,
            "book_valuer_per_share_4q_avg": 9.18,
            "equity": 7469883,
            "current_ratio": 103.07,
            "debt_ratio": 81.34,
            "inventory_turnover_ratio": 0.27,
            "account_receivable_turnover_ratio": null,
            "reinvestment_rate": null,
            "research_to_sale_ratio": null,
            "price_fair": 0,
            "eps_avg_yearly": 0,
            "eps_latest_yearly": 0,
            "eps_growth_yearly": 0
        },
        "20023": {
            "year_quarter": 20023,
            "year": 2002,
            "quarter": 3,
            "eps": -0.82,
            "eps_growth_year": null,
            "eps_4q": -7.1,
            "eps_4q_growth_year": null,
            "roe": -15.33,
            "roe_4q": -87.17,
            "gross_profit": 50957,
            "gross_margin": 2.65,
            "gross_margin_4q_avg": -14.59,
            "net_income": -1062733,
            "net_income_4q": null,
            "revenue": 1919897,
            "revenue_4q": null,
            "common_shares": 12896569,
            "book_valuer_per_share": 4.96,
            "book_valuer_per_share_4q_avg": 7.45,
            "equity": 6393556,
            "current_ratio": 95.62,
            "debt_ratio": 83.35,
            "inventory_turnover_ratio": 0.11,
            "account_receivable_turnover_ratio": null,
            "reinvestment_rate": null,
            "research_to_sale_ratio": null,
            "price_fair": 0,
            "eps_avg_yearly": 0,
            "eps_latest_yearly": 0,
            "eps_growth_yearly": 0
        },
        "20024": {
            "year_quarter": 20024,
            "year": 2002,
            "quarter": 4,
            "eps": -3.01,
            "eps_growth_year": null,
            "eps_4q": -7.52,
            "eps_4q_growth_year": null,
            "roe": -66.72,
            "roe_4q": -129.92999999999998,
            "gross_profit": -351756,
            "gross_margin": -25.81,
            "gross_margin_4q_avg": -13.14,
            "net_income": -3883130,
            "net_income_4q": null,
            "revenue": 1362960,
            "revenue_4q": null,
            "common_shares": 12896569,
            "book_valuer_per_share": 1.93,
            "book_valuer_per_share_4q_avg": 5.55,
            "equity": 5246431,
            "current_ratio": 82.38,
            "debt_ratio": 86.39,
            "inventory_turnover_ratio": 0.11,
            "account_receivable_turnover_ratio": null,
            "reinvestment_rate": null,
            "research_to_sale_ratio": null,
            "price_fair": 0,
            "eps_avg_yearly": 0,
            "eps_latest_yearly": 0,
            "eps_growth_yearly": 0
        },
        "20031": {
            "year_quarter": 20031,
            "year": 2003,
            "quarter": 1,
            "eps": 0.05,
            "eps_growth_year": null,
            "eps_4q": -7.36,
            "eps_4q_growth_year": null,
            "roe": 1.62,
            "roe_4q": -125.60999999999999,
            "gross_profit": 366586,
            "gross_margin": 22.94,
            "gross_margin_4q_avg": -12.29,
            "net_income": 63425,
            "net_income_4q": null,
            "revenue": 1598194,
            "revenue_4q": null,
            "common_shares": 12896569,
            "book_valuer_per_share": 1.99,
            "book_valuer_per_share_4q_avg": 3.67,
            "equity": 2570574,
            "current_ratio": 87.53,
            "debt_ratio": 92.16,
            "inventory_turnover_ratio": 0.08,
            "account_receivable_turnover_ratio": null,
            "reinvestment_rate": null,
            "research_to_sale_ratio": null,
            "price_fair": 0,
            "eps_avg_yearly": 0,
            "eps_latest_yearly": 0,
            "eps_growth_yearly": 0
        },
        "20032": {
            "year_quarter": 20032,
            "year": 2003,
            "quarter": 2,
            "eps": 1.11,
            "eps_growth_year": null,
            "eps_4q": -2.67,
            "eps_4q_growth_year": null,
            "roe": 43.22,
            "roe_4q": -37.21,
            "gross_profit": -513075,
            "gross_margin": -41.23,
            "gross_margin_4q_avg": -10.36,
            "net_income": 1432141,
            "net_income_4q": null,
            "revenue": 1244463,
            "revenue_4q": null,
            "common_shares": 12896569,
            "book_valuer_per_share": 3.15,
            "book_valuer_per_share_4q_avg": 3.01,
            "equity": 4056329,
            "current_ratio": 88.21,
            "debt_ratio": 88.05,
            "inventory_turnover_ratio": 0.13,
            "account_receivable_turnover_ratio": null,
            "reinvestment_rate": null,
            "research_to_sale_ratio": null,
            "price_fair": 155.4,
            "eps_avg_yearly": 4.44,
            "eps_latest_yearly": 4.44,
            "eps_growth_yearly": 8480
        },
        "20033": {
            "year_quarter": 20033,
            "year": 2003,
            "quarter": 3,
            "eps": 3.02,
            "eps_growth_year": null,
            "eps_4q": -1.69,
            "eps_4q_growth_year": null,
            "roe": 31.74,
            "roe_4q": 9.86,
            "gross_profit": 473197,
            "gross_margin": 35.06,
            "gross_margin_4q_avg": -2.26,
            "net_income": 1530936,
            "net_income_4q": null,
            "revenue": 1349734,
            "revenue_4q": null,
            "common_shares": 5800000,
            "book_valuer_per_share": 9.64,
            "book_valuer_per_share_4q_avg": 4.18,
            "equity": 5590255,
            "current_ratio": 94.26,
            "debt_ratio": 81.53,
            "inventory_turnover_ratio": 0.07,
            "account_receivable_turnover_ratio": null,
            "reinvestment_rate": null,
            "research_to_sale_ratio": null,
            "price_fair": 289.1,
            "eps_avg_yearly": 8.26,
            "eps_latest_yearly": 12.08,
            "eps_growth_yearly": 4584.14
        },
        "20034": {
            "year_quarter": 20034,
            "year": 2003,
            "quarter": 4,
            "eps": -1.22,
            "eps_growth_year": null,
            "eps_4q": 3.87,
            "eps_4q_growth_year": null,
            "roe": -10.71,
            "roe_4q": 65.87,
            "gross_profit": -200417,
            "gross_margin": -8.93,
            "gross_margin_4q_avg": 1.96,
            "net_income": -707500,
            "net_income_4q": null,
            "revenue": 2243104,
            "revenue_4q": null,
            "common_shares": 5800000,
            "book_valuer_per_share": 8.48,
            "book_valuer_per_share_4q_avg": 5.82,
            "equity": 7621428,
            "current_ratio": 86.64,
            "debt_ratio": 74.49,
            "inventory_turnover_ratio": 0.2,
            "account_receivable_turnover_ratio": null,
            "reinvestment_rate": null,
            "research_to_sale_ratio": null,
            "price_fair": 289.1,
            "eps_avg_yearly": 8.26,
            "eps_latest_yearly": 12.08,
            "eps_growth_yearly": 4584.14
        },
        "20041": {
            "year_quarter": 20041,
            "year": 2004,
            "quarter": 1,
            "eps": 1.02,
            "eps_growth_year": 1940,
            "eps_4q": 4.92,
            "eps_4q_growth_year": null,
            "roe": 8.99,
            "roe_4q": 73.24,
            "gross_profit": 61218,
            "gross_margin": 10.51,
            "gross_margin_4q_avg": -1.15,
            "net_income": 590282,
            "net_income_4q": null,
            "revenue": 582300,
            "revenue_4q": null,
            "common_shares": 5796856,
            "book_valuer_per_share": 9.5,
            "book_valuer_per_share_4q_avg": 7.69,
            "equity": 5509440,
            "current_ratio": 91.5,
            "debt_ratio": 77.23,
            "inventory_turnover_ratio": 0.05,
            "account_receivable_turnover_ratio": null,
            "reinvestment_rate": null,
            "research_to_sale_ratio": null,
            "price_fair": 289.1,
            "eps_avg_yearly": 8.26,
            "eps_latest_yearly": 12.08,
            "eps_growth_yearly": 4584.14
        },
        "20042": {
            "year_quarter": 20042,
            "year": 2004,
            "quarter": 2,
            "eps": -0.95,
            "eps_growth_year": -185.59,
            "eps_4q": 1.49,
            "eps_4q_growth_year": null,
            "roe": -10.48,
            "roe_4q": 19.54,
            "gross_profit": -442,
            "gross_margin": -0.07,
            "gross_margin_4q_avg": 9.14,
            "net_income": -548558,
            "net_income_4q": null,
            "revenue": 591894,
            "revenue_4q": null,
            "common_shares": 5796856,
            "book_valuer_per_share": 8.56,
            "book_valuer_per_share_4q_avg": 9.05,
            "equity": 4962425,
            "current_ratio": 90.85,
            "debt_ratio": 78.8,
            "inventory_turnover_ratio": 0.05,
            "account_receivable_turnover_ratio": null,
            "reinvestment_rate": null,
            "research_to_sale_ratio": null,
            "price_fair": 289.1,
            "eps_avg_yearly": 8.26,
            "eps_latest_yearly": 12.08,
            "eps_growth_yearly": 4584.14
        },
        "20043": {
            "year_quarter": 20043,
            "year": 2004,
            "quarter": 3,
            "eps": -0.58,
            "eps_growth_year": -119.21,
            "eps_4q": -1.73,
            "eps_4q_growth_year": null,
            "roe": -7.04,
            "roe_4q": -19.240000000000002,
            "gross_profit": -50926,
            "gross_margin": -26.01,
            "gross_margin_4q_avg": -6.13,
            "net_income": -338524,
            "net_income_4q": null,
            "revenue": 195794,
            "revenue_4q": null,
            "common_shares": 5796856,
            "book_valuer_per_share": 8.04,
            "book_valuer_per_share_4q_avg": 8.65,
            "equity": 4661491,
            "current_ratio": 89.38,
            "debt_ratio": 79.63,
            "inventory_turnover_ratio": 0.02,
            "account_receivable_turnover_ratio": null,
            "reinvestment_rate": null,
            "research_to_sale_ratio": null,
            "price_fair": 289.1,
            "eps_avg_yearly": 8.26,
            "eps_latest_yearly": 12.08,
            "eps_growth_yearly": 4584.14
        },
        "20044": {
            "year_quarter": 20044,
            "year": 2004,
            "quarter": 4,
            "eps": -1.25,
            "eps_growth_year": null,
            "eps_4q": -1.98,
            "eps_4q_growth_year": -151.28,
            "roe": -12.88,
            "roe_4q": -21.410000000000004,
            "gross_profit": 36635,
            "gross_margin": 5.35,
            "gross_margin_4q_avg": -2.56,
            "net_income": -722227,
            "net_income_4q": null,
            "revenue": 685043,
            "revenue_4q": null,
            "common_shares": 5796856,
            "book_valuer_per_share": 6.44,
            "book_valuer_per_share_4q_avg": 8.14,
            "equity": 6549850,
            "current_ratio": 76.03,
            "debt_ratio": 75.3,
            "inventory_turnover_ratio": 0.07,
            "account_receivable_turnover_ratio": null,
            "reinvestment_rate": null,
            "research_to_sale_ratio": null,
            "price_fair": 289.1,
            "eps_avg_yearly": 8.26,
            "eps_latest_yearly": 12.08,
            "eps_growth_yearly": 4584.14
        },
        "20051": {
            "year_quarter": 20051,
            "year": 2005,
            "quarter": 1,
            "eps": -0.99,
            "eps_growth_year": -197.06,
            "eps_4q": -3.76,
            "eps_4q_growth_year": -176.4,
            "roe": -11.96,
            "roe_4q": -42.36,
            "gross_profit": 71760,
            "gross_margin": 16.29,
            "gross_margin_4q_avg": -1.11,
            "net_income": -575811,
            "net_income_4q": null,
            "revenue": 440523,
            "revenue_4q": null,
            "common_shares": 5796856,
            "book_valuer_per_share": 5.31,
            "book_valuer_per_share_4q_avg": 7.09,
            "equity": 3078793,
            "current_ratio": 79.28,
            "debt_ratio": 85.18,
            "inventory_turnover_ratio": 0.04,
            "account_receivable_turnover_ratio": null,
            "reinvestment_rate": null,
            "research_to_sale_ratio": null,
            "price_fair": 289.1,
            "eps_avg_yearly": 8.26,
            "eps_latest_yearly": 12.08,
            "eps_growth_yearly": 4584.14
        },
        "20052": {
            "year_quarter": 20052,
            "year": 2005,
            "quarter": 2,
            "eps": 0.34,
            "eps_growth_year": null,
            "eps_4q": -2.56,
            "eps_4q_growth_year": -271.62,
            "roe": 6.03,
            "roe_4q": -25.85,
            "gross_profit": -27716,
            "gross_margin": -8.75,
            "gross_margin_4q_avg": -3.28,
            "net_income": 191781,
            "net_income_4q": null,
            "revenue": 316583,
            "revenue_4q": null,
            "common_shares": 5796856,
            "book_valuer_per_share": 5.66,
            "book_valuer_per_share_4q_avg": 6.36,
            "equity": 3283300,
            "current_ratio": 92.95,
            "debt_ratio": 83.24,
            "inventory_turnover_ratio": 0.04,
            "account_receivable_turnover_ratio": null,
            "reinvestment_rate": null,
            "research_to_sale_ratio": null,
            "price_fair": 289.1,
            "eps_avg_yearly": 8.26,
            "eps_latest_yearly": 12.08,
            "eps_growth_yearly": 4584.14
        },
        "20053": {
            "year_quarter": 20053,
            "year": 2005,
            "quarter": 3,
            "eps": -0.5,
            "eps_growth_year": null,
            "eps_4q": -2.4,
            "eps_4q_growth_year": null,
            "roe": -8.8,
            "roe_4q": -27.61,
            "gross_profit": 137136,
            "gross_margin": 27.06,
            "gross_margin_4q_avg": 9.99,
            "net_income": -283699,
            "net_income_4q": null,
            "revenue": 506707,
            "revenue_4q": null,
            "common_shares": 5796856,
            "book_valuer_per_share": 5.46,
            "book_valuer_per_share_4q_avg": 5.72,
            "equity": 3164970,
            "current_ratio": 86.37,
            "debt_ratio": 83.65,
            "inventory_turnover_ratio": 0.04,
            "account_receivable_turnover_ratio": null,
            "reinvestment_rate": null,
            "research_to_sale_ratio": null,
            "price_fair": 289.1,
            "eps_avg_yearly": 8.26,
            "eps_latest_yearly": 12.08,
            "eps_growth_yearly": 4584.14
        },
        "20054": {
            "year_quarter": 20054,
            "year": 2005,
            "quarter": 4,
            "eps": -0.38,
            "eps_growth_year": null,
            "eps_4q": -1.44,
            "eps_4q_growth_year": null,
            "roe": -6.1,
            "roe_4q": -20.830000000000002,
            "gross_profit": -45577,
            "gross_margin": -9.31,
            "gross_margin_4q_avg": 6.32,
            "net_income": -214084,
            "net_income_4q": null,
            "revenue": 489374,
            "revenue_4q": null,
            "common_shares": 5796856,
            "book_valuer_per_share": 5.03,
            "book_valuer_per_share_4q_avg": 5.37,
            "equity": 3856734,
            "current_ratio": 81.33,
            "debt_ratio": 83.95,
            "inventory_turnover_ratio": 0.06,
            "account_receivable_turnover_ratio": null,
            "reinvestment_rate": null,
            "research_to_sale_ratio": null,
            "price_fair": 289.1,
            "eps_avg_yearly": 8.26,
            "eps_latest_yearly": 12.08,
            "eps_growth_yearly": 4584.14
        },
        "20061": {
            "year_quarter": 20061,
            "year": 2006,
            "quarter": 1,
            "eps": -0.03,
            "eps_growth_year": null,
            "eps_4q": -0.6,
            "eps_4q_growth_year": null,
            "roe": -0.48,
            "roe_4q": -9.350000000000001,
            "gross_profit": -107900,
            "gross_margin": -17.85,
            "gross_margin_4q_avg": -2.21,
            "net_income": -16245,
            "net_income_4q": null,
            "revenue": 604500,
            "revenue_4q": null,
            "common_shares": 5796856,
            "book_valuer_per_share": 4.98,
            "book_valuer_per_share_4q_avg": 5.28,
            "equity": 2885780,
            "current_ratio": 76.16,
            "debt_ratio": 83.84,
            "inventory_turnover_ratio": 0.08,
            "account_receivable_turnover_ratio": null,
            "reinvestment_rate": null,
            "research_to_sale_ratio": null,
            "price_fair": 289.1,
            "eps_avg_yearly": 8.26,
            "eps_latest_yearly": 12.08,
            "eps_growth_yearly": 4584.14
        },
        "20062": {
            "year_quarter": 20062,
            "year": 2006,
            "quarter": 2,
            "eps": 0.97,
            "eps_growth_year": 185.29,
            "eps_4q": 0.07,
            "eps_4q_growth_year": null,
            "roe": 17.47,
            "roe_4q": 2.089999999999998,
            "gross_profit": 29784,
            "gross_margin": 9.86,
            "gross_margin_4q_avg": 2.44,
            "net_income": 553172,
            "net_income_4q": null,
            "revenue": 302223,
            "revenue_4q": null,
            "common_shares": 5796856,
            "book_valuer_per_share": 5.95,
            "book_valuer_per_share_4q_avg": 5.36,
            "equity": 3448835,
            "current_ratio": 69.38,
            "debt_ratio": 80.06,
            "inventory_turnover_ratio": 0.04,
            "account_receivable_turnover_ratio": null,
            "reinvestment_rate": null,
            "research_to_sale_ratio": null,
            "price_fair": 289.1,
            "eps_avg_yearly": 8.26,
            "eps_latest_yearly": 12.08,
            "eps_growth_yearly": 4584.14
        },
        "20063": {
            "year_quarter": 20063,
            "year": 2006,
            "quarter": 3,
            "eps": 0.01,
            "eps_growth_year": null,
            "eps_4q": 0.57,
            "eps_4q_growth_year": null,
            "roe": 0.21,
            "roe_4q": 11.1,
            "gross_profit": 8435,
            "gross_margin": 2.53,
            "gross_margin_4q_avg": -3.69,
            "net_income": 7157,
            "net_income_4q": null,
            "revenue": 333822,
            "revenue_4q": null,
            "common_shares": 5796856,
            "book_valuer_per_share": 5.99,
            "book_valuer_per_share_4q_avg": 5.49,
            "equity": 3474960,
            "current_ratio": 70.74,
            "debt_ratio": 79.93,
            "inventory_turnover_ratio": 0.04,
            "account_receivable_turnover_ratio": null,
            "reinvestment_rate": null,
            "research_to_sale_ratio": null,
            "price_fair": 193.2,
            "eps_avg_yearly": 5.52,
            "eps_latest_yearly": 0.04,
            "eps_growth_yearly": 2924.14
        },
        "20064": {
            "year_quarter": 20064,
            "year": 2006,
            "quarter": 4,
            "eps": -0.9,
            "eps_growth_year": null,
            "eps_4q": 0.07,
            "eps_4q_growth_year": null,
            "roe": -13.96,
            "roe_4q": 3.239999999999999,
            "gross_profit": 181315,
            "gross_margin": 64.82,
            "gross_margin_4q_avg": 14.84,
            "net_income": -512940,
            "net_income_4q": null,
            "revenue": 279718,
            "revenue_4q": null,
            "common_shares": 5796856,
            "book_valuer_per_share": 5.16,
            "book_valuer_per_share_4q_avg": 5.52,
            "equity": 3872949,
            "current_ratio": 73.21,
            "debt_ratio": 82,
            "inventory_turnover_ratio": 0.01,
            "account_receivable_turnover_ratio": null,
            "reinvestment_rate": 54.14,
            "research_to_sale_ratio": null,
            "price_fair": 193.2,
            "eps_avg_yearly": 5.52,
            "eps_latest_yearly": 0.04,
            "eps_growth_yearly": 2924.14
        },
        "20071": {
            "year_quarter": 20071,
            "year": 2007,
            "quarter": 1,
            "eps": -0.05,
            "eps_growth_year": null,
            "eps_4q": 0.03,
            "eps_4q_growth_year": null,
            "roe": -0.81,
            "roe_4q": 2.9099999999999984,
            "gross_profit": 138203,
            "gross_margin": 44.97,
            "gross_margin_4q_avg": 30.55,
            "net_income": -29183,
            "net_income_4q": null,
            "revenue": 307335,
            "revenue_4q": null,
            "common_shares": 6346856,
            "book_valuer_per_share": 5.2,
            "book_valuer_per_share_4q_avg": 5.58,
            "equity": 3297965,
            "current_ratio": 92.25,
            "debt_ratio": 80.21,
            "inventory_turnover_ratio": 0.02,
            "account_receivable_turnover_ratio": null,
            "reinvestment_rate": -129.22,
            "research_to_sale_ratio": null,
            "price_fair": 193.2,
            "eps_avg_yearly": 5.52,
            "eps_latest_yearly": 0.04,
            "eps_growth_yearly": 2924.14
        },
        "20072": {
            "year_quarter": 20072,
            "year": 2007,
            "quarter": 2,
            "eps": 0.19,
            "eps_growth_year": -80.41,
            "eps_4q": -0.74,
            "eps_4q_growth_year": -1181.46,
            "roe": 3.26,
            "roe_4q": -11.3,
            "gross_profit": 114078,
            "gross_margin": 48.68,
            "gross_margin_4q_avg": 40.25,
            "net_income": 109023,
            "net_income_4q": null,
            "revenue": 234329,
            "revenue_4q": null,
            "common_shares": 6346856,
            "book_valuer_per_share": 5.36,
            "book_valuer_per_share_4q_avg": 5.43,
            "equity": 3399140,
            "current_ratio": 78.62,
            "debt_ratio": 79.76,
            "inventory_turnover_ratio": 0.02,
            "account_receivable_turnover_ratio": null,
            "reinvestment_rate": null,
            "research_to_sale_ratio": null,
            "price_fair": 212.1,
            "eps_avg_yearly": 6.06,
            "eps_latest_yearly": 0.04,
            "eps_growth_yearly": 146.21
        },
        "20073": {
            "year_quarter": 20073,
            "year": 2007,
            "quarter": 3,
            "eps": 0.11,
            "eps_growth_year": 1000,
            "eps_4q": -0.62,
            "eps_4q_growth_year": -208.86,
            "roe": 1.89,
            "roe_4q": -9.620000000000001,
            "gross_profit": 87704,
            "gross_margin": 43.02,
            "gross_margin_4q_avg": 50.37,
            "net_income": 65286,
            "net_income_4q": null,
            "revenue": 203859,
            "revenue_4q": null,
            "common_shares": 6346856,
            "book_valuer_per_share": 5.54,
            "book_valuer_per_share_4q_avg": 5.32,
            "equity": 3516164,
            "current_ratio": 80.14,
            "debt_ratio": 79.49,
            "inventory_turnover_ratio": 0.02,
            "account_receivable_turnover_ratio": null,
            "reinvestment_rate": null,
            "research_to_sale_ratio": null,
            "price_fair": 0.72,
            "eps_avg_yearly": 0.24,
            "eps_latest_yearly": 0.44,
            "eps_growth_yearly": -282.15
        },
        "20074": {
            "year_quarter": 20074,
            "year": 2007,
            "quarter": 4,
            "eps": 0.01,
            "eps_growth_year": null,
            "eps_4q": 0.22,
            "eps_4q_growth_year": 224.85,
            "roe": 0.18,
            "roe_4q": 4.52,
            "gross_profit": 296993,
            "gross_margin": 49.03,
            "gross_margin_4q_avg": 46.43,
            "net_income": 7212,
            "net_income_4q": null,
            "revenue": 605762,
            "revenue_4q": null,
            "common_shares": 6346856,
            "book_valuer_per_share": 5.57,
            "book_valuer_per_share_4q_avg": 5.42,
            "equity": 4469144,
            "current_ratio": 84.41,
            "debt_ratio": 79.67,
            "inventory_turnover_ratio": 0.05,
            "account_receivable_turnover_ratio": null,
            "reinvestment_rate": null,
            "research_to_sale_ratio": null,
            "price_fair": 0.52,
            "eps_avg_yearly": 0.17,
            "eps_latest_yearly": 0.04,
            "eps_growth_yearly": -309.31
        },
        "20081": {
            "year_quarter": 20081,
            "year": 2008,
            "quarter": 1,
            "eps": 0.11,
            "eps_growth_year": null,
            "eps_4q": 0.28,
            "eps_4q_growth_year": 785.02,
            "roe": 2.23,
            "roe_4q": 7.56,
            "gross_profit": 525695,
            "gross_margin": 24.02,
            "gross_margin_4q_avg": 41.19,
            "net_income": 102942,
            "net_income_4q": null,
            "revenue": 2188879,
            "revenue_4q": null,
            "common_shares": 7346856,
            "book_valuer_per_share": 5.18,
            "book_valuer_per_share_4q_avg": 5.41,
            "equity": 4743941,
            "current_ratio": 80.03,
            "debt_ratio": 74.86,
            "inventory_turnover_ratio": 0.28,
            "account_receivable_turnover_ratio": null,
            "reinvestment_rate": null,
            "research_to_sale_ratio": null,
            "price_fair": 8.4,
            "eps_avg_yearly": 0.24,
            "eps_latest_yearly": 0.44,
            "eps_growth_yearly": 768.02
        },
        "20082": {
            "year_quarter": 20082,
            "year": 2008,
            "quarter": 2,
            "eps": 0.04,
            "eps_growth_year": -78.95,
            "eps_4q": 0.12,
            "eps_4q_growth_year": null,
            "roe": 1.24,
            "roe_4q": 5.54,
            "gross_profit": 326100,
            "gross_margin": 16.72,
            "gross_margin_4q_avg": 33.2,
            "net_income": 59014,
            "net_income_4q": null,
            "revenue": 1950293,
            "revenue_4q": null,
            "common_shares": 7346856,
            "book_valuer_per_share": 5.27,
            "book_valuer_per_share_4q_avg": 5.39,
            "equity": 4805796,
            "current_ratio": 81.47,
            "debt_ratio": 73.77,
            "inventory_turnover_ratio": 0.28,
            "account_receivable_turnover_ratio": null,
            "reinvestment_rate": null,
            "research_to_sale_ratio": null,
            "price_fair": 7.84,
            "eps_avg_yearly": 0.22,
            "eps_latest_yearly": 0.16,
            "eps_growth_yearly": 563.5
        },
        "20083": {
            "year_quarter": 20083,
            "year": 2008,
            "quarter": 3,
            "eps": -0.18,
            "eps_growth_year": -263.64,
            "eps_4q": -0.02,
            "eps_4q_growth_year": null,
            "roe": -4.18,
            "roe_4q": -0.5299999999999996,
            "gross_profit": 364248,
            "gross_margin": 20.62,
            "gross_margin_4q_avg": 27.6,
            "net_income": -197282,
            "net_income_4q": null,
            "revenue": 1766506,
            "revenue_4q": null,
            "common_shares": 7346856,
            "book_valuer_per_share": 5.18,
            "book_valuer_per_share_4q_avg": 5.3,
            "equity": 4641983,
            "current_ratio": 83.41,
            "debt_ratio": 74.29,
            "inventory_turnover_ratio": 0.24,
            "account_receivable_turnover_ratio": null,
            "reinvestment_rate": null,
            "research_to_sale_ratio": null,
            "price_fair": 7.84,
            "eps_avg_yearly": 0.22,
            "eps_latest_yearly": 0.16,
            "eps_growth_yearly": 563.5
        },
        "20084": {
            "year_quarter": 20084,
            "year": 2008,
            "quarter": 4,
            "eps": -0.05,
            "eps_growth_year": -600,
            "eps_4q": -0.14,
            "eps_4q_growth_year": -160.71,
            "roe": 1.64,
            "roe_4q": 0.9299999999999999,
            "gross_profit": 547819,
            "gross_margin": 24.54,
            "gross_margin_4q_avg": 21.48,
            "net_income": 77095,
            "net_income_4q": null,
            "revenue": 2231972,
            "revenue_4q": null,
            "common_shares": 7346856,
            "book_valuer_per_share": 5.17,
            "book_valuer_per_share_4q_avg": 5.2,
            "equity": 4763491,
            "current_ratio": 80.82,
            "debt_ratio": 73.3,
            "inventory_turnover_ratio": 0.3,
            "account_receivable_turnover_ratio": 82.19,
            "reinvestment_rate": null,
            "research_to_sale_ratio": null,
            "price_fair": 7.84,
            "eps_avg_yearly": 0.22,
            "eps_latest_yearly": 0.16,
            "eps_growth_yearly": 563.5
        },
        "20091": {
            "year_quarter": 20091,
            "year": 2009,
            "quarter": 1,
            "eps": 0.17,
            "eps_growth_year": 54.55,
            "eps_4q": -0.04,
            "eps_4q_growth_year": -113.17,
            "roe": 1.93,
            "roe_4q": 0.6300000000000001,
            "gross_profit": 461155,
            "gross_margin": 22.78,
            "gross_margin_4q_avg": 21.17,
            "net_income": 92768,
            "net_income_4q": null,
            "revenue": 2024566,
            "revenue_4q": null,
            "common_shares": 7346856,
            "book_valuer_per_share": 5.38,
            "book_valuer_per_share_4q_avg": 5.25,
            "equity": 4863589,
            "current_ratio": 83.35,
            "debt_ratio": 72.56,
            "inventory_turnover_ratio": 0.28,
            "account_receivable_turnover_ratio": 37.46,
            "reinvestment_rate": 29187.53,
            "research_to_sale_ratio": null,
            "price_fair": 7.84,
            "eps_avg_yearly": 0.22,
            "eps_latest_yearly": 0.16,
            "eps_growth_yearly": 563.5
        },
        "20092": {
            "year_quarter": 20092,
            "year": 2009,
            "quarter": 2,
            "eps": 0.2,
            "eps_growth_year": 400,
            "eps_4q": 0.13,
            "eps_4q_growth_year": 10.82,
            "roe": 2.91,
            "roe_4q": 2.3,
            "gross_profit": 522946,
            "gross_margin": 27.12,
            "gross_margin_4q_avg": 23.77,
            "net_income": 143053,
            "net_income_4q": null,
            "revenue": 1928242,
            "revenue_4q": null,
            "common_shares": 7346856,
            "book_valuer_per_share": 5.54,
            "book_valuer_per_share_4q_avg": 5.32,
            "equity": 4982152,
            "current_ratio": 83.4,
            "debt_ratio": 72.88,
            "inventory_turnover_ratio": 0.24,
            "account_receivable_turnover_ratio": 23.24,
            "reinvestment_rate": null,
            "research_to_sale_ratio": null,
            "price_fair": 11.2,
            "eps_avg_yearly": 0.32,
            "eps_latest_yearly": 0.8,
            "eps_growth_yearly": 481.35
        },
        "20093": {
            "year_quarter": 20093,
            "year": 2009,
            "quarter": 3,
            "eps": 0.07,
            "eps_growth_year": null,
            "eps_4q": 0.57,
            "eps_4q_growth_year": null,
            "roe": 0.68,
            "roe_4q": 7.16,
            "gross_profit": 440448,
            "gross_margin": 24.6,
            "gross_margin_4q_avg": 24.76,
            "net_income": 33918,
            "net_income_4q": null,
            "revenue": 1790163,
            "revenue_4q": null,
            "common_shares": 7346856,
            "book_valuer_per_share": 5.52,
            "book_valuer_per_share_4q_avg": 5.4,
            "equity": 4979567,
            "current_ratio": 83.23,
            "debt_ratio": 72.63,
            "inventory_turnover_ratio": 0.23,
            "account_receivable_turnover_ratio": 11.53,
            "reinvestment_rate": 1085.39,
            "research_to_sale_ratio": null,
            "price_fair": 11,
            "eps_avg_yearly": 0.31,
            "eps_latest_yearly": 0.28,
            "eps_growth_yearly": 375.44
        },
        "20094": {
            "year_quarter": 20094,
            "year": 2009,
            "quarter": 4,
            "eps": 0.05,
            "eps_growth_year": null,
            "eps_4q": 0.49,
            "eps_4q_growth_year": null,
            "roe": 2.55,
            "roe_4q": 8.07,
            "gross_profit": 500937,
            "gross_margin": 21.69,
            "gross_margin_4q_avg": 24.05,
            "net_income": 128911,
            "net_income_4q": null,
            "revenue": 2309007,
            "revenue_4q": null,
            "common_shares": 7346856,
            "book_valuer_per_share": 5.83,
            "book_valuer_per_share_4q_avg": 5.57,
            "equity": 5127281,
            "current_ratio": 88.29,
            "debt_ratio": 73.11,
            "inventory_turnover_ratio": 0.3,
            "account_receivable_turnover_ratio": 73.27,
            "reinvestment_rate": 293.99,
            "research_to_sale_ratio": null,
            "price_fair": 10.5,
            "eps_avg_yearly": 0.3,
            "eps_latest_yearly": 0.2,
            "eps_growth_yearly": 314.23
        },
        "20101": {
            "year_quarter": 20101,
            "year": 2010,
            "quarter": 1,
            "eps": 0.01,
            "eps_growth_year": -94.12,
            "eps_4q": 0.34,
            "eps_4q_growth_year": null,
            "roe": 0.2,
            "roe_4q": 6.34,
            "gross_profit": 409415,
            "gross_margin": 22.3,
            "gross_margin_4q_avg": 23.93,
            "net_income": 10237,
            "net_income_4q": null,
            "revenue": 1836071,
            "revenue_4q": null,
            "common_shares": 7346856,
            "book_valuer_per_share": 5.86,
            "book_valuer_per_share_4q_avg": 5.69,
            "equity": 5175313,
            "current_ratio": 88.97,
            "debt_ratio": 72.25,
            "inventory_turnover_ratio": 0.23,
            "account_receivable_turnover_ratio": 33.44,
            "reinvestment_rate": 753.19,
            "research_to_sale_ratio": null,
            "price_fair": 9.49,
            "eps_avg_yearly": 0.27,
            "eps_latest_yearly": 0.04,
            "eps_growth_yearly": 243.76
        },
        "20102": {
            "year_quarter": 20102,
            "year": 2010,
            "quarter": 2,
            "eps": 0.58,
            "eps_growth_year": 188.62,
            "eps_4q": 0.71,
            "eps_4q_growth_year": 433.46,
            "roe": 7.69,
            "roe_4q": 11.120000000000001,
            "gross_profit": 734968,
            "gross_margin": 33.78,
            "gross_margin_4q_avg": 25.59,
            "net_income": 411553,
            "net_income_4q": null,
            "revenue": 2175945,
            "revenue_4q": null,
            "common_shares": 7346856,
            "book_valuer_per_share": 6.42,
            "book_valuer_per_share_4q_avg": 5.91,
            "equity": 5530828,
            "current_ratio": 92.03,
            "debt_ratio": 69.99,
            "inventory_turnover_ratio": 0.23,
            "account_receivable_turnover_ratio": 28.47,
            "reinvestment_rate": 987.09,
            "research_to_sale_ratio": null,
            "price_fair": 16.66,
            "eps_avg_yearly": 0.48,
            "eps_latest_yearly": 2.32,
            "eps_growth_yearly": 2499.38
        },
        "20103": {
            "year_quarter": 20103,
            "year": 2010,
            "quarter": 3,
            "eps": -0.01,
            "eps_growth_year": -108.98,
            "eps_4q": 0.63,
            "eps_4q_growth_year": 10.7,
            "roe": -0.34,
            "roe_4q": 10.100000000000001,
            "gross_profit": 318388,
            "gross_margin": 20.71,
            "gross_margin_4q_avg": 24.62,
            "net_income": -18532,
            "net_income_4q": null,
            "revenue": 1537528,
            "revenue_4q": null,
            "common_shares": 7346856,
            "book_valuer_per_share": 6.31,
            "book_valuer_per_share_4q_avg": 6.11,
            "equity": 5459000,
            "current_ratio": 92.87,
            "debt_ratio": 70.89,
            "inventory_turnover_ratio": 0.19,
            "account_receivable_turnover_ratio": 21.16,
            "reinvestment_rate": 1034.7,
            "research_to_sale_ratio": null,
            "price_fair": 18.36,
            "eps_avg_yearly": 0.52,
            "eps_latest_yearly": 2.32,
            "eps_growth_yearly": 2821.08
        },
        "20104": {
            "year_quarter": 20104,
            "year": 2010,
            "quarter": 4,
            "eps": 0.09,
            "eps_growth_year": 81.71,
            "eps_4q": 0.68,
            "eps_4q_growth_year": 39.29,
            "roe": 4.77,
            "roe_4q": 12.32,
            "gross_profit": 685411,
            "gross_margin": 27.07,
            "gross_margin_4q_avg": 25.97,
            "net_income": 268158,
            "net_income_4q": null,
            "revenue": 2532056,
            "revenue_4q": null,
            "common_shares": 7346856,
            "book_valuer_per_share": 6.62,
            "book_valuer_per_share_4q_avg": 6.3,
            "equity": 5789469,
            "current_ratio": 97.51,
            "debt_ratio": 69.38,
            "inventory_turnover_ratio": 0.27,
            "account_receivable_turnover_ratio": 29.77,
            "reinvestment_rate": 211.54,
            "research_to_sale_ratio": null,
            "price_fair": 18.36,
            "eps_avg_yearly": 0.52,
            "eps_latest_yearly": 2.32,
            "eps_growth_yearly": 2821.08
        },
        "20111": {
            "year_quarter": 20111,
            "year": 2011,
            "quarter": 1,
            "eps": 1.61,
            "eps_growth_year": 16000,
            "eps_4q": 2.28,
            "eps_4q_growth_year": 578.84,
            "roe": 17.98,
            "roe_4q": 30.1,
            "gross_profit": 1483296,
            "gross_margin": 47.89,
            "gross_margin_4q_avg": 32.36,
            "net_income": 1144647,
            "net_income_4q": null,
            "revenue": 3097552,
            "revenue_4q": null,
            "common_shares": 7346856,
            "book_valuer_per_share": 8.2,
            "book_valuer_per_share_4q_avg": 6.89,
            "equity": 6941340,
            "current_ratio": 110.11,
            "debt_ratio": 62.99,
            "inventory_turnover_ratio": 0.24,
            "account_receivable_turnover_ratio": 20.39,
            "reinvestment_rate": 210.43,
            "research_to_sale_ratio": null,
            "price_fair": 39.06,
            "eps_avg_yearly": 1.12,
            "eps_latest_yearly": 6.44,
            "eps_growth_yearly": 3214.53
        },
        "20112": {
            "year_quarter": 20112,
            "year": 2011,
            "quarter": 2,
            "eps": -0.11,
            "eps_growth_year": -119.15,
            "eps_4q": 1.61,
            "eps_4q_growth_year": 126.44,
            "roe": -1.13,
            "roe_4q": 21.28,
            "gross_profit": 316258,
            "gross_margin": 19.71,
            "gross_margin_4q_avg": 28.85,
            "net_income": -76944,
            "net_income_4q": null,
            "revenue": 1604891,
            "revenue_4q": null,
            "common_shares": 7346856,
            "book_valuer_per_share": 8.17,
            "book_valuer_per_share_4q_avg": 7.33,
            "equity": 6723274,
            "current_ratio": 106.34,
            "debt_ratio": 64.08,
            "inventory_turnover_ratio": 0.2,
            "account_receivable_turnover_ratio": 10.56,
            "reinvestment_rate": 165.6,
            "research_to_sale_ratio": null,
            "price_fair": 39.06,
            "eps_avg_yearly": 1.12,
            "eps_latest_yearly": 6.44,
            "eps_growth_yearly": 3214.53
        },
        "20113": {
            "year_quarter": 20113,
            "year": 2011,
            "quarter": 3,
            "eps": 0.05,
            "eps_growth_year": null,
            "eps_4q": 3.19,
            "eps_4q_growth_year": 404.01,
            "roe": -0.06,
            "roe_4q": 21.56,
            "gross_profit": 544963,
            "gross_margin": 34.32,
            "gross_margin_4q_avg": 32.25,
            "net_income": -3728,
            "net_income_4q": null,
            "revenue": 1587901,
            "revenue_4q": null,
            "common_shares": 4000000,
            "book_valuer_per_share": 16.09,
            "book_valuer_per_share_4q_avg": 9.77,
            "equity": 6819931,
            "current_ratio": 106.78,
            "debt_ratio": 60.36,
            "inventory_turnover_ratio": 0.18,
            "account_receivable_turnover_ratio": 14.86,
            "reinvestment_rate": 169.45,
            "research_to_sale_ratio": null,
            "price_fair": 41.69,
            "eps_avg_yearly": 1.19,
            "eps_latest_yearly": 6.44,
            "eps_growth_yearly": 3590.41
        },
        "20114": {
            "year_quarter": 20114,
            "year": 2011,
            "quarter": 4,
            "eps": -0.35,
            "eps_growth_year": -488.78,
            "eps_4q": 2.51,
            "eps_4q_growth_year": 268.16,
            "roe": -1.39,
            "roe_4q": 15.4,
            "gross_profit": 411095,
            "gross_margin": 18.73,
            "gross_margin_4q_avg": 30.16,
            "net_income": -93932,
            "net_income_4q": null,
            "revenue": 2194665,
            "revenue_4q": null,
            "common_shares": 4000000,
            "book_valuer_per_share": 14.99,
            "book_valuer_per_share_4q_avg": 11.86,
            "equity": 6703506,
            "current_ratio": 105.37,
            "debt_ratio": 60.51,
            "inventory_turnover_ratio": 0.37,
            "account_receivable_turnover_ratio": 22.72,
            "reinvestment_rate": 60.07,
            "research_to_sale_ratio": null,
            "price_fair": 46.73,
            "eps_avg_yearly": 1.34,
            "eps_latest_yearly": 6.44,
            "eps_growth_yearly": 4084.66
        },
        "20121": {
            "year_quarter": 20121,
            "year": 2012,
            "quarter": 1,
            "eps": -0.01,
            "eps_growth_year": -100.62,
            "eps_4q": -0.52,
            "eps_4q_growth_year": -122.88,
            "roe": -0.06,
            "roe_4q": -2.6399999999999997,
            "gross_profit": 289175,
            "gross_margin": 20.33,
            "gross_margin_4q_avg": 23.27,
            "net_income": -4201,
            "net_income_4q": null,
            "revenue": 1422549,
            "revenue_4q": null,
            "common_shares": 4000000,
            "book_valuer_per_share": 14.86,
            "book_valuer_per_share_4q_avg": 13.53,
            "equity": 6606345,
            "current_ratio": 101.54,
            "debt_ratio": 59.25,
            "inventory_turnover_ratio": 0.24,
            "account_receivable_turnover_ratio": 13.19,
            "reinvestment_rate": 51.85,
            "research_to_sale_ratio": null,
            "price_fair": 51.2,
            "eps_avg_yearly": 1.46,
            "eps_latest_yearly": 6.44,
            "eps_growth_yearly": 4096.76
        },
        "20122": {
            "year_quarter": 20122,
            "year": 2012,
            "quarter": 2,
            "eps": 0.26,
            "eps_growth_year": null,
            "eps_4q": -0.05,
            "eps_4q_growth_year": -102.94,
            "roe": 1.49,
            "roe_4q": -0.019999999999999962,
            "gross_profit": 470219,
            "gross_margin": 25.78,
            "gross_margin_4q_avg": 24.79,
            "net_income": 98951,
            "net_income_4q": null,
            "revenue": 1823779,
            "revenue_4q": null,
            "common_shares": 4000000,
            "book_valuer_per_share": 15.16,
            "book_valuer_per_share_4q_avg": 15.28,
            "equity": 6676049,
            "current_ratio": 105.02,
            "debt_ratio": 59.73,
            "inventory_turnover_ratio": 0.29,
            "account_receivable_turnover_ratio": 19.03,
            "reinvestment_rate": 70.68,
            "research_to_sale_ratio": null,
            "price_fair": 58.8,
            "eps_avg_yearly": 1.68,
            "eps_latest_yearly": 6.44,
            "eps_growth_yearly": 4821.98
        },
        "20123": {
            "year_quarter": 20123,
            "year": 2012,
            "quarter": 3,
            "eps": 0.16,
            "eps_growth_year": 220.7,
            "eps_4q": 0.07,
            "eps_4q_growth_year": -97.82,
            "roe": 0.56,
            "roe_4q": 0.5999999999999999,
            "gross_profit": 389051,
            "gross_margin": 24.45,
            "gross_margin_4q_avg": 22.32,
            "net_income": 37460,
            "net_income_4q": null,
            "revenue": 1590982,
            "revenue_4q": null,
            "common_shares": 4100000,
            "book_valuer_per_share": 14.81,
            "book_valuer_per_share_4q_avg": 14.96,
            "equity": 6669430,
            "current_ratio": 103.94,
            "debt_ratio": 59.54,
            "inventory_turnover_ratio": 0.26,
            "account_receivable_turnover_ratio": 14.17,
            "reinvestment_rate": 54.73,
            "research_to_sale_ratio": null,
            "price_fair": 53.6,
            "eps_avg_yearly": 1.53,
            "eps_latest_yearly": 0.64,
            "eps_growth_yearly": 4111.14
        },
        "20124": {
            "year_quarter": 20124,
            "year": 2012,
            "quarter": 4,
            "eps": 0.28,
            "eps_growth_year": null,
            "eps_4q": 0.69,
            "eps_4q_growth_year": -72.37,
            "roe": 1.78,
            "roe_4q": 3.77,
            "gross_profit": 510171,
            "gross_margin": 19.85,
            "gross_margin_4q_avg": 22.6,
            "net_income": 119974,
            "net_income_4q": null,
            "revenue": 2569857,
            "revenue_4q": null,
            "common_shares": 4100000,
            "book_valuer_per_share": 15.14,
            "book_valuer_per_share_4q_avg": 14.99,
            "equity": 6818508,
            "current_ratio": 107.51,
            "debt_ratio": 59.5,
            "inventory_turnover_ratio": 0.43,
            "account_receivable_turnover_ratio": 17.51,
            "reinvestment_rate": 61.94,
            "research_to_sale_ratio": null,
            "price_fair": 51.8,
            "eps_avg_yearly": 1.48,
            "eps_latest_yearly": 1.12,
            "eps_growth_yearly": 3634.75
        },
        "20131": {
            "year_quarter": 20131,
            "year": 2013,
            "quarter": 1,
            "eps": -0.14,
            "eps_growth_year": null,
            "eps_4q": 0.57,
            "eps_4q_growth_year": null,
            "roe": -0.78,
            "roe_4q": 3.05,
            "gross_profit": 280553,
            "gross_margin": 46.07,
            "gross_margin_4q_avg": 29.04,
            "net_income": -50915,
            "net_income_4q": null,
            "revenue": 608916,
            "revenue_4q": null,
            "common_shares": 4100000,
            "book_valuer_per_share": 13.85,
            "book_valuer_per_share_4q_avg": 14.74,
            "equity": 6275909,
            "current_ratio": 124.29,
            "debt_ratio": 61.16,
            "inventory_turnover_ratio": 0.06,
            "account_receivable_turnover_ratio": 3.28,
            "reinvestment_rate": -53.18,
            "research_to_sale_ratio": null,
            "price_fair": 51.8,
            "eps_avg_yearly": 1.48,
            "eps_latest_yearly": 1.12,
            "eps_growth_yearly": 3634.75
        },
        "20132": {
            "year_quarter": 20132,
            "year": 2013,
            "quarter": 2,
            "eps": 0.41,
            "eps_growth_year": 56.6,
            "eps_4q": 0.71,
            "eps_4q_growth_year": null,
            "roe": 3.15,
            "roe_4q": 4.710000000000001,
            "gross_profit": 546546,
            "gross_margin": 35.9,
            "gross_margin_4q_avg": 31.57,
            "net_income": 200669,
            "net_income_4q": null,
            "revenue": 1522451,
            "revenue_4q": null,
            "common_shares": 4100000,
            "book_valuer_per_share": 14.22,
            "book_valuer_per_share_4q_avg": 14.51,
            "equity": 6468660,
            "current_ratio": 140.42,
            "debt_ratio": 58.62,
            "inventory_turnover_ratio": 0.15,
            "account_receivable_turnover_ratio": 7.9,
            "reinvestment_rate": -53.43,
            "research_to_sale_ratio": null,
            "price_fair": 55.2,
            "eps_avg_yearly": 1.58,
            "eps_latest_yearly": 1.12,
            "eps_growth_yearly": 4143.92
        },
        "20133": {
            "year_quarter": 20133,
            "year": 2013,
            "quarter": 3,
            "eps": -0.05,
            "eps_growth_year": -130.42,
            "eps_4q": 0.5,
            "eps_4q_growth_year": 620.17,
            "roe": -0.41,
            "roe_4q": 3.7399999999999998,
            "gross_profit": 215652,
            "gross_margin": 44.58,
            "gross_margin_4q_avg": 36.6,
            "net_income": -26591,
            "net_income_4q": null,
            "revenue": 483724,
            "revenue_4q": null,
            "common_shares": 4100000,
            "book_valuer_per_share": 14.28,
            "book_valuer_per_share_4q_avg": 14.37,
            "equity": 6485087,
            "current_ratio": 132.13,
            "debt_ratio": 58.55,
            "inventory_turnover_ratio": 0.04,
            "account_receivable_turnover_ratio": 2.75,
            "reinvestment_rate": -60.72,
            "research_to_sale_ratio": null,
            "price_fair": 62.77,
            "eps_avg_yearly": 1.79,
            "eps_latest_yearly": 1.12,
            "eps_growth_yearly": 4877.9
        },
        "20134": {
            "year_quarter": 20134,
            "year": 2013,
            "quarter": 4,
            "eps": 1.56,
            "eps_growth_year": 457.69,
            "eps_4q": 1.79,
            "eps_4q_growth_year": 157.12,
            "roe": 8.85,
            "roe_4q": 10.81,
            "gross_profit": 317734,
            "gross_margin": 42.82,
            "gross_margin_4q_avg": 42.34,
            "net_income": 598599,
            "net_income_4q": null,
            "revenue": 742096,
            "revenue_4q": null,
            "common_shares": 4100000,
            "book_valuer_per_share": 15.92,
            "book_valuer_per_share_4q_avg": 14.57,
            "equity": 7042577,
            "current_ratio": 156.19,
            "debt_ratio": 55.87,
            "inventory_turnover_ratio": 0.07,
            "account_receivable_turnover_ratio": 4.26,
            "reinvestment_rate": -96.01,
            "research_to_sale_ratio": null,
            "price_fair": 73.92,
            "eps_avg_yearly": 2.11,
            "eps_latest_yearly": 1.12,
            "eps_growth_yearly": 5876.34
        },
        "20141": {
            "year_quarter": 20141,
            "year": 2014,
            "quarter": 1,
            "eps": 0.04,
            "eps_growth_year": null,
            "eps_4q": 2.01,
            "eps_4q_growth_year": 255.05,
            "roe": 0.28,
            "roe_4q": 11.87,
            "gross_profit": 250078,
            "gross_margin": 51.9,
            "gross_margin_4q_avg": 43.8,
            "net_income": 19806,
            "net_income_4q": null,
            "revenue": 481846,
            "revenue_4q": null,
            "common_shares": 3970000,
            "book_valuer_per_share": 16.04,
            "book_valuer_per_share_4q_avg": 15.12,
            "equity": 6980397,
            "current_ratio": 152.98,
            "debt_ratio": 55.67,
            "inventory_turnover_ratio": 0.04,
            "account_receivable_turnover_ratio": 2.68,
            "reinvestment_rate": -91.2,
            "research_to_sale_ratio": null,
            "price_fair": 74.76,
            "eps_avg_yearly": 2.14,
            "eps_latest_yearly": 0.16,
            "eps_growth_yearly": 5862.39
        },
        "20142": {
            "year_quarter": 20142,
            "year": 2014,
            "quarter": 2,
            "eps": -0.25,
            "eps_growth_year": -160.98,
            "eps_4q": 1.38,
            "eps_4q_growth_year": 93.94,
            "roe": -1.25,
            "roe_4q": 7.47,
            "gross_profit": 243084,
            "gross_margin": 37.88,
            "gross_margin_4q_avg": 44.3,
            "net_income": -85453,
            "net_income_4q": null,
            "revenue": 641741,
            "revenue_4q": null,
            "common_shares": 3970000,
            "book_valuer_per_share": 15.69,
            "book_valuer_per_share_4q_avg": 15.48,
            "equity": 6682653,
            "current_ratio": 153.16,
            "debt_ratio": 57.5,
            "inventory_turnover_ratio": 0.06,
            "account_receivable_turnover_ratio": 3.6,
            "reinvestment_rate": -114.4,
            "research_to_sale_ratio": null,
            "price_fair": 73.15,
            "eps_avg_yearly": 2.09,
            "eps_latest_yearly": 0.16,
            "eps_growth_yearly": 1627.99
        },
        "20143": {
            "year_quarter": 20143,
            "year": 2014,
            "quarter": 3,
            "eps": 0.83,
            "eps_growth_year": null,
            "eps_4q": 2.27,
            "eps_4q_growth_year": 354.05,
            "roe": 5.27,
            "roe_4q": 13.149999999999999,
            "gross_profit": 647458,
            "gross_margin": 44.44,
            "gross_margin_4q_avg": 44.26,
            "net_income": 362217,
            "net_income_4q": null,
            "revenue": 1457063,
            "revenue_4q": null,
            "common_shares": 3870000,
            "book_valuer_per_share": 16.56,
            "book_valuer_per_share_4q_avg": 16.05,
            "equity": 7072865,
            "current_ratio": 160.91,
            "debt_ratio": 54.88,
            "inventory_turnover_ratio": 0.12,
            "account_receivable_turnover_ratio": 9.14,
            "reinvestment_rate": -109.04,
            "research_to_sale_ratio": null,
            "price_fair": 73.15,
            "eps_avg_yearly": 2.09,
            "eps_latest_yearly": 0.16,
            "eps_growth_yearly": 1627.99
        },
        "20144": {
            "year_quarter": 20144,
            "year": 2014,
            "quarter": 4,
            "eps": 0.26,
            "eps_growth_year": -83.42,
            "eps_4q": 0.9,
            "eps_4q_growth_year": -49.74,
            "roe": 1.45,
            "roe_4q": 5.75,
            "gross_profit": 537866,
            "gross_margin": 41.55,
            "gross_margin_4q_avg": 43.94,
            "net_income": 103709,
            "net_income_4q": null,
            "revenue": 1294467,
            "revenue_4q": null,
            "common_shares": 3870000,
            "book_valuer_per_share": 16.96,
            "book_valuer_per_share_4q_avg": 16.31,
            "equity": 7259078,
            "current_ratio": 160.99,
            "debt_ratio": 53.33,
            "inventory_turnover_ratio": 0.12,
            "account_receivable_turnover_ratio": 8.38,
            "reinvestment_rate": -106.34,
            "research_to_sale_ratio": null,
            "price_fair": 65.8,
            "eps_avg_yearly": 1.88,
            "eps_latest_yearly": 1.04,
            "eps_growth_yearly": 1247.45
        },
        "20151": {
            "year_quarter": 20151,
            "year": 2015,
            "quarter": 1,
            "eps": 0.31,
            "eps_growth_year": 675,
            "eps_4q": 1.17,
            "eps_4q_growth_year": -41.93,
            "roe": 1.66,
            "roe_4q": 7.129999999999999,
            "gross_profit": 393574,
            "gross_margin": 52.81,
            "gross_margin_4q_avg": 44.17,
            "net_income": 122302,
            "net_income_4q": null,
            "revenue": 745246,
            "revenue_4q": null,
            "common_shares": 3870000,
            "book_valuer_per_share": 17.41,
            "book_valuer_per_share_4q_avg": 16.66,
            "equity": 7433785,
            "current_ratio": 157.87,
            "debt_ratio": 51.49,
            "inventory_turnover_ratio": 0.06,
            "account_receivable_turnover_ratio": 5.01,
            "reinvestment_rate": -194.43,
            "research_to_sale_ratio": null,
            "price_fair": 2.52,
            "eps_avg_yearly": 0.84,
            "eps_latest_yearly": 1.24,
            "eps_growth_yearly": -88.27
        },
        "20152": {
            "year_quarter": 20152,
            "year": 2015,
            "quarter": 2,
            "eps": 0.04,
            "eps_growth_year": null,
            "eps_4q": 1.47,
            "eps_4q_growth_year": 6.27,
            "roe": 0.38,
            "roe_4q": 8.76,
            "gross_profit": 246017,
            "gross_margin": 55.18,
            "gross_margin_4q_avg": 48.5,
            "net_income": 28189,
            "net_income_4q": null,
            "revenue": 445804,
            "revenue_4q": null,
            "common_shares": 3870000,
            "book_valuer_per_share": 17.11,
            "book_valuer_per_share_4q_avg": 17.01,
            "equity": 7284518,
            "current_ratio": 150.85,
            "debt_ratio": 51.46,
            "inventory_turnover_ratio": 0.03,
            "account_receivable_turnover_ratio": 3.05,
            "reinvestment_rate": -177.57,
            "research_to_sale_ratio": null,
            "price_fair": 2.18,
            "eps_avg_yearly": 0.73,
            "eps_latest_yearly": 0.16,
            "eps_growth_yearly": -131.63
        },
        "20153": {
            "year_quarter": 20153,
            "year": 2015,
            "quarter": 3,
            "eps": 0.05,
            "eps_growth_year": -93.98,
            "eps_4q": 0.67,
            "eps_4q_growth_year": -70.46,
            "roe": 0.85,
            "roe_4q": 4.34,
            "gross_profit": 213763,
            "gross_margin": 62.1,
            "gross_margin_4q_avg": 52.91,
            "net_income": 62943,
            "net_income_4q": null,
            "revenue": 344226,
            "revenue_4q": null,
            "common_shares": 3870000,
            "book_valuer_per_share": 17.48,
            "book_valuer_per_share_4q_avg": 17.24,
            "equity": 7458890,
            "current_ratio": 153.36,
            "debt_ratio": 50.57,
            "inventory_turnover_ratio": 0.02,
            "account_receivable_turnover_ratio": 2.28,
            "reinvestment_rate": -175.12,
            "research_to_sale_ratio": null,
            "price_fair": 1.95,
            "eps_avg_yearly": 0.65,
            "eps_latest_yearly": 0.2,
            "eps_growth_yearly": -98.54
        },
        "20154": {
            "year_quarter": 20154,
            "year": 2015,
            "quarter": 4,
            "eps": -0.09,
            "eps_growth_year": -133.96,
            "eps_4q": 0.32,
            "eps_4q_growth_year": -64.02,
            "roe": -0.22,
            "roe_4q": 2.67,
            "gross_profit": 294094,
            "gross_margin": 53.3,
            "gross_margin_4q_avg": 55.85,
            "net_income": -16678,
            "net_income_4q": null,
            "revenue": 551791,
            "revenue_4q": null,
            "common_shares": 3870000,
            "book_valuer_per_share": 17.26,
            "book_valuer_per_share_4q_avg": 17.32,
            "equity": 7389743,
            "current_ratio": 146.5,
            "debt_ratio": 50.48,
            "inventory_turnover_ratio": 0.04,
            "account_receivable_turnover_ratio": 3.73,
            "reinvestment_rate": -170.77,
            "research_to_sale_ratio": null,
            "price_fair": 1.95,
            "eps_avg_yearly": 0.65,
            "eps_latest_yearly": 0.2,
            "eps_growth_yearly": -98.54
        },
        "20161": {
            "year_quarter": 20161,
            "year": 2016,
            "quarter": 1,
            "eps": 0.05,
            "eps_growth_year": -83.87,
            "eps_4q": 0.06,
            "eps_4q_growth_year": -94.67,
            "roe": 0.47,
            "roe_4q": 1.48,
            "gross_profit": 244883,
            "gross_margin": 69.88,
            "gross_margin_4q_avg": 60.12,
            "net_income": 34987,
            "net_income_4q": null,
            "revenue": 350435,
            "revenue_4q": null,
            "common_shares": 3870000,
            "book_valuer_per_share": 17.21,
            "book_valuer_per_share_4q_avg": 17.27,
            "equity": 7391231,
            "current_ratio": 144.75,
            "debt_ratio": 50.89,
            "inventory_turnover_ratio": 0.02,
            "account_receivable_turnover_ratio": 1.84,
            "reinvestment_rate": -166.18,
            "research_to_sale_ratio": null,
            "price_fair": 1.95,
            "eps_avg_yearly": 0.65,
            "eps_latest_yearly": 0.2,
            "eps_growth_yearly": -98.54
        },
        "20162": {
            "year_quarter": 20162,
            "year": 2016,
            "quarter": 2,
            "eps": 0.18,
            "eps_growth_year": 350,
            "eps_4q": 0.2,
            "eps_4q_growth_year": -86.33,
            "roe": 1.16,
            "roe_4q": 2.26,
            "gross_profit": 426038,
            "gross_margin": 67.71,
            "gross_margin_4q_avg": 63.25,
            "net_income": 85257,
            "net_income_4q": null,
            "revenue": 629217,
            "revenue_4q": null,
            "common_shares": 3870000,
            "book_valuer_per_share": 17.14,
            "book_valuer_per_share_4q_avg": 17.27,
            "equity": 7339142,
            "current_ratio": 144.2,
            "debt_ratio": 52.27,
            "inventory_turnover_ratio": 0.03,
            "account_receivable_turnover_ratio": 3.15,
            "reinvestment_rate": -172.4,
            "research_to_sale_ratio": null,
            "price_fair": 23.1,
            "eps_avg_yearly": 0.66,
            "eps_latest_yearly": 0.72,
            "eps_growth_yearly": 43.78
        },
        "20163": {
            "year_quarter": 20163,
            "year": 2016,
            "quarter": 3,
            "eps": 0.42,
            "eps_growth_year": 740,
            "eps_4q": 0.57,
            "eps_4q_growth_year": -15.58,
            "roe": 2.15,
            "roe_4q": 3.559999999999999,
            "gross_profit": 291441,
            "gross_margin": 55.4,
            "gross_margin_4q_avg": 61.57,
            "net_income": 159881,
            "net_income_4q": null,
            "revenue": 526073,
            "revenue_4q": null,
            "common_shares": 3870000,
            "book_valuer_per_share": 17.6,
            "book_valuer_per_share_4q_avg": 17.3,
            "equity": 7516406,
            "current_ratio": 148.35,
            "debt_ratio": 50.47,
            "inventory_turnover_ratio": 0.04,
            "account_receivable_turnover_ratio": 3.29,
            "reinvestment_rate": -162.6,
            "research_to_sale_ratio": null,
            "price_fair": 27.65,
            "eps_avg_yearly": 0.79,
            "eps_latest_yearly": 1.68,
            "eps_growth_yearly": 129.68
        },
        "20164": {
            "year_quarter": 20164,
            "year": 2016,
            "quarter": 4,
            "eps": -0.33,
            "eps_growth_year": null,
            "eps_4q": 0.33,
            "eps_4q_growth_year": 0.79,
            "roe": -1.47,
            "roe_4q": 2.3099999999999996,
            "gross_profit": 241087,
            "gross_margin": 29.92,
            "gross_margin_4q_avg": 55.73,
            "net_income": -109872,
            "net_income_4q": null,
            "revenue": 805736,
            "revenue_4q": null,
            "common_shares": 3870000,
            "book_valuer_per_share": 17.41,
            "book_valuer_per_share_4q_avg": 17.34,
            "equity": 7443245,
            "current_ratio": 149.62,
            "debt_ratio": 50.31,
            "inventory_turnover_ratio": 0.09,
            "account_receivable_turnover_ratio": 5.05,
            "reinvestment_rate": -172.31,
            "research_to_sale_ratio": null,
            "price_fair": 26,
            "eps_avg_yearly": 0.74,
            "eps_latest_yearly": 1.68,
            "eps_growth_yearly": 105.35
        },
        "20171": {
            "year_quarter": 20171,
            "year": 2017,
            "quarter": 1,
            "eps": 0.24,
            "eps_growth_year": 380,
            "eps_4q": 0.51,
            "eps_4q_growth_year": 716.75,
            "roe": 1.27,
            "roe_4q": 3.11,
            "gross_profit": 276022,
            "gross_margin": 51.74,
            "gross_margin_4q_avg": 51.19,
            "net_income": 95045,
            "net_income_4q": null,
            "revenue": 533527,
            "revenue_4q": null,
            "common_shares": 3870000,
            "book_valuer_per_share": 17.6,
            "book_valuer_per_share_4q_avg": 17.44,
            "equity": 7526491,
            "current_ratio": 143.26,
            "debt_ratio": 48.81,
            "inventory_turnover_ratio": 0.04,
            "account_receivable_turnover_ratio": 3.67,
            "reinvestment_rate": 19.01,
            "research_to_sale_ratio": null,
            "price_fair": 26,
            "eps_avg_yearly": 0.74,
            "eps_latest_yearly": 1.68,
            "eps_growth_yearly": 105.35
        },
        "20172": {
            "year_quarter": 20172,
            "year": 2017,
            "quarter": 2,
            "eps": -0.13,
            "eps_growth_year": -172.22,
            "eps_4q": 0.2,
            "eps_4q_growth_year": -0.6,
            "roe": -0.44,
            "roe_4q": 1.51,
            "gross_profit": 196956,
            "gross_margin": 49.53,
            "gross_margin_4q_avg": 46.65,
            "net_income": -32648,
            "net_income_4q": null,
            "revenue": 397631,
            "revenue_4q": null,
            "common_shares": 3870000,
            "book_valuer_per_share": 17.4,
            "book_valuer_per_share_4q_avg": 17.5,
            "equity": 7442784,
            "current_ratio": 150.73,
            "debt_ratio": 49.17,
            "inventory_turnover_ratio": 0.03,
            "account_receivable_turnover_ratio": 3.02,
            "reinvestment_rate": 21.37,
            "research_to_sale_ratio": null,
            "price_fair": 26,
            "eps_avg_yearly": 0.74,
            "eps_latest_yearly": 1.68,
            "eps_growth_yearly": 105.35
        },
        "20173": {
            "year_quarter": 20173,
            "year": 2017,
            "quarter": 3,
            "eps": 0.01,
            "eps_growth_year": -97.62,
            "eps_4q": -0.21,
            "eps_4q_growth_year": -136.85,
            "roe": 0.45,
            "roe_4q": -0.18999999999999995,
            "gross_profit": 168199,
            "gross_margin": 61.34,
            "gross_margin_4q_avg": 48.13,
            "net_income": 33079,
            "net_income_4q": null,
            "revenue": 274219,
            "revenue_4q": null,
            "common_shares": 3870000,
            "book_valuer_per_share": 17.4,
            "book_valuer_per_share_4q_avg": 17.45,
            "equity": 7413731,
            "current_ratio": 162.85,
            "debt_ratio": 49.68,
            "inventory_turnover_ratio": 0.02,
            "account_receivable_turnover_ratio": 2.1,
            "reinvestment_rate": 25.86,
            "research_to_sale_ratio": null,
            "price_fair": 26,
            "eps_avg_yearly": 0.74,
            "eps_latest_yearly": 1.68,
            "eps_growth_yearly": 105.35
        },
        "20174": {
            "year_quarter": 20174,
            "year": 2017,
            "quarter": 4,
            "eps": -0.09,
            "eps_growth_year": null,
            "eps_4q": 0.03,
            "eps_4q_growth_year": -89.94,
            "roe": -0.39,
            "roe_4q": 0.89,
            "gross_profit": 122302,
            "gross_margin": 34.19,
            "gross_margin_4q_avg": 49.2,
            "net_income": -28912,
            "net_income_4q": null,
            "revenue": 357703,
            "revenue_4q": null,
            "common_shares": 3870000,
            "book_valuer_per_share": 17.24,
            "book_valuer_per_share_4q_avg": 17.41,
            "equity": 7353974,
            "current_ratio": 165.25,
            "debt_ratio": 49.05,
            "inventory_turnover_ratio": 0.04,
            "account_receivable_turnover_ratio": 2.97,
            "reinvestment_rate": 50.16,
            "research_to_sale_ratio": null,
            "price_fair": 26,
            "eps_avg_yearly": 0.74,
            "eps_latest_yearly": 1.68,
            "eps_growth_yearly": 105.35
        },
        "20181": {
            "year_quarter": 20181,
            "year": 2018,
            "quarter": 1,
            "eps": -0.07,
            "eps_growth_year": -129.17,
            "eps_4q": -0.27,
            "eps_4q_growth_year": -153.65,
            "roe": -0.26,
            "roe_4q": -0.64,
            "gross_profit": 96574,
            "gross_margin": 52.14,
            "gross_margin_4q_avg": 49.3,
            "net_income": -20792,
            "net_income_4q": null,
            "revenue": 185237,
            "revenue_4q": null,
            "common_shares": 3870000,
            "book_valuer_per_share": 19.03,
            "book_valuer_per_share_4q_avg": 17.77,
            "equity": 8660303,
            "current_ratio": 173.26,
            "debt_ratio": 44.97,
            "inventory_turnover_ratio": 0.01,
            "account_receivable_turnover_ratio": 1.59,
            "reinvestment_rate": -136.94,
            "research_to_sale_ratio": null,
            "price_fair": 29.4,
            "eps_avg_yearly": 0.84,
            "eps_latest_yearly": 1.68,
            "eps_growth_yearly": 187.86
        },
        "20182": {
            "year_quarter": 20182,
            "year": 2018,
            "quarter": 2,
            "eps": -0.18,
            "eps_growth_year": null,
            "eps_4q": -0.33,
            "eps_4q_growth_year": -263.86,
            "roe": -0.59,
            "roe_4q": -0.79,
            "gross_profit": 99426,
            "gross_margin": 42.91,
            "gross_margin_4q_avg": 47.65,
            "net_income": -50680,
            "net_income_4q": null,
            "revenue": 231721,
            "revenue_4q": null,
            "common_shares": 3870000,
            "book_valuer_per_share": 18.76,
            "book_valuer_per_share_4q_avg": 18.11,
            "equity": 8514003,
            "current_ratio": 168.33,
            "debt_ratio": 46.64,
            "inventory_turnover_ratio": 0.02,
            "account_receivable_turnover_ratio": 1.98,
            "reinvestment_rate": -130.91,
            "research_to_sale_ratio": null,
            "price_fair": 29.4,
            "eps_avg_yearly": 0.84,
            "eps_latest_yearly": 1.68,
            "eps_growth_yearly": 187.86
        },
        "20183": {
            "year_quarter": 20183,
            "year": 2018,
            "quarter": 3,
            "eps": 0.03,
            "eps_growth_year": 200,
            "eps_4q": -0.3,
            "eps_4q_growth_year": null,
            "roe": 0.36,
            "roe_4q": -0.88,
            "gross_profit": 99367,
            "gross_margin": 42.06,
            "gross_margin_4q_avg": 42.83,
            "net_income": 30365,
            "net_income_4q": null,
            "revenue": 236233,
            "revenue_4q": null,
            "common_shares": 3870000,
            "book_valuer_per_share": 18.81,
            "book_valuer_per_share_4q_avg": 18.46,
            "equity": 8556472,
            "current_ratio": 164.54,
            "debt_ratio": 46.61,
            "inventory_turnover_ratio": 0.02,
            "account_receivable_turnover_ratio": 1.9,
            "reinvestment_rate": -286.9,
            "research_to_sale_ratio": null,
            "price_fair": 29.4,
            "eps_avg_yearly": 0.84,
            "eps_latest_yearly": 1.68,
            "eps_growth_yearly": 187.86
        },
        "20184": {
            "year_quarter": 20184,
            "year": 2018,
            "quarter": 4,
            "eps": 0.72,
            "eps_growth_year": null,
            "eps_4q": 0.51,
            "eps_4q_growth_year": 1445.33,
            "roe": 3.23,
            "roe_4q": 2.74,
            "gross_profit": 462851,
            "gross_margin": 47.57,
            "gross_margin_4q_avg": 46.17,
            "net_income": 278596,
            "net_income_4q": null,
            "revenue": 972936,
            "revenue_4q": null,
            "common_shares": 3870000,
            "book_valuer_per_share": 19.33,
            "book_valuer_per_share_4q_avg": 18.98,
            "equity": 8692617,
            "current_ratio": 179.23,
            "debt_ratio": 44.69,
            "inventory_turnover_ratio": 0.07,
            "account_receivable_turnover_ratio": 7.29,
            "reinvestment_rate": -168.73,
            "research_to_sale_ratio": null,
            "price_fair": 40.13,
            "eps_avg_yearly": 1.15,
            "eps_latest_yearly": 2.88,
            "eps_growth_yearly": 1766.98
        },
        "20191": {
            "year_quarter": 20191,
            "year": 2019,
            "quarter": 1,
            "eps": -0.08,
            "eps_growth_year": null,
            "eps_4q": 0.5,
            "eps_4q_growth_year": null,
            "roe": -0.29,
            "roe_4q": 2.71,
            "gross_profit": 82413,
            "gross_margin": 49.6,
            "gross_margin_4q_avg": 45.54,
            "net_income": -25405,
            "net_income_4q": null,
            "revenue": 166168,
            "revenue_4q": null,
            "common_shares": 3870000,
            "book_valuer_per_share": 19.36,
            "book_valuer_per_share_4q_avg": 19.07,
            "equity": 8710156,
            "current_ratio": 176.19,
            "debt_ratio": 45.11,
            "inventory_turnover_ratio": 0.01,
            "account_receivable_turnover_ratio": 1.3,
            "reinvestment_rate": -249.02,
            "research_to_sale_ratio": null,
            "price_fair": 39.48,
            "eps_avg_yearly": 1.13,
            "eps_latest_yearly": 2.88,
            "eps_growth_yearly": 2104.99
        },
        "20192": {
            "year_quarter": 20192,
            "year": 2019,
            "quarter": 2,
            "eps": -0.16,
            "eps_growth_year": null,
            "eps_4q": 0.52,
            "eps_4q_growth_year": null,
            "roe": -0.63,
            "roe_4q": 2.67,
            "gross_profit": 90881,
            "gross_margin": 43.64,
            "gross_margin_4q_avg": 45.72,
            "net_income": -54194,
            "net_income_4q": null,
            "revenue": 208263,
            "revenue_4q": null,
            "common_shares": 3870000,
            "book_valuer_per_share": 19.1,
            "book_valuer_per_share_4q_avg": 19.15,
            "equity": 8610835,
            "current_ratio": 165.63,
            "debt_ratio": 46.3,
            "inventory_turnover_ratio": 0.02,
            "account_receivable_turnover_ratio": 1.95,
            "reinvestment_rate": -359.5,
            "research_to_sale_ratio": null,
            "price_fair": 47.95,
            "eps_avg_yearly": 1.37,
            "eps_latest_yearly": 2.88,
            "eps_growth_yearly": 2718.33
        },
        "20193": {
            "year_quarter": 20193,
            "year": 2019,
            "quarter": 3,
            "eps": 0.12,
            "eps_growth_year": 300,
            "eps_4q": 0.6,
            "eps_4q_growth_year": null,
            "roe": 0.85,
            "roe_4q": 3.16,
            "gross_profit": 119176,
            "gross_margin": 49.07,
            "gross_margin_4q_avg": 47.47,
            "net_income": 72937,
            "net_income_4q": null,
            "revenue": 242857,
            "revenue_4q": null,
            "common_shares": 3870000,
            "book_valuer_per_share": 19.08,
            "book_valuer_per_share_4q_avg": 19.22,
            "equity": 8621467,
            "current_ratio": 171.09,
            "debt_ratio": 46.43,
            "inventory_turnover_ratio": 0.02,
            "account_receivable_turnover_ratio": 2.32,
            "reinvestment_rate": -339.64,
            "research_to_sale_ratio": null,
            "price_fair": 61.6,
            "eps_avg_yearly": 1.76,
            "eps_latest_yearly": 2.88,
            "eps_growth_yearly": 3591.11
        },
        "20194": {
            "year_quarter": 20194,
            "year": 2019,
            "quarter": 4,
            "eps": -0.13,
            "eps_growth_year": -117.88,
            "eps_4q": -0.25,
            "eps_4q_growth_year": -149.63,
            "roe": -0.49,
            "roe_4q": -0.56,
            "gross_profit": 74797,
            "gross_margin": 34.45,
            "gross_margin_4q_avg": 44.19,
            "net_income": -42470,
            "net_income_4q": null,
            "revenue": 217131,
            "revenue_4q": null,
            "common_shares": 3870000,
            "book_valuer_per_share": 18.95,
            "book_valuer_per_share_4q_avg": 19.12,
            "equity": 8593684,
            "current_ratio": 161.04,
            "debt_ratio": 46.15,
            "inventory_turnover_ratio": 0.02,
            "account_receivable_turnover_ratio": 2.02,
            "reinvestment_rate": -385.99,
            "research_to_sale_ratio": null,
            "price_fair": 61.6,
            "eps_avg_yearly": 1.76,
            "eps_latest_yearly": 2.88,
            "eps_growth_yearly": 3591.11
        },
        "20201": {
            "year_quarter": 20201,
            "year": 2020,
            "quarter": 1,
            "eps": -0.19,
            "eps_growth_year": null,
            "eps_4q": -0.36,
            "eps_4q_growth_year": -172.45,
            "roe": -0.78,
            "roe_4q": -1.05,
            "gross_profit": 77501,
            "gross_margin": 51.25,
            "gross_margin_4q_avg": 44.6,
            "net_income": -66551,
            "net_income_4q": null,
            "revenue": 151209,
            "revenue_4q": null,
            "common_shares": 3870000,
            "book_valuer_per_share": 18.71,
            "book_valuer_per_share_4q_avg": 18.96,
            "equity": 8499058,
            "current_ratio": 160.75,
            "debt_ratio": 47.43,
            "inventory_turnover_ratio": 0.01,
            "account_receivable_turnover_ratio": 1.33,
            "reinvestment_rate": -665.12,
            "research_to_sale_ratio": null,
            "price_fair": 61.6,
            "eps_avg_yearly": 1.76,
            "eps_latest_yearly": 2.88,
            "eps_growth_yearly": 3591.11
        },
        "20202": {
            "year_quarter": 20202,
            "year": 2020,
            "quarter": 2,
            "eps": -0.03,
            "eps_growth_year": null,
            "eps_4q": -0.23,
            "eps_4q_growth_year": -144.34,
            "roe": -0.11,
            "roe_4q": -0.5299999999999999,
            "gross_profit": 78655,
            "gross_margin": 37.35,
            "gross_margin_4q_avg": 43.03,
            "net_income": -9684,
            "net_income_4q": null,
            "revenue": 210570,
            "revenue_4q": null,
            "common_shares": 3870000,
            "book_valuer_per_share": 18.71,
            "book_valuer_per_share_4q_avg": 18.86,
            "equity": 8484575,
            "current_ratio": 160.62,
            "debt_ratio": 47.57,
            "inventory_turnover_ratio": 0.02,
            "account_receivable_turnover_ratio": 1.87,
            "reinvestment_rate": -1589.99,
            "research_to_sale_ratio": null,
            "price_fair": 79.8,
            "eps_avg_yearly": 2.28,
            "eps_latest_yearly": 2.88,
            "eps_growth_yearly": 4866.67
        },
        "20203": {
            "year_quarter": 20203,
            "year": 2020,
            "quarter": 3,
            "eps": -0.18,
            "eps_growth_year": -250,
            "eps_4q": -0.53,
            "eps_4q_growth_year": -188.29,
            "roe": -0.61,
            "roe_4q": -1.99,
            "gross_profit": 57177,
            "gross_margin": 21.24,
            "gross_margin_4q_avg": 36.07,
            "net_income": -51825,
            "net_income_4q": null,
            "revenue": 269222,
            "revenue_4q": null,
            "common_shares": 3870000,
            "book_valuer_per_share": 18.49,
            "book_valuer_per_share_4q_avg": 18.72,
            "equity": 8414999,
            "current_ratio": 159.78,
            "debt_ratio": 47.4,
            "inventory_turnover_ratio": 0.03,
            "account_receivable_turnover_ratio": 2.81,
            "reinvestment_rate": null,
            "research_to_sale_ratio": null,
            "price_fair": 100.8,
            "eps_avg_yearly": 2.88,
            "eps_latest_yearly": 2.88,
            "eps_growth_yearly": 9200
        },
        "20204": {
            "year_quarter": 20204,
            "year": 2020,
            "quarter": 4,
            "eps": 0.25,
            "eps_growth_year": null,
            "eps_4q": -0.15,
            "eps_4q_growth_year": null,
            "roe": 1.91,
            "roe_4q": 0.4099999999999997,
            "gross_profit": 693222,
            "gross_margin": 29.9,
            "gross_margin_4q_avg": 34.94,
            "net_income": 162454,
            "net_income_4q": null,
            "revenue": 2318551,
            "revenue_4q": null,
            "common_shares": 3870000,
            "book_valuer_per_share": 18.81,
            "book_valuer_per_share_4q_avg": 18.68,
            "equity": 8617130,
            "current_ratio": 201.35,
            "debt_ratio": 40.56,
            "inventory_turnover_ratio": 0.24,
            "account_receivable_turnover_ratio": 21.69,
            "reinvestment_rate": -3709.85,
            "research_to_sale_ratio": null,
            "price_fair": 100.8,
            "eps_avg_yearly": 2.88,
            "eps_latest_yearly": 2.88,
            "eps_growth_yearly": 9200
        },
        "20211": {
            "year_quarter": 20211,
            "year": 2021,
            "quarter": 1,
            "eps": 0.4,
            "eps_growth_year": null,
            "eps_4q": 0.43,
            "eps_4q_growth_year": null,
            "roe": 1.75,
            "roe_4q": 2.9400000000000004,
            "gross_profit": 343400,
            "gross_margin": 32.72,
            "gross_margin_4q_avg": 30.3,
            "net_income": 152112,
            "net_income_4q": null,
            "revenue": 1049389,
            "revenue_4q": null,
            "common_shares": 3870000,
            "book_valuer_per_share": 19.25,
            "book_valuer_per_share_4q_avg": 18.82,
            "equity": 8783022,
            "current_ratio": 189.09,
            "debt_ratio": 38.54,
            "inventory_turnover_ratio": 0.12,
            "account_receivable_turnover_ratio": 10.67,
            "reinvestment_rate": -1371.06,
            "research_to_sale_ratio": null,
            "price_fair": 78.4,
            "eps_avg_yearly": 2.24,
            "eps_latest_yearly": 1.6,
            "eps_growth_yearly": 4720
        },
        "20212": {
            "year_quarter": 20212,
            "year": 2021,
            "quarter": 2,
            "eps": -0.14,
            "eps_growth_year": null,
            "eps_4q": 0.32,
            "eps_4q_growth_year": null,
            "roe": -0.53,
            "roe_4q": 2.52,
            "gross_profit": 80722,
            "gross_margin": 36.95,
            "gross_margin_4q_avg": 30.2,
            "net_income": -46202,
            "net_income_4q": null,
            "revenue": 218473,
            "revenue_4q": null,
            "common_shares": 3870000,
            "book_valuer_per_share": 18.71,
            "book_valuer_per_share_4q_avg": 18.82,
            "equity": 8559631,
            "current_ratio": 167.19,
            "debt_ratio": 38.88,
            "inventory_turnover_ratio": 0.03,
            "account_receivable_turnover_ratio": 2.63,
            "reinvestment_rate": -1494.75,
            "research_to_sale_ratio": null,
            "price_fair": 78.4,
            "eps_avg_yearly": 2.24,
            "eps_latest_yearly": 1.6,
            "eps_growth_yearly": 4720
        },
        "20213": {
            "year_quarter": 20213,
            "year": 2021,
            "quarter": 3,
            "eps": 0,
            "eps_growth_year": null,
            "eps_4q": 0.5,
            "eps_4q_growth_year": null,
            "roe": 0.57,
            "roe_4q": 3.7,
            "gross_profit": 66734,
            "gross_margin": 36.89,
            "gross_margin_4q_avg": 34.12,
            "net_income": 48617,
            "net_income_4q": null,
            "revenue": 180889,
            "revenue_4q": null,
            "common_shares": 3870000,
            "book_valuer_per_share": 18.7,
            "book_valuer_per_share_4q_avg": 18.87,
            "equity": 8605904,
            "current_ratio": 168.34,
            "debt_ratio": 38.58,
            "inventory_turnover_ratio": 0.02,
            "account_receivable_turnover_ratio": 2.62,
            "reinvestment_rate": -1618.97,
            "research_to_sale_ratio": null,
            "price_fair": 78.4,
            "eps_avg_yearly": 2.24,
            "eps_latest_yearly": 1.6,
            "eps_growth_yearly": 4720
        },
        "20214": {
            "year_quarter": 20214,
            "year": 2021,
            "quarter": 4,
            "eps": -0.13,
            "eps_growth_year": -150.41,
            "eps_4q": 0.13,
            "eps_4q_growth_year": null,
            "roe": -0.54,
            "roe_4q": 1.25,
            "gross_profit": 108617,
            "gross_margin": 49.31,
            "gross_margin_4q_avg": 38.97,
            "net_income": -46795,
            "net_income_4q": null,
            "revenue": 220280,
            "revenue_4q": null,
            "common_shares": 3870000,
            "book_valuer_per_share": 18.63,
            "book_valuer_per_share_4q_avg": 18.82,
            "equity": 8583318,
            "current_ratio": 180.97,
            "debt_ratio": 38.87,
            "inventory_turnover_ratio": 0.02,
            "account_receivable_turnover_ratio": 4.52,
            "reinvestment_rate": -1822.56,
            "research_to_sale_ratio": null,
            "price_fair": 78.4,
            "eps_avg_yearly": 2.24,
            "eps_latest_yearly": 1.6,
            "eps_growth_yearly": 4720
        },
        "20221": {
            "year_quarter": 20221,
            "year": 2022,
            "quarter": 1,
            "eps": -0.13,
            "eps_growth_year": -132.5,
            "eps_4q": -0.41,
            "eps_4q_growth_year": -193.31,
            "roe": -0.46,
            "roe_4q": -0.9600000000000001,
            "gross_profit": 93777,
            "gross_margin": 47.15,
            "gross_margin_4q_avg": 42.58,
            "net_income": -38910,
            "net_income_4q": null,
            "revenue": 198905,
            "revenue_4q": null,
            "common_shares": 3870000,
            "book_valuer_per_share": 18.38,
            "book_valuer_per_share_4q_avg": 18.61,
            "equity": 8500519,
            "current_ratio": 182.97,
            "debt_ratio": 39.19,
            "inventory_turnover_ratio": 0.02,
            "account_receivable_turnover_ratio": 4.16,
            "reinvestment_rate": -1150.48,
            "research_to_sale_ratio": null,
            "price_fair": 78.4,
            "eps_avg_yearly": 2.24,
            "eps_latest_yearly": 1.6,
            "eps_growth_yearly": 4720
        },
        "20222": {
            "year_quarter": 20222,
            "year": 2022,
            "quarter": 2,
            "eps": 2.19,
            "eps_growth_year": null,
            "eps_4q": 1.93,
            "eps_4q_growth_year": 500.52,
            "roe": 9.64,
            "roe_4q": 9.21,
            "gross_profit": 100492,
            "gross_margin": 44,
            "gross_margin_4q_avg": 44.34,
            "net_income": 857522,
            "net_income_4q": null,
            "revenue": 228415,
            "revenue_4q": null,
            "common_shares": 3870000,
            "book_valuer_per_share": 20.56,
            "book_valuer_per_share_4q_avg": 19.07,
            "equity": 9294242,
            "current_ratio": 229.78,
            "debt_ratio": 33.76,
            "inventory_turnover_ratio": 0.02,
            "account_receivable_turnover_ratio": 4.96,
            "reinvestment_rate": -68.34,
            "research_to_sale_ratio": null,
            "price_fair": 78.4,
            "eps_avg_yearly": 2.24,
            "eps_latest_yearly": 1.6,
            "eps_growth_yearly": 4720
        },
        "20223": {
            "year_quarter": 20223,
            "year": 2022,
            "quarter": 3,
            "eps": 0.02,
            "eps_growth_year": null,
            "eps_4q": 1.95,
            "eps_4q_growth_year": 291.19,
            "roe": 0.72,
            "roe_4q": 9.36,
            "gross_profit": 106499,
            "gross_margin": 46.99,
            "gross_margin_4q_avg": 46.86,
            "net_income": 67387,
            "net_income_4q": null,
            "revenue": 226634,
            "revenue_4q": null,
            "common_shares": 3870000,
            "book_valuer_per_share": 20.46,
            "book_valuer_per_share_4q_avg": 19.51,
            "equity": 9320510,
            "current_ratio": 218.13,
            "debt_ratio": 33.47,
            "inventory_turnover_ratio": 0.02,
            "account_receivable_turnover_ratio": 4.7,
            "reinvestment_rate": -67.49,
            "research_to_sale_ratio": null,
            "price_fair": 53.2,
            "eps_avg_yearly": 1.52,
            "eps_latest_yearly": 0.08,
            "eps_growth_yearly": 3014.55
        },
        "20224": {
            "year_quarter": 20224,
            "year": 2022,
            "quarter": 4,
            "eps": -0.49,
            "eps_growth_year": null,
            "eps_4q": 1.59,
            "eps_4q_growth_year": 1162.28,
            "roe": -1.88,
            "roe_4q": 8.02,
            "gross_profit": -705689,
            "gross_margin": -346.77,
            "gross_margin_4q_avg": -52.16,
            "net_income": -174363,
            "net_income_4q": null,
            "revenue": 203503,
            "revenue_4q": null,
            "common_shares": 3870000,
            "book_valuer_per_share": 20.16,
            "book_valuer_per_share_4q_avg": 19.89,
            "equity": 9214536,
            "current_ratio": 211.7,
            "debt_ratio": 34.12,
            "inventory_turnover_ratio": 0.16,
            "account_receivable_turnover_ratio": 4.43,
            "reinvestment_rate": -141.26,
            "research_to_sale_ratio": null,
            "price_fair": 2.52,
            "eps_avg_yearly": 0.84,
            "eps_latest_yearly": 0.08,
            "eps_growth_yearly": -78.17
        },
        "20231": {
            "year_quarter": 20231,
            "year": 2023,
            "quarter": 1,
            "eps": 0.13,
            "eps_growth_year": null,
            "eps_4q": 1.86,
            "eps_4q_growth_year": null,
            "roe": 0.6,
            "roe_4q": 9.08,
            "gross_profit": 179985,
            "gross_margin": 62.68,
            "gross_margin_4q_avg": -48.28,
            "net_income": 55526,
            "net_income_4q": null,
            "revenue": 287127,
            "revenue_4q": null,
            "common_shares": 3870000,
            "book_valuer_per_share": 20.14,
            "book_valuer_per_share_4q_avg": 20.33,
            "equity": 9215680,
            "current_ratio": 217.18,
            "debt_ratio": 34.45,
            "inventory_turnover_ratio": 0.02,
            "account_receivable_turnover_ratio": 8.75,
            "reinvestment_rate": -124.49,
            "research_to_sale_ratio": null,
            "price_fair": 2.52,
            "eps_avg_yearly": 0.84,
            "eps_latest_yearly": 0.08,
            "eps_growth_yearly": -78.17
        },
        "20232": {
            "year_quarter": 20232,
            "year": 2023,
            "quarter": 2,
            "eps": -0.24,
            "eps_growth_year": -110.96,
            "eps_4q": -0.57,
            "eps_4q_growth_year": -129.77,
            "roe": -0.9,
            "roe_4q": -1.4599999999999997,
            "gross_profit": 89325,
            "gross_margin": 45.46,
            "gross_margin_4q_avg": -47.91,
            "net_income": -82889,
            "net_income_4q": null,
            "revenue": 196472,
            "revenue_4q": null,
            "common_shares": 3870000,
            "book_valuer_per_share": 20.05,
            "book_valuer_per_share_4q_avg": 20.2,
            "equity": 9123900,
            "current_ratio": 212.31,
            "debt_ratio": 35.07,
            "inventory_turnover_ratio": 0.02,
            "account_receivable_turnover_ratio": 7.49,
            "reinvestment_rate": -133.67,
            "research_to_sale_ratio": null,
            "price_fair": 2.52,
            "eps_avg_yearly": 0.84,
            "eps_latest_yearly": 0.08,
            "eps_growth_yearly": -78.17
        },
        "20233": {
            "year_quarter": 20233,
            "year": 2023,
            "quarter": 3,
            "eps": 0.19,
            "eps_growth_year": 850,
            "eps_4q": -0.4,
            "eps_4q_growth_year": -120.55,
            "roe": 1.43,
            "roe_4q": -0.75,
            "gross_profit": 126853,
            "gross_margin": 48.32,
            "gross_margin_4q_avg": -47.58,
            "net_income": 131176,
            "net_income_4q": null,
            "revenue": 262502,
            "revenue_4q": null,
            "common_shares": 3870000,
            "book_valuer_per_share": 20.39,
            "book_valuer_per_share_4q_avg": 20.19,
            "equity": 9203779,
            "current_ratio": 209.88,
            "debt_ratio": 35.01,
            "inventory_turnover_ratio": 0.03,
            "account_receivable_turnover_ratio": 8.74,
            "reinvestment_rate": -117.7,
            "research_to_sale_ratio": null,
            "price_fair": 2.52,
            "eps_avg_yearly": 0.84,
            "eps_latest_yearly": 0.08,
            "eps_growth_yearly": -78.17
        },
        "20234": {
            "year_quarter": 20234,
            "year": 2023,
            "quarter": 4,
            "eps": 0.04,
            "eps_growth_year": null,
            "eps_4q": 0.12,
            "eps_4q_growth_year": -92.45,
            "roe": 0.19,
            "roe_4q": 1.3199999999999998,
            "gross_profit": 160531,
            "gross_margin": 21.69,
            "gross_margin_4q_avg": 44.54,
            "net_income": 17452,
            "net_income_4q": null,
            "revenue": 740240,
            "revenue_4q": null,
            "common_shares": 3870000,
            "book_valuer_per_share": 19.06,
            "book_valuer_per_share_4q_avg": 19.91,
            "equity": 8737615,
            "current_ratio": 207.28,
            "debt_ratio": 34.63,
            "inventory_turnover_ratio": 0.11,
            "account_receivable_turnover_ratio": 23.21,
            "reinvestment_rate": -100.58,
            "research_to_sale_ratio": null,
            "price_fair": 1.84,
            "eps_avg_yearly": 0.61,
            "eps_latest_yearly": 0.16,
            "eps_growth_yearly": -157.38
        }
    },
    "months": {
        "2001-06": {
            "month": "2001-06",
            "price": "3.93",
            "revenue": 842947
        },
        "2001-07": {
            "month": "2001-07",
            "price": "3.81",
            "revenue": 995460
        },
        "2001-08": {
            "month": "2001-08",
            "price": "4.84",
            "revenue": 1031780
        },
        "2001-09": {
            "month": "2001-09",
            "price": "4.18",
            "revenue": 739347
        },
        "2001-10": {
            "month": "2001-10",
            "price": "3.62",
            "revenue": 859155
        },
        "2001-11": {
            "month": "2001-11",
            "price": "3.28",
            "revenue": 515991
        },
        "2001-12": {
            "month": "2001-12",
            "price": "3.56",
            "revenue": 502675
        },
        "2002-01": {
            "month": "2002-01",
            "price": "4.08",
            "revenue": 973152
        },
        "2002-02": {
            "month": "2002-02",
            "price": "3.79",
            "revenue": 527678
        },
        "2002-03": {
            "month": "2002-03",
            "price": "4.04",
            "revenue": 594376
        },
        "2002-04": {
            "month": "2002-04",
            "price": "4.95",
            "revenue": 718897
        },
        "2002-05": {
            "month": "2002-05",
            "price": "4.12",
            "revenue": 451992
        },
        "2002-06": {
            "month": "2002-06",
            "price": "3.74",
            "revenue": 1061939
        },
        "2002-07": {
            "month": "2002-07",
            "price": "3.30",
            "revenue": 602263
        },
        "2002-08": {
            "month": "2002-08",
            "price": "2.23",
            "revenue": 1887074
        },
        "2002-09": {
            "month": "2002-09",
            "price": "1.26",
            "revenue": 655582
        },
        "2002-10": {
            "month": "2002-10",
            "price": "1.08",
            "revenue": 514642
        },
        "2002-11": {
            "month": "2002-11",
            "price": "0.98",
            "revenue": 251754
        },
        "2002-12": {
            "month": "2002-12",
            "price": "0.94",
            "revenue": 753847
        },
        "2003-01": {
            "month": "2003-01",
            "price": "1.33",
            "revenue": 781661
        },
        "2003-02": {
            "month": "2003-02",
            "price": "1.47",
            "revenue": 349095
        },
        "2003-03": {
            "month": "2003-03",
            "price": "1.22",
            "revenue": 266856
        },
        "2003-04": {
            "month": "2003-04",
            "price": "1.22",
            "revenue": 631052
        },
        "2003-05": {
            "month": "2003-05",
            "price": "0.61",
            "revenue": 437192
        },
        "2003-06": {
            "month": "2003-06",
            "price": "0.81",
            "revenue": 185657
        },
        "2003-07": {
            "month": "2003-07",
            "price": "0.85",
            "revenue": 401201
        },
        "2003-08": {
            "month": "2003-08",
            "price": "1.10",
            "revenue": 285324
        },
        "2003-09": {
            "month": "2003-09",
            "price": "1.17",
            "revenue": 329864
        },
        "2003-10": {
            "month": "2003-10",
            "price": "1.19",
            "revenue": 893260
        },
        "2003-11": {
            "month": "2003-11",
            "price": "1.83",
            "revenue": 296988
        },
        "2003-12": {
            "month": "2003-12",
            "price": "5.06",
            "revenue": 890909
        },
        "2004-01": {
            "month": "2004-01",
            "price": "4.90",
            "revenue": 175483
        },
        "2004-02": {
            "month": "2004-02",
            "price": "5.88",
            "revenue": 166178
        },
        "2004-03": {
            "month": "2004-03",
            "price": "4.82",
            "revenue": 151706
        },
        "2004-04": {
            "month": "2004-04",
            "price": "3.55",
            "revenue": 252473
        },
        "2004-05": {
            "month": "2004-05",
            "price": "3.90",
            "revenue": 216390
        },
        "2004-06": {
            "month": "2004-06",
            "price": "3.24",
            "revenue": 254316
        },
        "2004-07": {
            "month": "2004-07",
            "price": "2.88",
            "revenue": 433318
        },
        "2004-08": {
            "month": "2004-08",
            "price": "2.49",
            "revenue": 50602
        },
        "2004-09": {
            "month": "2004-09",
            "price": "2.43",
            "revenue": 321627
        },
        "2004-10": {
            "month": "2004-10",
            "price": "2.45",
            "revenue": 269447
        },
        "2004-11": {
            "month": "2004-11",
            "price": "2.25",
            "revenue": 198961
        },
        "2004-12": {
            "month": "2004-12",
            "price": "1.62",
            "revenue": 277046
        },
        "2005-01": {
            "month": "2005-01",
            "price": "1.50",
            "revenue": 176757
        },
        "2005-02": {
            "month": "2005-02",
            "price": "1.89",
            "revenue": 115343
        },
        "2005-03": {
            "month": "2005-03",
            "price": "2.62",
            "revenue": 45161
        },
        "2005-04": {
            "month": "2005-04",
            "price": "2.10",
            "revenue": 225538
        },
        "2005-05": {
            "month": "2005-05",
            "price": "1.83",
            "revenue": 160794
        },
        "2005-06": {
            "month": "2005-06",
            "price": "2.07",
            "revenue": 17032
        },
        "2005-07": {
            "month": "2005-07",
            "price": "2.01",
            "revenue": 122143
        },
        "2005-08": {
            "month": "2005-08",
            "price": "1.84",
            "revenue": 232200
        },
        "2005-09": {
            "month": "2005-09",
            "price": "1.84",
            "revenue": 167772
        },
        "2005-10": {
            "month": "2005-10",
            "price": "1.65",
            "revenue": 118096
        },
        "2005-11": {
            "month": "2005-11",
            "price": "1.56",
            "revenue": 196218
        },
        "2005-12": {
            "month": "2005-12",
            "price": "2.03",
            "revenue": 192200
        },
        "2006-01": {
            "month": "2006-01",
            "price": "1.91",
            "revenue": 410042
        },
        "2006-02": {
            "month": "2006-02",
            "price": "1.85",
            "revenue": 115534
        },
        "2006-03": {
            "month": "2006-03",
            "price": "1.80",
            "revenue": 80921
        },
        "2006-04": {
            "month": "2006-04",
            "price": "2.11",
            "revenue": 71583
        },
        "2006-05": {
            "month": "2006-05",
            "price": "3.53",
            "revenue": 155090
        },
        "2006-06": {
            "month": "2006-06",
            "price": "3.83",
            "revenue": 77271
        },
        "2006-07": {
            "month": "2006-07",
            "price": "3.58",
            "revenue": 130204
        },
        "2006-08": {
            "month": "2006-08",
            "price": "3.61",
            "revenue": 100338
        },
        "2006-09": {
            "month": "2006-09",
            "price": "3.72",
            "revenue": 51234
        },
        "2006-10": {
            "month": "2006-10",
            "price": "4.03",
            "revenue": 144886
        },
        "2006-11": {
            "month": "2006-11",
            "price": "5.96",
            "revenue": 117248
        },
        "2006-12": {
            "month": "2006-12",
            "price": "8.39",
            "revenue": 99201
        },
        "2007-01": {
            "month": "2007-01",
            "price": "6.96",
            "revenue": 148380
        },
        "2007-02": {
            "month": "2007-02",
            "price": "7.00",
            "revenue": 43046
        },
        "2007-03": {
            "month": "2007-03",
            "price": "6.94",
            "revenue": 137747
        },
        "2007-04": {
            "month": "2007-04",
            "price": "6.76",
            "revenue": 57042
        },
        "2007-05": {
            "month": "2007-05",
            "price": "6.27",
            "revenue": 61386
        },
        "2007-06": {
            "month": "2007-06",
            "price": "6.13",
            "revenue": 54989
        },
        "2007-07": {
            "month": "2007-07",
            "price": "7.70",
            "revenue": 61036
        },
        "2007-08": {
            "month": "2007-08",
            "price": "7.09",
            "revenue": 119444
        },
        "2007-09": {
            "month": "2007-09",
            "price": "6.64",
            "revenue": 45759
        },
        "2007-10": {
            "month": "2007-10",
            "price": "5.39",
            "revenue": 49199
        },
        "2007-11": {
            "month": "2007-11",
            "price": "3.79",
            "revenue": 375441
        },
        "2007-12": {
            "month": "2007-12",
            "price": "3.76",
            "revenue": 173406
        },
        "2008-01": {
            "month": "2008-01",
            "price": "3.60",
            "revenue": 118143
        },
        "2008-02": {
            "month": "2008-02",
            "price": "3.51",
            "revenue": 212221
        },
        "2008-03": {
            "month": "2008-03",
            "price": "4.37",
            "revenue": 310487
        },
        "2008-04": {
            "month": "2008-04",
            "price": "5.09",
            "revenue": 195960
        },
        "2008-05": {
            "month": "2008-05",
            "price": "4.27",
            "revenue": 145343
        },
        "2008-06": {
            "month": "2008-06",
            "price": "3.99",
            "revenue": 244055
        },
        "2008-07": {
            "month": "2008-07",
            "price": "3.64",
            "revenue": 111456
        },
        "2008-08": {
            "month": "2008-08",
            "price": "3.70",
            "revenue": 224003
        },
        "2008-09": {
            "month": "2008-09",
            "price": "3.25",
            "revenue": 190741
        },
        "2008-10": {
            "month": "2008-10",
            "price": "2.39",
            "revenue": 177219
        },
        "2008-11": {
            "month": "2008-11",
            "price": "2.67",
            "revenue": 153953
        },
        "2008-12": {
            "month": "2008-12",
            "price": "2.00",
            "revenue": 270877
        },
        "2009-01": {
            "month": "2009-01",
            "price": "1.94",
            "revenue": 312496
        },
        "2009-02": {
            "month": "2009-02",
            "price": "1.77",
            "revenue": 203858
        },
        "2009-03": {
            "month": "2009-03",
            "price": "1.92",
            "revenue": 194513
        },
        "2009-04": {
            "month": "2009-04",
            "price": "2.69",
            "revenue": 210944
        },
        "2009-05": {
            "month": "2009-05",
            "price": "3.08",
            "revenue": 182764
        },
        "2009-06": {
            "month": "2009-06",
            "price": "3.35",
            "revenue": 172910
        },
        "2009-07": {
            "month": "2009-07",
            "price": "3.33",
            "revenue": 183417
        },
        "2009-08": {
            "month": "2009-08",
            "price": "3.23",
            "revenue": 152946
        },
        "2009-09": {
            "month": "2009-09",
            "price": "4.33",
            "revenue": 217301
        },
        "2009-10": {
            "month": "2009-10",
            "price": "4.51",
            "revenue": 94913
        },
        "2009-11": {
            "month": "2009-11",
            "price": "4.46",
            "revenue": 117101
        },
        "2009-12": {
            "month": "2009-12",
            "price": "4.88",
            "revenue": 87287
        },
        "2010-01": {
            "month": "2010-01",
            "price": "5.25",
            "revenue": 125148
        },
        "2010-02": {
            "month": "2010-02",
            "price": "6.02",
            "revenue": 93590
        },
        "2010-03": {
            "month": "2010-03",
            "price": "6.49",
            "revenue": 212453
        },
        "2010-04": {
            "month": "2010-04",
            "price": "5.96",
            "revenue": 154565
        },
        "2010-05": {
            "month": "2010-05",
            "price": "4.74",
            "revenue": 90887
        },
        "2010-06": {
            "month": "2010-06",
            "price": "4.97",
            "revenue": 577716
        },
        "2010-07": {
            "month": "2010-07",
            "price": "4.86",
            "revenue": 100855
        },
        "2010-08": {
            "month": "2010-08",
            "price": "4.73",
            "revenue": 85133
        },
        "2010-09": {
            "month": "2010-09",
            "price": "4.38",
            "revenue": 54684
        },
        "2010-10": {
            "month": "2010-10",
            "price": "4.30",
            "revenue": 54313
        },
        "2010-11": {
            "month": "2010-11",
            "price": "4.59",
            "revenue": 61389
        },
        "2010-12": {
            "month": "2010-12",
            "price": "5.04",
            "revenue": 247820
        },
        "2011-01": {
            "month": "2011-01",
            "price": "5.12",
            "revenue": 64535
        },
        "2011-02": {
            "month": "2011-02",
            "price": "4.88",
            "revenue": 1612567
        },
        "2011-03": {
            "month": "2011-03",
            "price": "5.01",
            "revenue": 35448
        },
        "2011-04": {
            "month": "2011-04",
            "price": "4.95",
            "revenue": 48805
        },
        "2011-05": {
            "month": "2011-05",
            "price": "4.82",
            "revenue": 93395
        },
        "2011-06": {
            "month": "2011-06",
            "price": "4.83",
            "revenue": 52850
        },
        "2011-07": {
            "month": "2011-07",
            "price": "4.81",
            "revenue": 74060
        },
        "2011-08": {
            "month": "2011-08",
            "price": "4.50",
            "revenue": 80967
        },
        "2011-09": {
            "month": "2011-09",
            "price": "4.56",
            "revenue": 144008
        },
        "2011-10": {
            "month": "2011-10",
            "price": "4.59",
            "revenue": 45393
        },
        "2011-11": {
            "month": "2011-11",
            "price": "6.90",
            "revenue": 72828
        },
        "2011-12": {
            "month": "2011-12",
            "price": "8.75",
            "revenue": 69961
        },
        "2012-01": {
            "month": "2012-01",
            "price": "9.40",
            "revenue": 49503
        },
        "2012-02": {
            "month": "2012-02",
            "price": "9.45",
            "revenue": 48911
        },
        "2012-03": {
            "month": "2012-03",
            "price": "9.58",
            "revenue": 49208
        },
        "2012-04": {
            "month": "2012-04",
            "price": "9.24",
            "revenue": 63758
        },
        "2012-05": {
            "month": "2012-05",
            "price": "9.09",
            "revenue": 385236
        },
        "2012-06": {
            "month": "2012-06",
            "price": "8.47",
            "revenue": 85663
        },
        "2012-07": {
            "month": "2012-07",
            "price": "8.57",
            "revenue": 222731
        },
        "2012-08": {
            "month": "2012-08",
            "price": "8.55",
            "revenue": 173900
        },
        "2012-09": {
            "month": "2012-09",
            "price": "8.82",
            "revenue": 112615
        },
        "2012-10": {
            "month": "2012-10",
            "price": "8.26",
            "revenue": 136786
        },
        "2012-11": {
            "month": "2012-11",
            "price": "7.81",
            "revenue": 246826
        },
        "2012-12": {
            "month": "2012-12",
            "price": "7.88",
            "revenue": 327144
        },
        "2013-01": {
            "month": "2013-01",
            "price": "8.15",
            "revenue": 172144
        },
        "2013-02": {
            "month": "2013-02",
            "price": "8.88",
            "revenue": 163442
        },
        "2013-03": {
            "month": "2013-03",
            "price": "9.31",
            "revenue": 273091
        },
        "2013-04": {
            "month": "2013-04",
            "price": "9.15",
            "revenue": 765869
        },
        "2013-05": {
            "month": "2013-05",
            "price": "9.35",
            "revenue": 575304
        },
        "2013-06": {
            "month": "2013-06",
            "price": "9.45",
            "revenue": 176202
        },
        "2013-07": {
            "month": "2013-07",
            "price": "9.42",
            "revenue": 161691
        },
        "2013-08": {
            "month": "2013-08",
            "price": "9.31",
            "revenue": 168163
        },
        "2013-09": {
            "month": "2013-09",
            "price": "9.31",
            "revenue": 160632
        },
        "2013-10": {
            "month": "2013-10",
            "price": "10.15",
            "revenue": 336508
        },
        "2013-11": {
            "month": "2013-11",
            "price": "10.38",
            "revenue": 190447
        },
        "2013-12": {
            "month": "2013-12",
            "price": "10.41",
            "revenue": 209367
        },
        "2014-01": {
            "month": "2014-01",
            "price": "10.06",
            "revenue": 170174
        },
        "2014-02": {
            "month": "2014-02",
            "price": "9.53",
            "revenue": 174105
        },
        "2014-03": {
            "month": "2014-03",
            "price": "9.54",
            "revenue": 136447
        },
        "2014-04": {
            "month": "2014-04",
            "price": "9.37",
            "revenue": 211721
        },
        "2014-05": {
            "month": "2014-05",
            "price": "9.39",
            "revenue": 254666
        },
        "2014-06": {
            "month": "2014-06",
            "price": "9.79",
            "revenue": 176431
        },
        "2014-07": {
            "month": "2014-07",
            "price": "10.07",
            "revenue": 164218
        },
        "2014-08": {
            "month": "2014-08",
            "price": "10.45",
            "revenue": 518509
        },
        "2014-09": {
            "month": "2014-09",
            "price": "10.67",
            "revenue": 783898
        },
        "2014-10": {
            "month": "2014-10",
            "price": "10.04",
            "revenue": 391774
        },
        "2014-11": {
            "month": "2014-11",
            "price": "11.28",
            "revenue": 644403
        },
        "2014-12": {
            "month": "2014-12",
            "price": "14.01",
            "revenue": 245920
        },
        "2015-01": {
            "month": "2015-01",
            "price": "13.32",
            "revenue": 391890
        },
        "2015-02": {
            "month": "2015-02",
            "price": "13.10",
            "revenue": 174126
        },
        "2015-03": {
            "month": "2015-03",
            "price": "13.96",
            "revenue": 181041
        },
        "2015-04": {
            "month": "2015-04",
            "price": "14.27",
            "revenue": 233318
        },
        "2015-05": {
            "month": "2015-05",
            "price": "14.44",
            "revenue": 110813
        },
        "2015-06": {
            "month": "2015-06",
            "price": "16.02",
            "revenue": 102148
        },
        "2015-07": {
            "month": "2015-07",
            "price": "17.25",
            "revenue": 147975
        },
        "2015-08": {
            "month": "2015-08",
            "price": "16.14",
            "revenue": 113362
        },
        "2015-09": {
            "month": "2015-09",
            "price": "16.36",
            "revenue": 80484
        },
        "2015-10": {
            "month": "2015-10",
            "price": "16.79",
            "revenue": 321183
        },
        "2015-11": {
            "month": "2015-11",
            "price": "16.22",
            "revenue": 136771
        },
        "2015-12": {
            "month": "2015-12",
            "price": "16.05",
            "revenue": 93953
        },
        "2016-01": {
            "month": "2016-01",
            "price": "14.97",
            "revenue": 115247
        },
        "2016-02": {
            "month": "2016-02",
            "price": "14.87",
            "revenue": 117264
        },
        "2016-03": {
            "month": "2016-03",
            "price": "14.85",
            "revenue": 117848
        },
        "2016-04": {
            "month": "2016-04",
            "price": "14.46",
            "revenue": 195154
        },
        "2016-05": {
            "month": "2016-05",
            "price": "12.90",
            "revenue": 132638
        },
        "2016-06": {
            "month": "2016-06",
            "price": "12.56",
            "revenue": 340554
        },
        "2016-07": {
            "month": "2016-07",
            "price": "11.80",
            "revenue": 74668
        },
        "2016-08": {
            "month": "2016-08",
            "price": "12.18",
            "revenue": 345365
        },
        "2016-09": {
            "month": "2016-09",
            "price": "12.18",
            "revenue": 66858
        },
        "2016-10": {
            "month": "2016-10",
            "price": "11.68",
            "revenue": 534410
        },
        "2016-11": {
            "month": "2016-11",
            "price": "11.12",
            "revenue": 132134
        },
        "2016-12": {
            "month": "2016-12",
            "price": "11.88",
            "revenue": 143569
        },
        "2017-01": {
            "month": "2017-01",
            "price": "11.11",
            "revenue": 305961
        },
        "2017-02": {
            "month": "2017-02",
            "price": "11.78",
            "revenue": 103786
        },
        "2017-03": {
            "month": "2017-03",
            "price": "12.25",
            "revenue": 123783
        },
        "2017-04": {
            "month": "2017-04",
            "price": "11.21",
            "revenue": 175630
        },
        "2017-05": {
            "month": "2017-05",
            "price": "10.97",
            "revenue": 108701
        },
        "2017-06": {
            "month": "2017-06",
            "price": "10.82",
            "revenue": 113295
        },
        "2017-07": {
            "month": "2017-07",
            "price": "10.54",
            "revenue": 97202
        },
        "2017-08": {
            "month": "2017-08",
            "price": "10.34",
            "revenue": 93955
        },
        "2017-09": {
            "month": "2017-09",
            "price": "10.37",
            "revenue": 83062
        },
        "2017-10": {
            "month": "2017-10",
            "price": "10.29",
            "revenue": 168663
        },
        "2017-11": {
            "month": "2017-11",
            "price": "10.41",
            "revenue": 81708
        },
        "2017-12": {
            "month": "2017-12",
            "price": "10.66",
            "revenue": 111362
        },
        "2018-01": {
            "month": "2018-01",
            "price": "11.10",
            "revenue": 58041
        },
        "2018-02": {
            "month": "2018-02",
            "price": "11.48",
            "revenue": 71861
        },
        "2018-03": {
            "month": "2018-03",
            "price": "11.57",
            "revenue": 55333
        },
        "2018-04": {
            "month": "2018-04",
            "price": "11.89",
            "revenue": 117664
        },
        "2018-05": {
            "month": "2018-05",
            "price": "11.69",
            "revenue": 61841
        },
        "2018-06": {
            "month": "2018-06",
            "price": "11.81",
            "revenue": 52206
        },
        "2018-07": {
            "month": "2018-07",
            "price": "11.66",
            "revenue": 106107
        },
        "2018-08": {
            "month": "2018-08",
            "price": "11.67",
            "revenue": 71102
        },
        "2018-09": {
            "month": "2018-09",
            "price": "11.67",
            "revenue": 34452
        },
        "2018-10": {
            "month": "2018-10",
            "price": "11.41",
            "revenue": 505864
        },
        "2018-11": {
            "month": "2018-11",
            "price": "11.45",
            "revenue": 409498
        },
        "2018-12": {
            "month": "2018-12",
            "price": "11.51",
            "revenue": 88449
        },
        "2019-01": {
            "month": "2019-01",
            "price": "11.36",
            "revenue": 58147
        },
        "2019-02": {
            "month": "2019-02",
            "price": "11.42",
            "revenue": 57857
        },
        "2019-03": {
            "month": "2019-03",
            "price": "11.55",
            "revenue": 52689
        },
        "2019-04": {
            "month": "2019-04",
            "price": "11.50",
            "revenue": 89231
        },
        "2019-05": {
            "month": "2019-05",
            "price": "11.48",
            "revenue": 63607
        },
        "2019-06": {
            "month": "2019-06",
            "price": "11.66",
            "revenue": 52902
        },
        "2019-07": {
            "month": "2019-07",
            "price": "11.92",
            "revenue": 54924
        },
        "2019-08": {
            "month": "2019-08",
            "price": "11.63",
            "revenue": 52961
        },
        "2019-09": {
            "month": "2019-09",
            "price": "11.50",
            "revenue": 135149
        },
        "2019-10": {
            "month": "2019-10",
            "price": "11.39",
            "revenue": 71575
        },
        "2019-11": {
            "month": "2019-11",
            "price": "11.38",
            "revenue": 54204
        },
        "2019-12": {
            "month": "2019-12",
            "price": "11.25",
            "revenue": 95103
        },
        "2020-01": {
            "month": "2020-01",
            "price": "11.06",
            "revenue": 63382
        },
        "2020-02": {
            "month": "2020-02",
            "price": "10.15",
            "revenue": 49439
        },
        "2020-03": {
            "month": "2020-03",
            "price": "9.49",
            "revenue": 39951
        },
        "2020-04": {
            "month": "2020-04",
            "price": "8.87",
            "revenue": 74523
        },
        "2020-05": {
            "month": "2020-05",
            "price": "9.03",
            "revenue": 53366
        },
        "2020-06": {
            "month": "2020-06",
            "price": "9.23",
            "revenue": 76772
        },
        "2020-07": {
            "month": "2020-07",
            "price": "9.80",
            "revenue": 180904
        },
        "2020-08": {
            "month": "2020-08",
            "price": "9.43",
            "revenue": 52202
        },
        "2020-09": {
            "month": "2020-09",
            "price": "9.54",
            "revenue": 43656
        },
        "2020-10": {
            "month": "2020-10",
            "price": "9.65",
            "revenue": 1274872
        },
        "2020-11": {
            "month": "2020-11",
            "price": "10.04",
            "revenue": 832695
        },
        "2020-12": {
            "month": "2020-12",
            "price": "10.21",
            "revenue": 186999
        },
        "2021-01": {
            "month": "2021-01",
            "price": "9.46",
            "revenue": 607334
        },
        "2021-02": {
            "month": "2021-02",
            "price": "9.70",
            "revenue": 332856
        },
        "2021-03": {
            "month": "2021-03",
            "price": "10.07",
            "revenue": 113879
        },
        "2021-04": {
            "month": "2021-04",
            "price": "11.09",
            "revenue": 141539
        },
        "2021-05": {
            "month": "2021-05",
            "price": "10.41",
            "revenue": 52439
        },
        "2021-06": {
            "month": "2021-06",
            "price": "10.35",
            "revenue": 32709
        },
        "2021-07": {
            "month": "2021-07",
            "price": "10.03",
            "revenue": 21842
        },
        "2021-08": {
            "month": "2021-08",
            "price": "9.58",
            "revenue": 52085
        },
        "2021-09": {
            "month": "2021-09",
            "price": "9.61",
            "revenue": 94959
        },
        "2021-10": {
            "month": "2021-10",
            "price": "9.69",
            "revenue": 92507
        },
        "2021-11": {
            "month": "2021-11",
            "price": "9.79",
            "revenue": 66854
        },
        "2021-12": {
            "month": "2021-12",
            "price": "9.71",
            "revenue": 61813
        },
        "2022-01": {
            "month": "2022-01",
            "price": "9.43",
            "revenue": 63928
        },
        "2022-02": {
            "month": "2022-02",
            "price": "9.22",
            "revenue": 51284
        },
        "2022-03": {
            "month": "2022-03",
            "price": "9.14",
            "revenue": 83663
        },
        "2022-04": {
            "month": "2022-04",
            "price": "9.37",
            "revenue": 62435
        },
        "2022-05": {
            "month": "2022-05",
            "price": "9.51",
            "revenue": 70734
        },
        "2022-06": {
            "month": "2022-06",
            "price": "9.36",
            "revenue": 95417
        },
        "2022-07": {
            "month": "2022-07",
            "price": "9.33",
            "revenue": 64539
        },
        "2022-08": {
            "month": "2022-08",
            "price": "9.79",
            "revenue": 57775
        },
        "2022-09": {
            "month": "2022-09",
            "price": "9.72",
            "revenue": 103845
        },
        "2022-10": {
            "month": "2022-10",
            "price": "9.03",
            "revenue": 77459
        },
        "2022-11": {
            "month": "2022-11",
            "price": "9.26",
            "revenue": 55124
        },
        "2022-12": {
            "month": "2022-12",
            "price": "9.30",
            "revenue": 67751
        },
        "2023-01": {
            "month": "2023-01",
            "price": "9.17",
            "revenue": 71237
        },
        "2023-02": {
            "month": "2023-02",
            "price": "9.33",
            "revenue": 51685
        },
        "2023-03": {
            "month": "2023-03",
            "price": "9.46",
            "revenue": 164204
        },
        "2023-04": {
            "month": "2023-04",
            "price": "9.29",
            "revenue": 67430
        },
        "2023-05": {
            "month": "2023-05",
            "price": "9.32",
            "revenue": 59893
        },
        "2023-06": {
            "month": "2023-06",
            "price": "9.44",
            "revenue": 69046
        },
        "2023-07": {
            "month": "2023-07",
            "price": "9.18",
            "revenue": 106539
        },
        "2023-08": {
            "month": "2023-08",
            "price": "9.12",
            "revenue": 55878
        },
        "2023-09": {
            "month": "2023-09",
            "price": "9.09",
            "revenue": 100015
        },
        "2023-10": {
            "month": "2023-10",
            "price": "9.08",
            "revenue": 145672
        },
        "2023-11": {
            "month": "2023-11",
            "price": "9.15",
            "revenue": 192517
        },
        "2023-12": {
            "month": "2023-12",
            "price": "9.60",
            "revenue": 401898
        }
    }
}
