{
    "summary": {
        "stock_name": "全坤建",
        "stock_id": "2509",
        "category": "建材營造",
        "main_business": "建築業<br>其他營業收入",
        "website_url": "http://www.gtg.com.tw",
        "ceo": "江清峰",
        "pe_ratio": -18,
        "report_year_from": 2001,
        "report_year_to": 2023,
        "age": 23,
        "eps_negative_percentage": 26,
        "eps_growth_avg": {
            "last_all": -16.39,
            "last_2y": -90.48,
            "last_4y": -73.68,
            "last_8y": -49.12,
            "last_12y": -36.46,
            "last_16y": -22.68,
            "last_20y": -11.17,
            "at_2006_last_3y": 69.39,
            "at_2007_last_3y": 71.53,
            "at_2008_last_3y": 44.72,
            "at_2009_last_3y": 27.7,
            "at_2010_last_3y": 11.77,
            "at_2011_last_3y": -7.19,
            "at_2012_last_3y": -8.64,
            "at_2013_last_3y": 7.64,
            "at_2014_last_3y": -17.46,
            "at_2015_last_3y": -23.28,
            "at_2016_last_3y": -42.76,
            "at_2017_last_3y": -100,
            "at_2018_last_3y": 0,
            "at_2019_last_3y": -19,
            "at_2020_last_3y": -4.59,
            "at_2021_last_3y": -23.68,
            "at_2022_last_3y": -73.68,
            "at_2023_last_3y": -79.25,
            "at_2024_last_3y": -79.25,
            "at_2006_last_all": 12.93,
            "at_2007_last_all": 28.65,
            "at_2008_last_all": 15.78,
            "at_2009_last_all": 14.25,
            "at_2010_last_all": 12.27,
            "at_2011_last_all": 10.73,
            "at_2012_last_all": 4.92,
            "at_2013_last_all": 11.6,
            "at_2014_last_all": 1.46,
            "at_2015_last_all": 1.46,
            "at_2016_last_all": -7,
            "at_2017_last_all": -7,
            "at_2018_last_all": 1.23,
            "at_2019_last_all": -2.93,
            "at_2020_last_all": -6.52,
            "at_2021_last_all": -11.17,
            "at_2022_last_all": -16.39,
            "at_2023_last_all": -16.39,
            "at_2024_last_all": -16.39
        },
        "latest_eps": -0.99,
        "latest_price": 17.55,
        "latest_roe": -4.68,
        "latest_gross_margin": 27.34,
        "latest_equity": 4560274,
        "latest_revenue": 57572,
        "latest_gross_profit": 15742,
        "latest_net_income": -49687,
        "latest_debt_ratio": 52.53,
        "latest_current_ratio": 181.01,
        "latest_account_receivable_turnover_ratio": 1.73,
        "latest_inventory_turnover_ratio": 0.01,
        "latest_reinvestment_rate": 57.12,
        "latest_research_to_sale_ratio": null
    },
    "eps_dividends": {
        "1990": {
            "cash": 0,
            "stock": 3.2,
            "eps": 0
        },
        "1993": {
            "cash": 2.2,
            "stock": 2.2,
            "eps": 0
        },
        "1998": {
            "cash": 0,
            "stock": 1.1,
            "eps": 0
        },
        "2000": {
            "cash": 0.5,
            "stock": 0.5,
            "eps": 0
        },
        "2001": {
            "cash": 0.34,
            "stock": 0.34,
            "eps": 0.02
        },
        "2002": {
            "cash": 0,
            "stock": 0,
            "eps": -1.57
        },
        "2003": {
            "cash": 0,
            "stock": 0,
            "eps": -3.03
        },
        "2004": {
            "cash": 0,
            "stock": 0,
            "eps": 0.75
        },
        "2005": {
            "cash": 0,
            "stock": 0,
            "eps": 1.31
        },
        "2006": {
            "cash": 0.6,
            "stock": 0,
            "eps": 2.15
        },
        "2007": {
            "cash": 0.94,
            "stock": 0.47,
            "eps": 3.78
        },
        "2008": {
            "cash": 2.03,
            "stock": 0,
            "eps": 2.43
        },
        "2009": {
            "cash": 1.5,
            "stock": 0,
            "eps": 2.59
        },
        "2010": {
            "cash": 2,
            "stock": 0,
            "eps": 2.6
        },
        "2011": {
            "cash": 4,
            "stock": 0,
            "eps": 2.6
        },
        "2012": {
            "cash": 0,
            "stock": 0,
            "eps": 1.52
        },
        "2013": {
            "cash": 1,
            "stock": 0,
            "eps": 2.61
        },
        "2014": {
            "cash": 1.5,
            "stock": 0,
            "eps": -1.34
        },
        "2015": {
            "cash": 1.2,
            "stock": 0,
            "eps": 4
        },
        "2016": {
            "cash": 1.6,
            "stock": 0,
            "eps": -0.37
        },
        "2017": {
            "cash": 1.2,
            "stock": 0,
            "eps": 0.19
        },
        "2018": {
            "cash": 0.4,
            "stock": 1.4,
            "eps": 5.65
        },
        "2019": {
            "cash": 0.6,
            "stock": 1.8,
            "eps": 2.43
        },
        "2020": {
            "cash": 0.2,
            "stock": 1,
            "eps": 1.05
        },
        "2021": {
            "cash": 1.5,
            "stock": 0,
            "eps": 0.2
        },
        "2022": {
            "cash": 0,
            "stock": 0,
            "eps": -0.67
        },
        "2023": {
            "cash": 0,
            "stock": 0,
            "eps": -0.75
        }
    },
    "dividends": {
        "1990-05-14": {
            "cash": 0,
            "stock": 3.2
        },
        "1993-06-13": {
            "cash": 2.2,
            "stock": 2.2
        },
        "1998-05-27": {
            "cash": 0,
            "stock": 1.1
        },
        "2000-04-21": {
            "cash": 0.5,
            "stock": 0.5
        },
        "2001-05-11": {
            "cash": 0.34,
            "stock": 0.34
        },
        "2006-03-27": {
            "cash": 0.6,
            "stock": 0
        },
        "2007-05-10": {
            "cash": 0.94,
            "stock": 0.47
        },
        "2008-04-22": {
            "cash": 2.03,
            "stock": 0
        },
        "2009-04-09": {
            "cash": 1.5,
            "stock": 0
        },
        "2010-04-26": {
            "cash": 2,
            "stock": 0
        },
        "2011-01-01": {
            "cash": 2,
            "stock": 0
        },
        "2011-04-14": {
            "cash": 2,
            "stock": 0
        },
        "2013-04-22": {
            "cash": 1,
            "stock": 0
        },
        "2014-08-29": {
            "cash": 1.5,
            "stock": 0
        },
        "2015-10-02": {
            "cash": 1.2,
            "stock": 0
        },
        "2016-09-02": {
            "cash": 1.6,
            "stock": 0
        },
        "2017-09-14": {
            "cash": 1.2,
            "stock": 0
        },
        "2018-10-02": {
            "cash": 0.4,
            "stock": 1.4
        },
        "2019-10-04": {
            "cash": 0.6,
            "stock": 1.8
        },
        "2020-09-30": {
            "cash": 0.2,
            "stock": 1
        },
        "2021-09-07": {
            "cash": 1.5,
            "stock": 0
        }
    },
    "prices": {
        "200101": "6.73",
        "200102": "7.07",
        "200103": "6.66",
        "200104": "5.94",
        "200105": "5.48",
        "200106": "5.23",
        "200107": "4.86",
        "200108": "6.00",
        "200109": "5.18",
        "200110": "4.69",
        "200111": "4.70",
        "200112": "6.14",
        "200201": "8.33",
        "200202": "8.77",
        "200203": "8.94",
        "200204": "8.77",
        "200205": "7.65",
        "200206": "7.22",
        "200207": "6.57",
        "200208": "5.14",
        "200209": "4.71",
        "200210": "4.33",
        "200211": "4.14",
        "200212": "4.70",
        "200301": "5.33",
        "200302": "4.74",
        "200303": "4.23",
        "200304": "3.98",
        "200305": "3.22",
        "200306": "3.74",
        "200307": "4.26",
        "200308": "4.40",
        "200309": "4.36",
        "200310": "5.03",
        "200311": "4.97",
        "200312": "4.99",
        "200401": "5.95",
        "200402": "8.38",
        "200403": "7.82",
        "200404": "6.57",
        "200405": "6.42",
        "200406": "6.14",
        "200407": "5.29",
        "200408": "4.15",
        "200409": "5.48",
        "200410": "5.27",
        "200411": "5.55",
        "200412": "8.67",
        "200501": "9.35",
        "200502": "8.75",
        "200503": "8.05",
        "200504": "7.61",
        "200505": "7.55",
        "200506": "8.18",
        "200507": "7.68",
        "200508": "7.18",
        "200509": "6.57",
        "200510": "5.44",
        "200511": "5.72",
        "200512": "7.75",
        "200601": "8.97",
        "200602": "8.69",
        "200603": "8.83",
        "200604": "9.30",
        "200605": "14.98",
        "200606": "13.96",
        "200607": "15.75",
        "200608": "17.13",
        "200609": "15.20",
        "200610": "19.46",
        "200611": "23.39",
        "200612": "30.10",
        "200701": "26.26",
        "200702": "24.18",
        "200703": "27.24",
        "200704": "26.89",
        "200705": "27.89",
        "200706": "30.92",
        "200707": "41.73",
        "200708": "49.05",
        "200709": "55.55",
        "200710": "50.02",
        "200711": "45.48",
        "200712": "35.35",
        "200801": "32.60",
        "200802": "33.86",
        "200803": "39.51",
        "200804": "42.27",
        "200805": "40.74",
        "200806": "33.53",
        "200807": "24.45",
        "200808": "20.10",
        "200809": "15.39",
        "200810": "12.43",
        "200811": "11.22",
        "200812": "11.35",
        "200901": "11.15",
        "200902": "10.61",
        "200903": "11.28",
        "200904": "16.15",
        "200905": "24.45",
        "200906": "27.89",
        "200907": "27.07",
        "200908": "26.62",
        "200909": "27.20",
        "200910": "26.96",
        "200911": "24.65",
        "200912": "24.83",
        "201001": "26.33",
        "201002": "25.95",
        "201003": "25.93",
        "201004": "28.58",
        "201005": "26.27",
        "201006": "24.14",
        "201007": "24.56",
        "201008": "25.54",
        "201009": "24.13",
        "201010": "24.60",
        "201011": "27.65",
        "201012": "31.28",
        "201101": "30.52",
        "201102": "27.22",
        "201103": "23.76",
        "201104": "24.64",
        "201105": "23.98",
        "201106": "24.96",
        "201107": "25.44",
        "201108": "21.53",
        "201109": "20.72",
        "201110": "19.84",
        "201111": "18.65",
        "201112": "16.56",
        "201201": "17.44",
        "201202": "19.11",
        "201203": "20.40",
        "201204": "20.49",
        "201205": "21.13",
        "201206": "20.70",
        "201207": "21.12",
        "201208": "20.25",
        "201209": "20.26",
        "201210": "18.86",
        "201211": "18.35",
        "201212": "18.72",
        "201301": "19.29",
        "201302": "19.36",
        "201303": "19.33",
        "201304": "19.82",
        "201305": "21.87",
        "201306": "22.08",
        "201307": "22.61",
        "201308": "22.15",
        "201309": "20.52",
        "201310": "20.72",
        "201311": "23.52",
        "201312": "25.15",
        "201401": "24.55",
        "201402": "26.85",
        "201403": "26.66",
        "201404": "26.48",
        "201405": "25.52",
        "201406": "25.56",
        "201407": "24.66",
        "201408": "23.23",
        "201409": "23.84",
        "201410": "22.75",
        "201411": "22.69",
        "201412": "23.15",
        "201501": "23.04",
        "201502": "23.45",
        "201503": "24.07",
        "201504": "24.61",
        "201505": "23.98",
        "201506": "23.42",
        "201507": "24.53",
        "201508": "23.61",
        "201509": "22.25",
        "201510": "23.09",
        "201511": "22.61",
        "201512": "22.75",
        "201601": "21.70",
        "201602": "21.97",
        "201603": "23.59",
        "201604": "23.91",
        "201605": "22.36",
        "201606": "21.46",
        "201607": "20.55",
        "201608": "19.75",
        "201609": "18.59",
        "201610": "18.51",
        "201611": "18.01",
        "201612": "16.83",
        "201701": "17.07",
        "201702": "17.56",
        "201703": "17.93",
        "201704": "17.94",
        "201705": "18.17",
        "201706": "18.59",
        "201707": "19.11",
        "201708": "18.37",
        "201709": "18.40",
        "201710": "20.43",
        "201711": "21.62",
        "201712": "21.70",
        "201801": "21.62",
        "201802": "21.34",
        "201803": "26.50",
        "201804": "29.08",
        "201805": "29.87",
        "201806": "34.18",
        "201807": "33.12",
        "201808": "32.96",
        "201809": "31.42",
        "201810": "29.63",
        "201811": "28.57",
        "201812": "27.89",
        "201901": "29.12",
        "201902": "28.12",
        "201903": "27.88",
        "201904": "29.33",
        "201905": "28.75",
        "201906": "29.58",
        "201907": "29.57",
        "201908": "28.66",
        "201909": "25.36",
        "201910": "24.78",
        "201911": "23.41",
        "201912": "23.20",
        "202001": "22.93",
        "202002": "21.72",
        "202003": "20.10",
        "202004": "20.20",
        "202005": "20.54",
        "202006": "21.24",
        "202007": "21.95",
        "202008": "21.02",
        "202009": "19.75",
        "202010": "19.26",
        "202011": "19.33",
        "202012": "19.05",
        "202101": "17.50",
        "202102": "17.08",
        "202103": "19.27",
        "202104": "21.14",
        "202105": "19.45",
        "202106": "19.68",
        "202107": "20.31",
        "202108": "19.11",
        "202109": "18.39",
        "202110": "18.23",
        "202111": "18.48",
        "202112": "18.26",
        "202201": "18.18",
        "202202": "18.12",
        "202203": "17.20",
        "202204": "16.36",
        "202205": "15.61",
        "202206": "15.40",
        "202207": "14.91",
        "202208": "15.04",
        "202209": "15.27",
        "202210": "14.38",
        "202211": "14.35",
        "202212": "14.55",
        "202301": "14.60",
        "202302": "14.95",
        "202303": "15.36",
        "202304": "15.19",
        "202305": "15.65",
        "202306": "16.11",
        "202307": "15.54",
        "202308": "14.86",
        "202309": "14.69",
        "202310": "15.01",
        "202311": "16.15",
        "202312": "16.83"
    },
    "quarters": {
        "20011": {
            "year_quarter": 20011,
            "year": 2001,
            "quarter": 1,
            "eps": 0.22,
            "eps_growth_year": -56,
            "eps_4q": 0.16,
            "eps_4q_growth_year": null,
            "roe": 1.82,
            "roe_4q": 1.82,
            "gross_profit": 43017,
            "gross_margin": 33.3,
            "gross_margin_4q_avg": 33.3,
            "net_income": 43912,
            "net_income_4q": null,
            "revenue": 129192,
            "revenue_4q": null,
            "common_shares": 1987585,
            "book_valuer_per_share": 12.26,
            "book_valuer_per_share_4q_avg": 12.26,
            "equity": 2436766,
            "current_ratio": 135.2,
            "debt_ratio": 60,
            "inventory_turnover_ratio": 0.02,
            "account_receivable_turnover_ratio": null,
            "reinvestment_rate": null,
            "research_to_sale_ratio": null,
            "price_fair": 0,
            "eps_avg_yearly": 0,
            "eps_latest_yearly": 0,
            "eps_growth_yearly": 0
        },
        "20012": {
            "year_quarter": 20012,
            "year": 2001,
            "quarter": 2,
            "eps": -0.24,
            "eps_growth_year": -175,
            "eps_4q": -0.41,
            "eps_4q_growth_year": -191.89,
            "roe": -2.01,
            "roe_4q": -0.18999999999999972,
            "gross_profit": 76545,
            "gross_margin": 40.61,
            "gross_margin_4q_avg": 36.96,
            "net_income": -47815,
            "net_income_4q": null,
            "revenue": 188503,
            "revenue_4q": null,
            "common_shares": 1977525,
            "book_valuer_per_share": 11.7,
            "book_valuer_per_share_4q_avg": 11.98,
            "equity": 2314367,
            "current_ratio": 134.37,
            "debt_ratio": 62.85,
            "inventory_turnover_ratio": 0.03,
            "account_receivable_turnover_ratio": null,
            "reinvestment_rate": null,
            "research_to_sale_ratio": null,
            "price_fair": 0,
            "eps_avg_yearly": 0,
            "eps_latest_yearly": 0,
            "eps_growth_yearly": 0
        },
        "20013": {
            "year_quarter": 20013,
            "year": 2001,
            "quarter": 3,
            "eps": 0,
            "eps_growth_year": null,
            "eps_4q": -0.13,
            "eps_4q_growth_year": -118.56,
            "roe": -0.01,
            "roe_4q": -0.1999999999999995,
            "gross_profit": 61174,
            "gross_margin": 39.51,
            "gross_margin_4q_avg": 37.81,
            "net_income": -311,
            "net_income_4q": null,
            "revenue": 154824,
            "revenue_4q": null,
            "common_shares": 1977525,
            "book_valuer_per_share": 11.7,
            "book_valuer_per_share_4q_avg": 11.89,
            "equity": 2314056,
            "current_ratio": 144.41,
            "debt_ratio": 56.85,
            "inventory_turnover_ratio": 0.02,
            "account_receivable_turnover_ratio": null,
            "reinvestment_rate": null,
            "research_to_sale_ratio": null,
            "price_fair": 0,
            "eps_avg_yearly": 0,
            "eps_latest_yearly": 0,
            "eps_growth_yearly": 0
        },
        "20014": {
            "year_quarter": 20014,
            "year": 2001,
            "quarter": 4,
            "eps": 0.04,
            "eps_growth_year": null,
            "eps_4q": 0.02,
            "eps_4q_growth_year": -96.02,
            "roe": 0.34,
            "roe_4q": 0.14000000000000035,
            "gross_profit": 74353,
            "gross_margin": 23.46,
            "gross_margin_4q_avg": 34.22,
            "net_income": 7849,
            "net_income_4q": null,
            "revenue": 316883,
            "revenue_4q": null,
            "common_shares": 1977525,
            "book_valuer_per_share": 11.74,
            "book_valuer_per_share_4q_avg": 11.85,
            "equity": 2321228,
            "current_ratio": 149.8,
            "debt_ratio": 54.84,
            "inventory_turnover_ratio": 0.07,
            "account_receivable_turnover_ratio": null,
            "reinvestment_rate": null,
            "research_to_sale_ratio": null,
            "price_fair": 0,
            "eps_avg_yearly": 0,
            "eps_latest_yearly": 0,
            "eps_growth_yearly": 0
        },
        "20021": {
            "year_quarter": 20021,
            "year": 2002,
            "quarter": 1,
            "eps": -0.11,
            "eps_growth_year": -150,
            "eps_4q": -0.32,
            "eps_4q_growth_year": -303.28,
            "roe": -0.94,
            "roe_4q": -2.6199999999999997,
            "gross_profit": 24820,
            "gross_margin": 17.06,
            "gross_margin_4q_avg": 30.16,
            "net_income": -21246,
            "net_income_4q": null,
            "revenue": 145451,
            "revenue_4q": null,
            "common_shares": 1977525,
            "book_valuer_per_share": 11.22,
            "book_valuer_per_share_4q_avg": 11.59,
            "equity": 2219292,
            "current_ratio": 150.51,
            "debt_ratio": 55.63,
            "inventory_turnover_ratio": 0.04,
            "account_receivable_turnover_ratio": null,
            "reinvestment_rate": null,
            "research_to_sale_ratio": null,
            "price_fair": 0,
            "eps_avg_yearly": 0,
            "eps_latest_yearly": 0,
            "eps_growth_yearly": 0
        },
        "20022": {
            "year_quarter": 20022,
            "year": 2002,
            "quarter": 2,
            "eps": -0.11,
            "eps_growth_year": null,
            "eps_4q": -0.17,
            "eps_4q_growth_year": null,
            "roe": -0.94,
            "roe_4q": -1.5499999999999998,
            "gross_profit": 97710,
            "gross_margin": 19.24,
            "gross_margin_4q_avg": 24.82,
            "net_income": -20788,
            "net_income_4q": null,
            "revenue": 507897,
            "revenue_4q": null,
            "common_shares": 1977525,
            "book_valuer_per_share": 11.05,
            "book_valuer_per_share_4q_avg": 11.43,
            "equity": 2185403,
            "current_ratio": 156.49,
            "debt_ratio": 51.15,
            "inventory_turnover_ratio": 0.13,
            "account_receivable_turnover_ratio": null,
            "reinvestment_rate": null,
            "research_to_sale_ratio": null,
            "price_fair": 0,
            "eps_avg_yearly": 0,
            "eps_latest_yearly": 0,
            "eps_growth_yearly": 0
        },
        "20023": {
            "year_quarter": 20023,
            "year": 2002,
            "quarter": 3,
            "eps": -0.47,
            "eps_growth_year": null,
            "eps_4q": -0.61,
            "eps_4q_growth_year": null,
            "roe": -4.07,
            "roe_4q": -5.609999999999999,
            "gross_profit": 19981,
            "gross_margin": 7.05,
            "gross_margin_4q_avg": 16.7,
            "net_income": -87086,
            "net_income_4q": null,
            "revenue": 283367,
            "revenue_4q": null,
            "common_shares": 1977525,
            "book_valuer_per_share": 10.61,
            "book_valuer_per_share_4q_avg": 11.16,
            "equity": 2098317,
            "current_ratio": 160.11,
            "debt_ratio": 49.04,
            "inventory_turnover_ratio": 0.1,
            "account_receivable_turnover_ratio": null,
            "reinvestment_rate": null,
            "research_to_sale_ratio": null,
            "price_fair": 0,
            "eps_avg_yearly": 0,
            "eps_latest_yearly": 0,
            "eps_growth_yearly": 0
        },
        "20024": {
            "year_quarter": 20024,
            "year": 2002,
            "quarter": 4,
            "eps": -0.88,
            "eps_growth_year": -2300,
            "eps_4q": -1.58,
            "eps_4q_growth_year": -8629.01,
            "roe": -8.06,
            "roe_4q": -14.01,
            "gross_profit": -2430,
            "gross_margin": -0.58,
            "gross_margin_4q_avg": 10.69,
            "net_income": -162154,
            "net_income_4q": null,
            "revenue": 417555,
            "revenue_4q": null,
            "common_shares": 1977525,
            "book_valuer_per_share": 9.74,
            "book_valuer_per_share_4q_avg": 10.66,
            "equity": 1925234,
            "current_ratio": 165.79,
            "debt_ratio": 46.37,
            "inventory_turnover_ratio": 0.18,
            "account_receivable_turnover_ratio": null,
            "reinvestment_rate": null,
            "research_to_sale_ratio": null,
            "price_fair": 0,
            "eps_avg_yearly": 0,
            "eps_latest_yearly": 0,
            "eps_growth_yearly": 0
        },
        "20031": {
            "year_quarter": 20031,
            "year": 2003,
            "quarter": 1,
            "eps": -0.24,
            "eps_growth_year": null,
            "eps_4q": -1.71,
            "eps_4q_growth_year": null,
            "roe": -2.31,
            "roe_4q": -15.38,
            "gross_profit": 5219,
            "gross_margin": 4.3,
            "gross_margin_4q_avg": 7.5,
            "net_income": -44044,
            "net_income_4q": null,
            "revenue": 121447,
            "revenue_4q": null,
            "common_shares": 1977525,
            "book_valuer_per_share": 9.52,
            "book_valuer_per_share_4q_avg": 10.23,
            "equity": 1882847,
            "current_ratio": 162.31,
            "debt_ratio": 46.79,
            "inventory_turnover_ratio": 0.06,
            "account_receivable_turnover_ratio": null,
            "reinvestment_rate": null,
            "research_to_sale_ratio": null,
            "price_fair": 0,
            "eps_avg_yearly": 0,
            "eps_latest_yearly": 0,
            "eps_growth_yearly": 0
        },
        "20032": {
            "year_quarter": 20032,
            "year": 2003,
            "quarter": 2,
            "eps": -0.32,
            "eps_growth_year": null,
            "eps_4q": -1.78,
            "eps_4q_growth_year": null,
            "roe": -3.18,
            "roe_4q": -17.62,
            "gross_profit": 4482,
            "gross_margin": 3.36,
            "gross_margin_4q_avg": 3.53,
            "net_income": -58952,
            "net_income_4q": null,
            "revenue": 133284,
            "revenue_4q": null,
            "common_shares": 1977525,
            "book_valuer_per_share": 9.22,
            "book_valuer_per_share_4q_avg": 9.77,
            "equity": 1823895,
            "current_ratio": 178.25,
            "debt_ratio": 45.58,
            "inventory_turnover_ratio": 0.07,
            "account_receivable_turnover_ratio": null,
            "reinvestment_rate": null,
            "research_to_sale_ratio": null,
            "price_fair": 0,
            "eps_avg_yearly": 0,
            "eps_latest_yearly": 0,
            "eps_growth_yearly": 0
        },
        "20033": {
            "year_quarter": 20033,
            "year": 2003,
            "quarter": 3,
            "eps": -0.52,
            "eps_growth_year": null,
            "eps_4q": -1.86,
            "eps_4q_growth_year": null,
            "roe": -5.78,
            "roe_4q": -19.330000000000002,
            "gross_profit": 649,
            "gross_margin": 0.58,
            "gross_margin_4q_avg": 1.92,
            "net_income": -102423,
            "net_income_4q": null,
            "revenue": 111585,
            "revenue_4q": null,
            "common_shares": 1977525,
            "book_valuer_per_share": 8.71,
            "book_valuer_per_share_4q_avg": 9.3,
            "equity": 1721472,
            "current_ratio": 176.19,
            "debt_ratio": 46.76,
            "inventory_turnover_ratio": 0.06,
            "account_receivable_turnover_ratio": null,
            "reinvestment_rate": null,
            "research_to_sale_ratio": null,
            "price_fair": 0,
            "eps_avg_yearly": 0,
            "eps_latest_yearly": 0,
            "eps_growth_yearly": 0
        },
        "20034": {
            "year_quarter": 20034,
            "year": 2003,
            "quarter": 4,
            "eps": -1.95,
            "eps_growth_year": null,
            "eps_4q": -2.85,
            "eps_4q_growth_year": null,
            "roe": -23.2,
            "roe_4q": -34.470000000000006,
            "gross_profit": 9613,
            "gross_margin": 4.13,
            "gross_margin_4q_avg": 3.09,
            "net_income": -357927,
            "net_income_4q": null,
            "revenue": 232518,
            "revenue_4q": null,
            "common_shares": 1977525,
            "book_valuer_per_share": 6.9,
            "book_valuer_per_share_4q_avg": 8.59,
            "equity": 1363545,
            "current_ratio": 151.53,
            "debt_ratio": 51.99,
            "inventory_turnover_ratio": 0.13,
            "account_receivable_turnover_ratio": null,
            "reinvestment_rate": null,
            "research_to_sale_ratio": null,
            "price_fair": 0,
            "eps_avg_yearly": 0,
            "eps_latest_yearly": 0,
            "eps_growth_yearly": 0
        },
        "20041": {
            "year_quarter": 20041,
            "year": 2004,
            "quarter": 1,
            "eps": 0.35,
            "eps_growth_year": null,
            "eps_4q": -2.37,
            "eps_4q_growth_year": null,
            "roe": 4.64,
            "roe_4q": -27.52,
            "gross_profit": 44542,
            "gross_margin": 23.31,
            "gross_margin_4q_avg": 7.85,
            "net_income": 66801,
            "net_income_4q": null,
            "revenue": 191121,
            "revenue_4q": null,
            "common_shares": 1977525,
            "book_valuer_per_share": 7.68,
            "book_valuer_per_share_4q_avg": 8.13,
            "equity": 1518360,
            "current_ratio": 159.64,
            "debt_ratio": 49.72,
            "inventory_turnover_ratio": 0.09,
            "account_receivable_turnover_ratio": null,
            "reinvestment_rate": null,
            "research_to_sale_ratio": null,
            "price_fair": 0,
            "eps_avg_yearly": 0,
            "eps_latest_yearly": 0,
            "eps_growth_yearly": 0
        },
        "20042": {
            "year_quarter": 20042,
            "year": 2004,
            "quarter": 2,
            "eps": 0.15,
            "eps_growth_year": null,
            "eps_4q": -1.86,
            "eps_4q_growth_year": null,
            "roe": 1.92,
            "roe_4q": -22.42,
            "gross_profit": 83395,
            "gross_margin": 32.36,
            "gross_margin_4q_avg": 15.1,
            "net_income": 29374,
            "net_income_4q": null,
            "revenue": 257732,
            "revenue_4q": null,
            "common_shares": 1977525,
            "book_valuer_per_share": 7.83,
            "book_valuer_per_share_4q_avg": 7.78,
            "equity": 1547733,
            "current_ratio": 161.29,
            "debt_ratio": 49.39,
            "inventory_turnover_ratio": 0.1,
            "account_receivable_turnover_ratio": null,
            "reinvestment_rate": null,
            "research_to_sale_ratio": null,
            "price_fair": 1.8,
            "eps_avg_yearly": 0.6,
            "eps_latest_yearly": 0.6,
            "eps_growth_yearly": -228.57
        },
        "20043": {
            "year_quarter": 20043,
            "year": 2004,
            "quarter": 3,
            "eps": 0.21,
            "eps_growth_year": null,
            "eps_4q": -2.07,
            "eps_4q_growth_year": null,
            "roe": 1.54,
            "roe_4q": -15.1,
            "gross_profit": 41650,
            "gross_margin": 34.31,
            "gross_margin_4q_avg": 23.53,
            "net_income": 24084,
            "net_income_4q": null,
            "revenue": 121406,
            "revenue_4q": null,
            "common_shares": 1186515,
            "book_valuer_per_share": 13.25,
            "book_valuer_per_share_4q_avg": 8.92,
            "equity": 1571817,
            "current_ratio": 141.88,
            "debt_ratio": 51.25,
            "inventory_turnover_ratio": 0.04,
            "account_receivable_turnover_ratio": null,
            "reinvestment_rate": null,
            "research_to_sale_ratio": null,
            "price_fair": 2.16,
            "eps_avg_yearly": 0.72,
            "eps_latest_yearly": 0.84,
            "eps_growth_yearly": -34.29
        },
        "20044": {
            "year_quarter": 20044,
            "year": 2004,
            "quarter": 4,
            "eps": 0.04,
            "eps_growth_year": null,
            "eps_4q": 1.03,
            "eps_4q_growth_year": null,
            "roe": 0.31,
            "roe_4q": 8.41,
            "gross_profit": 48197,
            "gross_margin": 31.24,
            "gross_margin_4q_avg": 30.31,
            "net_income": 4850,
            "net_income_4q": null,
            "revenue": 154280,
            "revenue_4q": null,
            "common_shares": 1169883,
            "book_valuer_per_share": 13.48,
            "book_valuer_per_share_4q_avg": 10.56,
            "equity": 1576667,
            "current_ratio": 138.78,
            "debt_ratio": 53.57,
            "inventory_turnover_ratio": 0.06,
            "account_receivable_turnover_ratio": null,
            "reinvestment_rate": null,
            "research_to_sale_ratio": null,
            "price_fair": 1.6,
            "eps_avg_yearly": 0.53,
            "eps_latest_yearly": 0.16,
            "eps_growth_yearly": -130.79
        },
        "20051": {
            "year_quarter": 20051,
            "year": 2005,
            "quarter": 1,
            "eps": 0.69,
            "eps_growth_year": 97.14,
            "eps_4q": 1.19,
            "eps_4q_growth_year": null,
            "roe": 4.98,
            "roe_4q": 8.75,
            "gross_profit": 116088,
            "gross_margin": 34.8,
            "gross_margin_4q_avg": 33.18,
            "net_income": 80472,
            "net_income_4q": null,
            "revenue": 333625,
            "revenue_4q": null,
            "common_shares": 1169883,
            "book_valuer_per_share": 14.16,
            "book_valuer_per_share_4q_avg": 12.18,
            "equity": 1657139,
            "current_ratio": 195.38,
            "debt_ratio": 50.17,
            "inventory_turnover_ratio": 0.11,
            "account_receivable_turnover_ratio": null,
            "reinvestment_rate": null,
            "research_to_sale_ratio": null,
            "price_fair": 38.15,
            "eps_avg_yearly": 1.09,
            "eps_latest_yearly": 2.76,
            "eps_growth_yearly": 1526.9
        },
        "20052": {
            "year_quarter": 20052,
            "year": 2005,
            "quarter": 2,
            "eps": -0.01,
            "eps_growth_year": -106.67,
            "eps_4q": 0.93,
            "eps_4q_growth_year": null,
            "roe": -0.07,
            "roe_4q": 6.76,
            "gross_profit": 34761,
            "gross_margin": 32.11,
            "gross_margin_4q_avg": 33.12,
            "net_income": -1189,
            "net_income_4q": null,
            "revenue": 108263,
            "revenue_4q": null,
            "common_shares": 1169883,
            "book_valuer_per_share": 14.15,
            "book_valuer_per_share_4q_avg": 13.76,
            "equity": 1655950,
            "current_ratio": 181,
            "debt_ratio": 52.89,
            "inventory_turnover_ratio": 0.04,
            "account_receivable_turnover_ratio": null,
            "reinvestment_rate": null,
            "research_to_sale_ratio": null,
            "price_fair": 38.15,
            "eps_avg_yearly": 1.09,
            "eps_latest_yearly": 2.76,
            "eps_growth_yearly": 1526.9
        },
        "20053": {
            "year_quarter": 20053,
            "year": 2005,
            "quarter": 3,
            "eps": 0.11,
            "eps_growth_year": -47.62,
            "eps_4q": 0.81,
            "eps_4q_growth_year": null,
            "roe": 0.79,
            "roe_4q": 6.01,
            "gross_profit": 40111,
            "gross_margin": 33.22,
            "gross_margin_4q_avg": 32.84,
            "net_income": 13129,
            "net_income_4q": null,
            "revenue": 120734,
            "revenue_4q": null,
            "common_shares": 1169883,
            "book_valuer_per_share": 14.27,
            "book_valuer_per_share_4q_avg": 14.02,
            "equity": 1669078,
            "current_ratio": 177.74,
            "debt_ratio": 53.59,
            "inventory_turnover_ratio": 0.04,
            "account_receivable_turnover_ratio": null,
            "reinvestment_rate": null,
            "research_to_sale_ratio": null,
            "price_fair": 38.15,
            "eps_avg_yearly": 1.09,
            "eps_latest_yearly": 2.76,
            "eps_growth_yearly": 1526.9
        },
        "20054": {
            "year_quarter": 20054,
            "year": 2005,
            "quarter": 4,
            "eps": 0.52,
            "eps_growth_year": 1200,
            "eps_4q": 1.32,
            "eps_4q_growth_year": 27.47,
            "roe": 3.53,
            "roe_4q": 9.23,
            "gross_profit": 53136,
            "gross_margin": 32.45,
            "gross_margin_4q_avg": 33.15,
            "net_income": 60423,
            "net_income_4q": null,
            "revenue": 163725,
            "revenue_4q": null,
            "common_shares": 1169883,
            "book_valuer_per_share": 14.78,
            "book_valuer_per_share_4q_avg": 14.34,
            "equity": 1752367,
            "current_ratio": 176.79,
            "debt_ratio": 53.76,
            "inventory_turnover_ratio": 0.05,
            "account_receivable_turnover_ratio": null,
            "reinvestment_rate": null,
            "research_to_sale_ratio": null,
            "price_fair": 45.08,
            "eps_avg_yearly": 1.29,
            "eps_latest_yearly": 2.08,
            "eps_growth_yearly": 1519.71
        },
        "20061": {
            "year_quarter": 20061,
            "year": 2006,
            "quarter": 1,
            "eps": 0.18,
            "eps_growth_year": -73.91,
            "eps_4q": 0.8,
            "eps_4q_growth_year": -33.13,
            "roe": 1.21,
            "roe_4q": 5.46,
            "gross_profit": 44658,
            "gross_margin": 35.05,
            "gross_margin_4q_avg": 33.21,
            "net_income": 21156,
            "net_income_4q": null,
            "revenue": 127396,
            "revenue_4q": null,
            "common_shares": 1169883,
            "book_valuer_per_share": 14.96,
            "book_valuer_per_share_4q_avg": 14.54,
            "equity": 1750658,
            "current_ratio": 164.25,
            "debt_ratio": 55.17,
            "inventory_turnover_ratio": 0.04,
            "account_receivable_turnover_ratio": null,
            "reinvestment_rate": null,
            "research_to_sale_ratio": null,
            "price_fair": 41.77,
            "eps_avg_yearly": 1.19,
            "eps_latest_yearly": 0.72,
            "eps_growth_yearly": 1222.83
        },
        "20062": {
            "year_quarter": 20062,
            "year": 2006,
            "quarter": 2,
            "eps": 0.12,
            "eps_growth_year": null,
            "eps_4q": 0.93,
            "eps_4q_growth_year": 0.83,
            "roe": 0.81,
            "roe_4q": 6.34,
            "gross_profit": 59476,
            "gross_margin": 37.86,
            "gross_margin_4q_avg": 34.65,
            "net_income": 13984,
            "net_income_4q": null,
            "revenue": 157090,
            "revenue_4q": null,
            "common_shares": 1169883,
            "book_valuer_per_share": 14.38,
            "book_valuer_per_share_4q_avg": 14.6,
            "equity": 1681835,
            "current_ratio": 144.39,
            "debt_ratio": 61.71,
            "inventory_turnover_ratio": 0.04,
            "account_receivable_turnover_ratio": null,
            "reinvestment_rate": null,
            "research_to_sale_ratio": null,
            "price_fair": 38.2,
            "eps_avg_yearly": 1.09,
            "eps_latest_yearly": 0.48,
            "eps_growth_yearly": 1029.09
        },
        "20063": {
            "year_quarter": 20063,
            "year": 2006,
            "quarter": 3,
            "eps": 0.76,
            "eps_growth_year": 590.91,
            "eps_4q": 1.59,
            "eps_4q_growth_year": 94.98,
            "roe": 5.08,
            "roe_4q": 10.63,
            "gross_profit": 109708,
            "gross_margin": 33.82,
            "gross_margin_4q_avg": 34.8,
            "net_income": 87624,
            "net_income_4q": null,
            "revenue": 324362,
            "revenue_4q": null,
            "common_shares": 1169883,
            "book_valuer_per_share": 15.13,
            "book_valuer_per_share_4q_avg": 14.81,
            "equity": 1769458,
            "current_ratio": 145.46,
            "debt_ratio": 61.58,
            "inventory_turnover_ratio": 0.08,
            "account_receivable_turnover_ratio": null,
            "reinvestment_rate": null,
            "research_to_sale_ratio": null,
            "price_fair": 46.73,
            "eps_avg_yearly": 1.34,
            "eps_latest_yearly": 3.04,
            "eps_growth_yearly": 1167.12
        },
        "20064": {
            "year_quarter": 20064,
            "year": 2006,
            "quarter": 4,
            "eps": 1.09,
            "eps_growth_year": 109.62,
            "eps_4q": 2.15,
            "eps_4q_growth_year": 63.39,
            "roe": 6.85,
            "roe_4q": 13.95,
            "gross_profit": 221743,
            "gross_margin": 32.77,
            "gross_margin_4q_avg": 34.88,
            "net_income": 126347,
            "net_income_4q": null,
            "revenue": 676583,
            "revenue_4q": null,
            "common_shares": 1169883,
            "book_valuer_per_share": 16.2,
            "book_valuer_per_share_4q_avg": 15.17,
            "equity": 1919796,
            "current_ratio": 161.66,
            "debt_ratio": 57.94,
            "inventory_turnover_ratio": 0.16,
            "account_receivable_turnover_ratio": null,
            "reinvestment_rate": null,
            "research_to_sale_ratio": null,
            "price_fair": 58.49,
            "eps_avg_yearly": 1.67,
            "eps_latest_yearly": 4.36,
            "eps_growth_yearly": 1056.74
        },
        "20071": {
            "year_quarter": 20071,
            "year": 2007,
            "quarter": 1,
            "eps": 0.2,
            "eps_growth_year": 11.11,
            "eps_4q": 2.15,
            "eps_4q_growth_year": 169.93,
            "roe": 1.22,
            "roe_4q": 13.96,
            "gross_profit": 82774,
            "gross_margin": 34.68,
            "gross_margin_4q_avg": 34.78,
            "net_income": 23407,
            "net_income_4q": null,
            "revenue": 238651,
            "revenue_4q": null,
            "common_shares": 1169883,
            "book_valuer_per_share": 16.4,
            "book_valuer_per_share_4q_avg": 15.53,
            "equity": 1919185,
            "current_ratio": 146.48,
            "debt_ratio": 62.1,
            "inventory_turnover_ratio": 0.05,
            "account_receivable_turnover_ratio": null,
            "reinvestment_rate": 930.06,
            "research_to_sale_ratio": null,
            "price_fair": 55.44,
            "eps_avg_yearly": 1.58,
            "eps_latest_yearly": 0.8,
            "eps_growth_yearly": 918.41
        },
        "20072": {
            "year_quarter": 20072,
            "year": 2007,
            "quarter": 2,
            "eps": 2.4,
            "eps_growth_year": 1900,
            "eps_4q": 4.45,
            "eps_4q_growth_year": 377.34,
            "roe": 13.81,
            "roe_4q": 26.96,
            "gross_profit": 334981,
            "gross_margin": 35.78,
            "gross_margin_4q_avg": 34.26,
            "net_income": 277609,
            "net_income_4q": null,
            "revenue": 936218,
            "revenue_4q": null,
            "common_shares": 1228377,
            "book_valuer_per_share": 17.12,
            "book_valuer_per_share_4q_avg": 16.21,
            "equity": 2102494,
            "current_ratio": 175.46,
            "debt_ratio": 63.29,
            "inventory_turnover_ratio": 0.16,
            "account_receivable_turnover_ratio": null,
            "reinvestment_rate": 78.82,
            "research_to_sale_ratio": null,
            "price_fair": 80.95,
            "eps_avg_yearly": 2.31,
            "eps_latest_yearly": 9.6,
            "eps_growth_yearly": 1234.92
        },
        "20073": {
            "year_quarter": 20073,
            "year": 2007,
            "quarter": 3,
            "eps": 1.03,
            "eps_growth_year": 35.53,
            "eps_4q": 4.48,
            "eps_4q_growth_year": 181.86,
            "roe": 5.43,
            "roe_4q": 27.310000000000002,
            "gross_profit": 113229,
            "gross_margin": 34.95,
            "gross_margin_4q_avg": 34.55,
            "net_income": 127652,
            "net_income_4q": null,
            "revenue": 323969,
            "revenue_4q": null,
            "common_shares": 1357143,
            "book_valuer_per_share": 19.13,
            "book_valuer_per_share_4q_avg": 17.21,
            "equity": 2596414,
            "current_ratio": 166.53,
            "debt_ratio": 59.96,
            "inventory_turnover_ratio": 0.05,
            "account_receivable_turnover_ratio": null,
            "reinvestment_rate": 48.54,
            "research_to_sale_ratio": null,
            "price_fair": 86.22,
            "eps_avg_yearly": 2.46,
            "eps_latest_yearly": 4.12,
            "eps_growth_yearly": 1112.98
        },
        "20074": {
            "year_quarter": 20074,
            "year": 2007,
            "quarter": 4,
            "eps": 0.15,
            "eps_growth_year": -86.24,
            "eps_4q": 3.49,
            "eps_4q_growth_year": 62.48,
            "roe": 0.71,
            "roe_4q": 21.169999999999998,
            "gross_profit": 140747,
            "gross_margin": 31.59,
            "gross_margin_4q_avg": 34.25,
            "net_income": 19241,
            "net_income_4q": null,
            "revenue": 445565,
            "revenue_4q": null,
            "common_shares": 1440990,
            "book_valuer_per_share": 19.39,
            "book_valuer_per_share_4q_avg": 18.01,
            "equity": 2818558,
            "current_ratio": 178.31,
            "debt_ratio": 54.9,
            "inventory_turnover_ratio": 0.07,
            "account_receivable_turnover_ratio": null,
            "reinvestment_rate": 41.96,
            "research_to_sale_ratio": null,
            "price_fair": 81.2,
            "eps_avg_yearly": 2.32,
            "eps_latest_yearly": 0.6,
            "eps_growth_yearly": 1001.08
        },
        "20081": {
            "year_quarter": 20081,
            "year": 2008,
            "quarter": 1,
            "eps": 2.12,
            "eps_growth_year": 960,
            "eps_4q": 5.06,
            "eps_4q_growth_year": 135.45,
            "roe": 10.33,
            "roe_4q": 30.28,
            "gross_profit": 528142,
            "gross_margin": 39.3,
            "gross_margin_4q_avg": 35.41,
            "net_income": 306274,
            "net_income_4q": null,
            "revenue": 1343852,
            "revenue_4q": null,
            "common_shares": 1442851,
            "book_valuer_per_share": 21.38,
            "book_valuer_per_share_4q_avg": 19.26,
            "equity": 3110622,
            "current_ratio": 229.08,
            "debt_ratio": 44.82,
            "inventory_turnover_ratio": 0.22,
            "account_receivable_turnover_ratio": null,
            "reinvestment_rate": 33.24,
            "research_to_sale_ratio": null,
            "price_fair": 96.6,
            "eps_avg_yearly": 2.76,
            "eps_latest_yearly": 8.48,
            "eps_growth_yearly": 1304.81
        },
        "20082": {
            "year_quarter": 20082,
            "year": 2008,
            "quarter": 2,
            "eps": 0.04,
            "eps_growth_year": -98.33,
            "eps_4q": 2.96,
            "eps_4q_growth_year": -33.43,
            "roe": 0.21,
            "roe_4q": 16.68,
            "gross_profit": 62172,
            "gross_margin": 31.13,
            "gross_margin_4q_avg": 34.24,
            "net_income": 6197,
            "net_income_4q": null,
            "revenue": 199707,
            "revenue_4q": null,
            "common_shares": 1442930,
            "book_valuer_per_share": 19.16,
            "book_valuer_per_share_4q_avg": 19.77,
            "equity": 2844494,
            "current_ratio": 229.66,
            "debt_ratio": 43.84,
            "inventory_turnover_ratio": 0.04,
            "account_receivable_turnover_ratio": null,
            "reinvestment_rate": 27.7,
            "research_to_sale_ratio": null,
            "price_fair": 95.5,
            "eps_avg_yearly": 2.73,
            "eps_latest_yearly": 0.16,
            "eps_growth_yearly": 1293.1
        },
        "20083": {
            "year_quarter": 20083,
            "year": 2008,
            "quarter": 3,
            "eps": 0.04,
            "eps_growth_year": -96.12,
            "eps_4q": 2.32,
            "eps_4q_growth_year": -48.18,
            "roe": 0.2,
            "roe_4q": 11.45,
            "gross_profit": 79694,
            "gross_margin": 20.35,
            "gross_margin_4q_avg": 30.59,
            "net_income": 5813,
            "net_income_4q": null,
            "revenue": 391582,
            "revenue_4q": null,
            "common_shares": 1442930,
            "book_valuer_per_share": 19.22,
            "book_valuer_per_share_4q_avg": 19.79,
            "equity": 2855987,
            "current_ratio": 196.87,
            "debt_ratio": 46.72,
            "inventory_turnover_ratio": 0.1,
            "account_receivable_turnover_ratio": null,
            "reinvestment_rate": 8.22,
            "research_to_sale_ratio": null,
            "price_fair": 93.8,
            "eps_avg_yearly": 2.68,
            "eps_latest_yearly": 0.16,
            "eps_growth_yearly": 1281.67
        },
        "20084": {
            "year_quarter": 20084,
            "year": 2008,
            "quarter": 4,
            "eps": 0.23,
            "eps_growth_year": 53.33,
            "eps_4q": 2.74,
            "eps_4q_growth_year": -21.41,
            "roe": 1.02,
            "roe_4q": 11.76,
            "gross_profit": 134844,
            "gross_margin": 28.08,
            "gross_margin_4q_avg": 29.72,
            "net_income": 29427,
            "net_income_4q": null,
            "revenue": 480253,
            "revenue_4q": null,
            "common_shares": 1442930,
            "book_valuer_per_share": 19.53,
            "book_valuer_per_share_4q_avg": 19.82,
            "equity": 2898983,
            "current_ratio": 205.12,
            "debt_ratio": 46,
            "inventory_turnover_ratio": 0.1,
            "account_receivable_turnover_ratio": 57.1,
            "reinvestment_rate": 8.04,
            "research_to_sale_ratio": null,
            "price_fair": 95.7,
            "eps_avg_yearly": 2.73,
            "eps_latest_yearly": 0.92,
            "eps_growth_yearly": 1440.52
        },
        "20091": {
            "year_quarter": 20091,
            "year": 2009,
            "quarter": 1,
            "eps": 1.56,
            "eps_growth_year": -26.42,
            "eps_4q": 1.88,
            "eps_4q_growth_year": -62.9,
            "roe": 7.36,
            "roe_4q": 8.790000000000001,
            "gross_profit": 43238,
            "gross_margin": 20.99,
            "gross_margin_4q_avg": 25.14,
            "net_income": 221488,
            "net_income_4q": null,
            "revenue": 205995,
            "revenue_4q": null,
            "common_shares": 1442930,
            "book_valuer_per_share": 21.08,
            "book_valuer_per_share_4q_avg": 19.75,
            "equity": 3122328,
            "current_ratio": 216.89,
            "debt_ratio": 43.91,
            "inventory_turnover_ratio": 0.05,
            "account_receivable_turnover_ratio": 8.61,
            "reinvestment_rate": 8.23,
            "research_to_sale_ratio": null,
            "price_fair": 104.4,
            "eps_avg_yearly": 2.98,
            "eps_latest_yearly": 6.24,
            "eps_growth_yearly": 1141.45
        },
        "20092": {
            "year_quarter": 20092,
            "year": 2009,
            "quarter": 2,
            "eps": 0.35,
            "eps_growth_year": 775,
            "eps_4q": 2.17,
            "eps_4q_growth_year": -26.78,
            "roe": 1.64,
            "roe_4q": 10.219999999999999,
            "gross_profit": 94125,
            "gross_margin": 31.98,
            "gross_margin_4q_avg": 25.35,
            "net_income": 50002,
            "net_income_4q": null,
            "revenue": 294333,
            "revenue_4q": null,
            "common_shares": 1444920,
            "book_valuer_per_share": 20.05,
            "book_valuer_per_share_4q_avg": 19.97,
            "equity": 2976061,
            "current_ratio": 189.96,
            "debt_ratio": 48.46,
            "inventory_turnover_ratio": 0.05,
            "account_receivable_turnover_ratio": 15.5,
            "reinvestment_rate": 8.67,
            "research_to_sale_ratio": null,
            "price_fair": 100.71,
            "eps_avg_yearly": 2.88,
            "eps_latest_yearly": 1.4,
            "eps_growth_yearly": 1044.67
        },
        "20093": {
            "year_quarter": 20093,
            "year": 2009,
            "quarter": 3,
            "eps": 0.47,
            "eps_growth_year": 1075,
            "eps_4q": 2.62,
            "eps_4q_growth_year": 12.99,
            "roe": 2.21,
            "roe_4q": 12.23,
            "gross_profit": 125090,
            "gross_margin": 22.05,
            "gross_margin_4q_avg": 25.78,
            "net_income": 66445,
            "net_income_4q": null,
            "revenue": 567401,
            "revenue_4q": null,
            "common_shares": 1446049,
            "book_valuer_per_share": 20.5,
            "book_valuer_per_share_4q_avg": 20.29,
            "equity": 3042896,
            "current_ratio": 187.57,
            "debt_ratio": 49.38,
            "inventory_turnover_ratio": 0.11,
            "account_receivable_turnover_ratio": 162.7,
            "reinvestment_rate": 9.9,
            "research_to_sale_ratio": null,
            "price_fair": 98.53,
            "eps_avg_yearly": 2.82,
            "eps_latest_yearly": 1.88,
            "eps_growth_yearly": 987.95
        },
        "20094": {
            "year_quarter": 20094,
            "year": 2009,
            "quarter": 4,
            "eps": 0.21,
            "eps_growth_year": -8.7,
            "eps_4q": 2.49,
            "eps_4q_growth_year": -9.43,
            "roe": 0.98,
            "roe_4q": 12.190000000000001,
            "gross_profit": 88192,
            "gross_margin": 28.99,
            "gross_margin_4q_avg": 26,
            "net_income": 30553,
            "net_income_4q": null,
            "revenue": 304208,
            "revenue_4q": null,
            "common_shares": 1500385,
            "book_valuer_per_share": 20.92,
            "book_valuer_per_share_4q_avg": 20.64,
            "equity": 3174570,
            "current_ratio": 189.39,
            "debt_ratio": 49.21,
            "inventory_turnover_ratio": 0.05,
            "account_receivable_turnover_ratio": 41.7,
            "reinvestment_rate": 9.33,
            "research_to_sale_ratio": null,
            "price_fair": 95.81,
            "eps_avg_yearly": 2.74,
            "eps_latest_yearly": 0.84,
            "eps_growth_yearly": 880.94
        },
        "20101": {
            "year_quarter": 20101,
            "year": 2010,
            "quarter": 1,
            "eps": 0.84,
            "eps_growth_year": -46.15,
            "eps_4q": 1.82,
            "eps_4q_growth_year": -2.96,
            "roe": 3.87,
            "roe_4q": 8.7,
            "gross_profit": 212712,
            "gross_margin": 32.88,
            "gross_margin_4q_avg": 28.98,
            "net_income": 125919,
            "net_income_4q": null,
            "revenue": 646842,
            "revenue_4q": null,
            "common_shares": 1515726,
            "book_valuer_per_share": 21.74,
            "book_valuer_per_share_4q_avg": 20.8,
            "equity": 3329278,
            "current_ratio": 189.36,
            "debt_ratio": 49.69,
            "inventory_turnover_ratio": 0.1,
            "account_receivable_turnover_ratio": 51.97,
            "reinvestment_rate": 15.27,
            "research_to_sale_ratio": null,
            "price_fair": 101.59,
            "eps_avg_yearly": 2.9,
            "eps_latest_yearly": 3.36,
            "eps_growth_yearly": 972.28
        },
        "20102": {
            "year_quarter": 20102,
            "year": 2010,
            "quarter": 2,
            "eps": -0.1,
            "eps_growth_year": -128.56,
            "eps_4q": 1.39,
            "eps_4q_growth_year": -36.12,
            "roe": -0.46,
            "roe_4q": 6.6000000000000005,
            "gross_profit": 142086,
            "gross_margin": 35.23,
            "gross_margin_4q_avg": 29.79,
            "net_income": -14893,
            "net_income_4q": null,
            "revenue": 403285,
            "revenue_4q": null,
            "common_shares": 1516649,
            "book_valuer_per_share": 20.36,
            "book_valuer_per_share_4q_avg": 20.88,
            "equity": 3138072,
            "current_ratio": 331.99,
            "debt_ratio": 46.75,
            "inventory_turnover_ratio": 0.07,
            "account_receivable_turnover_ratio": 38.36,
            "reinvestment_rate": 16.32,
            "research_to_sale_ratio": null,
            "price_fair": 107.24,
            "eps_avg_yearly": 3.06,
            "eps_latest_yearly": 3.36,
            "eps_growth_yearly": 1045.99
        },
        "20103": {
            "year_quarter": 20103,
            "year": 2010,
            "quarter": 3,
            "eps": 0.12,
            "eps_growth_year": -74.74,
            "eps_4q": 1.06,
            "eps_4q_growth_year": -59.51,
            "roe": 0.61,
            "roe_4q": 5,
            "gross_profit": 36348,
            "gross_margin": 22.58,
            "gross_margin_4q_avg": 29.92,
            "net_income": 19356,
            "net_income_4q": null,
            "revenue": 160988,
            "revenue_4q": null,
            "common_shares": 1516649,
            "book_valuer_per_share": 20.5,
            "book_valuer_per_share_4q_avg": 20.88,
            "equity": 3197057,
            "current_ratio": 271.15,
            "debt_ratio": 50.47,
            "inventory_turnover_ratio": 0.03,
            "account_receivable_turnover_ratio": 30.02,
            "reinvestment_rate": 66.91,
            "research_to_sale_ratio": null,
            "price_fair": 107.3,
            "eps_avg_yearly": 3.07,
            "eps_latest_yearly": 3.36,
            "eps_growth_yearly": 968.32
        },
        "20104": {
            "year_quarter": 20104,
            "year": 2010,
            "quarter": 4,
            "eps": 1.74,
            "eps_growth_year": 727.09,
            "eps_4q": 2.59,
            "eps_4q_growth_year": 4.06,
            "roe": 7.75,
            "roe_4q": 11.77,
            "gross_profit": 321311,
            "gross_margin": 43.28,
            "gross_margin_4q_avg": 33.49,
            "net_income": 262882,
            "net_income_4q": null,
            "revenue": 742405,
            "revenue_4q": null,
            "common_shares": 1512975,
            "book_valuer_per_share": 22.28,
            "book_valuer_per_share_4q_avg": 21.22,
            "equity": 3585201,
            "current_ratio": 250.94,
            "debt_ratio": 50.82,
            "inventory_turnover_ratio": 0.11,
            "account_receivable_turnover_ratio": 150.6,
            "reinvestment_rate": 56.78,
            "research_to_sale_ratio": null,
            "price_fair": 113.8,
            "eps_avg_yearly": 3.25,
            "eps_latest_yearly": 6.96,
            "eps_growth_yearly": 1341.63
        },
        "20111": {
            "year_quarter": 20111,
            "year": 2011,
            "quarter": 1,
            "eps": 0.77,
            "eps_growth_year": -8.33,
            "eps_4q": 2.52,
            "eps_4q_growth_year": 38.2,
            "roe": 3.2,
            "roe_4q": 11.099999999999998,
            "gross_profit": 261989,
            "gross_margin": 42.8,
            "gross_margin_4q_avg": 35.97,
            "net_income": 116315,
            "net_income_4q": null,
            "revenue": 612088,
            "revenue_4q": null,
            "common_shares": 1517520,
            "book_valuer_per_share": 22.84,
            "book_valuer_per_share_4q_avg": 21.5,
            "equity": 3675075,
            "current_ratio": 213.88,
            "debt_ratio": 51.58,
            "inventory_turnover_ratio": 0.08,
            "account_receivable_turnover_ratio": 110.99,
            "reinvestment_rate": 54.89,
            "research_to_sale_ratio": null,
            "price_fair": 119.5,
            "eps_avg_yearly": 3.41,
            "eps_latest_yearly": 3.08,
            "eps_growth_yearly": 1349.03
        },
        "20112": {
            "year_quarter": 20112,
            "year": 2011,
            "quarter": 2,
            "eps": 0.82,
            "eps_growth_year": null,
            "eps_4q": 3.43,
            "eps_4q_growth_year": 147.7,
            "roe": 3.48,
            "roe_4q": 15.04,
            "gross_profit": 198159,
            "gross_margin": 40.48,
            "gross_margin_4q_avg": 37.29,
            "net_income": 124708,
            "net_income_4q": null,
            "revenue": 489469,
            "revenue_4q": null,
            "common_shares": 1517520,
            "book_valuer_per_share": 21.62,
            "book_valuer_per_share_4q_avg": 21.81,
            "equity": 3487922,
            "current_ratio": 189.65,
            "debt_ratio": 56.25,
            "inventory_turnover_ratio": 0.06,
            "account_receivable_turnover_ratio": 92.77,
            "reinvestment_rate": 59.86,
            "research_to_sale_ratio": null,
            "price_fair": 103.7,
            "eps_avg_yearly": 2.96,
            "eps_latest_yearly": 3.28,
            "eps_growth_yearly": 1036.6
        },
        "20113": {
            "year_quarter": 20113,
            "year": 2011,
            "quarter": 3,
            "eps": 0.54,
            "eps_growth_year": 358.36,
            "eps_4q": 3.86,
            "eps_4q_growth_year": 263.64,
            "roe": 2.34,
            "roe_4q": 16.77,
            "gross_profit": 222692,
            "gross_margin": 36.31,
            "gross_margin_4q_avg": 40.72,
            "net_income": 82766,
            "net_income_4q": null,
            "revenue": 613365,
            "revenue_4q": null,
            "common_shares": 1517520,
            "book_valuer_per_share": 22.19,
            "book_valuer_per_share_4q_avg": 22.23,
            "equity": 3582445,
            "current_ratio": 177.94,
            "debt_ratio": 46.42,
            "inventory_turnover_ratio": 0.09,
            "account_receivable_turnover_ratio": 33.49,
            "reinvestment_rate": 59.69,
            "research_to_sale_ratio": null,
            "price_fair": 98.8,
            "eps_avg_yearly": 2.82,
            "eps_latest_yearly": 2.16,
            "eps_growth_yearly": 1043.16
        },
        "20114": {
            "year_quarter": 20114,
            "year": 2011,
            "quarter": 4,
            "eps": 0.47,
            "eps_growth_year": -73.2,
            "eps_4q": 2.59,
            "eps_4q_growth_year": 0.32,
            "roe": 1.95,
            "roe_4q": 10.969999999999999,
            "gross_profit": 163224,
            "gross_margin": 39.94,
            "gross_margin_4q_avg": 39.88,
            "net_income": 70825,
            "net_income_4q": null,
            "revenue": 408697,
            "revenue_4q": null,
            "common_shares": 1517520,
            "book_valuer_per_share": 22.65,
            "book_valuer_per_share_4q_avg": 22.33,
            "equity": 3670132,
            "current_ratio": 179.6,
            "debt_ratio": 47.74,
            "inventory_turnover_ratio": 0.06,
            "account_receivable_turnover_ratio": 27.12,
            "reinvestment_rate": 54.15,
            "research_to_sale_ratio": null,
            "price_fair": 102,
            "eps_avg_yearly": 2.91,
            "eps_latest_yearly": 1.88,
            "eps_growth_yearly": 1063.86
        },
        "20121": {
            "year_quarter": 20121,
            "year": 2012,
            "quarter": 1,
            "eps": 1.14,
            "eps_growth_year": 48.05,
            "eps_4q": 2.97,
            "eps_4q_growth_year": 17.96,
            "roe": 4.61,
            "roe_4q": 12.38,
            "gross_profit": 252500,
            "gross_margin": 47.01,
            "gross_margin_4q_avg": 40.94,
            "net_income": 173073,
            "net_income_4q": null,
            "revenue": 537119,
            "revenue_4q": null,
            "common_shares": 1517520,
            "book_valuer_per_share": 23.76,
            "book_valuer_per_share_4q_avg": 22.56,
            "equity": 3834561,
            "current_ratio": 177.93,
            "debt_ratio": 48.72,
            "inventory_turnover_ratio": 0.06,
            "account_receivable_turnover_ratio": 38.26,
            "reinvestment_rate": 5.87,
            "research_to_sale_ratio": null,
            "price_fair": 92.2,
            "eps_avg_yearly": 2.63,
            "eps_latest_yearly": 4.56,
            "eps_growth_yearly": 729.35
        },
        "20122": {
            "year_quarter": 20122,
            "year": 2012,
            "quarter": 2,
            "eps": 0.08,
            "eps_growth_year": -90.6,
            "eps_4q": 2.23,
            "eps_4q_growth_year": -35.17,
            "roe": 0.35,
            "roe_4q": 9.25,
            "gross_profit": 184838,
            "gross_margin": 38.36,
            "gross_margin_4q_avg": 40.41,
            "net_income": 12767,
            "net_income_4q": null,
            "revenue": 481897,
            "revenue_4q": null,
            "common_shares": 1517520,
            "book_valuer_per_share": 21.82,
            "book_valuer_per_share_4q_avg": 22.61,
            "equity": 3543485,
            "current_ratio": 161.33,
            "debt_ratio": 53.24,
            "inventory_turnover_ratio": 0.07,
            "account_receivable_turnover_ratio": 29.04,
            "reinvestment_rate": 63.78,
            "research_to_sale_ratio": null,
            "price_fair": 92.6,
            "eps_avg_yearly": 2.65,
            "eps_latest_yearly": 0.32,
            "eps_growth_yearly": 730.82
        },
        "20123": {
            "year_quarter": 20123,
            "year": 2012,
            "quarter": 3,
            "eps": 0.34,
            "eps_growth_year": -38.24,
            "eps_4q": 2.02,
            "eps_4q_growth_year": -47.73,
            "roe": 1.43,
            "roe_4q": 8.34,
            "gross_profit": 175994,
            "gross_margin": 56.72,
            "gross_margin_4q_avg": 45.51,
            "net_income": 51018,
            "net_income_4q": null,
            "revenue": 310301,
            "revenue_4q": null,
            "common_shares": 1517520,
            "book_valuer_per_share": 22.17,
            "book_valuer_per_share_4q_avg": 22.6,
            "equity": 3594285,
            "current_ratio": 248.93,
            "debt_ratio": 33.59,
            "inventory_turnover_ratio": 0.04,
            "account_receivable_turnover_ratio": 61.26,
            "reinvestment_rate": 63.37,
            "research_to_sale_ratio": null,
            "price_fair": 95.6,
            "eps_avg_yearly": 2.73,
            "eps_latest_yearly": 1.36,
            "eps_growth_yearly": 823.68
        },
        "20124": {
            "year_quarter": 20124,
            "year": 2012,
            "quarter": 4,
            "eps": -0.04,
            "eps_growth_year": -107.54,
            "eps_4q": 1.52,
            "eps_4q_growth_year": -41.52,
            "roe": -0.16,
            "roe_4q": 6.23,
            "gross_profit": 39542,
            "gross_margin": 42.95,
            "gross_margin_4q_avg": 46.26,
            "net_income": -5739,
            "net_income_4q": null,
            "revenue": 92065,
            "revenue_4q": null,
            "common_shares": 1517520,
            "book_valuer_per_share": 22.09,
            "book_valuer_per_share_4q_avg": 22.46,
            "equity": 3585502,
            "current_ratio": 249.11,
            "debt_ratio": 33.46,
            "inventory_turnover_ratio": 0.02,
            "account_receivable_turnover_ratio": 21.33,
            "reinvestment_rate": 65.83,
            "research_to_sale_ratio": null,
            "price_fair": 100.48,
            "eps_avg_yearly": 2.87,
            "eps_latest_yearly": 1.36,
            "eps_growth_yearly": 740.88
        },
        "20131": {
            "year_quarter": 20131,
            "year": 2013,
            "quarter": 1,
            "eps": -0.1,
            "eps_growth_year": -108.77,
            "eps_4q": 0.28,
            "eps_4q_growth_year": -90.72,
            "roe": -0.55,
            "roe_4q": 1.0699999999999998,
            "gross_profit": 41840,
            "gross_margin": 42.87,
            "gross_margin_4q_avg": 45.23,
            "net_income": -19847,
            "net_income_4q": null,
            "revenue": 97601,
            "revenue_4q": null,
            "common_shares": 1517520,
            "book_valuer_per_share": 21.92,
            "book_valuer_per_share_4q_avg": 22,
            "equity": 3589988,
            "current_ratio": 236.35,
            "debt_ratio": 35.52,
            "inventory_turnover_ratio": 0.03,
            "account_receivable_turnover_ratio": 18.25,
            "reinvestment_rate": -49.86,
            "research_to_sale_ratio": null,
            "price_fair": 90.65,
            "eps_avg_yearly": 2.59,
            "eps_latest_yearly": 1.36,
            "eps_growth_yearly": 609.87
        },
        "20132": {
            "year_quarter": 20132,
            "year": 2013,
            "quarter": 2,
            "eps": -0.36,
            "eps_growth_year": -567.73,
            "eps_4q": -0.16,
            "eps_4q_growth_year": -107.41,
            "roe": -1.75,
            "roe_4q": -1.03,
            "gross_profit": 48097,
            "gross_margin": 41.49,
            "gross_margin_4q_avg": 46.01,
            "net_income": -60958,
            "net_income_4q": null,
            "revenue": 115914,
            "revenue_4q": null,
            "common_shares": 1517520,
            "book_valuer_per_share": 20.53,
            "book_valuer_per_share_4q_avg": 21.68,
            "equity": 3374743,
            "current_ratio": 259.94,
            "debt_ratio": 34.97,
            "inventory_turnover_ratio": 0.03,
            "account_receivable_turnover_ratio": 34.88,
            "reinvestment_rate": -56.31,
            "research_to_sale_ratio": null,
            "price_fair": 94.44,
            "eps_avg_yearly": 2.7,
            "eps_latest_yearly": 1.36,
            "eps_growth_yearly": 693.52
        },
        "20133": {
            "year_quarter": 20133,
            "year": 2013,
            "quarter": 3,
            "eps": 3.27,
            "eps_growth_year": 873.09,
            "eps_4q": 2.77,
            "eps_4q_growth_year": 37.29,
            "roe": 14.47,
            "roe_4q": 12.01,
            "gross_profit": 47992,
            "gross_margin": 43.25,
            "gross_margin_4q_avg": 42.64,
            "net_income": 526121,
            "net_income_4q": null,
            "revenue": 110966,
            "revenue_4q": null,
            "common_shares": 1517520,
            "book_valuer_per_share": 23.79,
            "book_valuer_per_share_4q_avg": 22.08,
            "equity": 3898144,
            "current_ratio": 325.99,
            "debt_ratio": 27.87,
            "inventory_turnover_ratio": 0.03,
            "account_receivable_turnover_ratio": 41.97,
            "reinvestment_rate": -41.08,
            "research_to_sale_ratio": null,
            "price_fair": 97.3,
            "eps_avg_yearly": 2.78,
            "eps_latest_yearly": 1.36,
            "eps_growth_yearly": 749.16
        },
        "20134": {
            "year_quarter": 20134,
            "year": 2013,
            "quarter": 4,
            "eps": -0.2,
            "eps_growth_year": null,
            "eps_4q": 2.61,
            "eps_4q_growth_year": 72,
            "roe": -0.78,
            "roe_4q": 11.39,
            "gross_profit": 13666,
            "gross_margin": 40.52,
            "gross_margin_4q_avg": 42.03,
            "net_income": -30458,
            "net_income_4q": null,
            "revenue": 33723,
            "revenue_4q": null,
            "common_shares": 1517520,
            "book_valuer_per_share": 23.64,
            "book_valuer_per_share_4q_avg": 22.47,
            "equity": 3873296,
            "current_ratio": 303.36,
            "debt_ratio": 29.98,
            "inventory_turnover_ratio": 0.01,
            "account_receivable_turnover_ratio": 13.45,
            "reinvestment_rate": -58.01,
            "research_to_sale_ratio": null,
            "price_fair": 104.84,
            "eps_avg_yearly": 3,
            "eps_latest_yearly": 1.36,
            "eps_growth_yearly": 856.98
        },
        "20141": {
            "year_quarter": 20141,
            "year": 2014,
            "quarter": 1,
            "eps": -0.16,
            "eps_growth_year": null,
            "eps_4q": 2.55,
            "eps_4q_growth_year": 825.95,
            "roe": -0.65,
            "roe_4q": 11.290000000000001,
            "gross_profit": 3509,
            "gross_margin": 36.5,
            "gross_margin_4q_avg": 40.44,
            "net_income": -25072,
            "net_income_4q": null,
            "revenue": 9613,
            "revenue_4q": null,
            "common_shares": 1517520,
            "book_valuer_per_share": 23.53,
            "book_valuer_per_share_4q_avg": 22.87,
            "equity": 3860820,
            "current_ratio": 273.35,
            "debt_ratio": 33.4,
            "inventory_turnover_ratio": 0,
            "account_receivable_turnover_ratio": 4.6,
            "reinvestment_rate": -63.46,
            "research_to_sale_ratio": null,
            "price_fair": 103.25,
            "eps_avg_yearly": 2.95,
            "eps_latest_yearly": 1.36,
            "eps_growth_yearly": 814.1
        },
        "20142": {
            "year_quarter": 20142,
            "year": 2014,
            "quarter": 2,
            "eps": -0.22,
            "eps_growth_year": null,
            "eps_4q": 2.7,
            "eps_4q_growth_year": null,
            "roe": -0.9,
            "roe_4q": 12.14,
            "gross_profit": 2615,
            "gross_margin": 35.23,
            "gross_margin_4q_avg": 38.88,
            "net_income": -33194,
            "net_income_4q": null,
            "revenue": 7423,
            "revenue_4q": null,
            "common_shares": 1517520,
            "book_valuer_per_share": 21.77,
            "book_valuer_per_share_4q_avg": 23.18,
            "equity": 3529610,
            "current_ratio": 208.53,
            "debt_ratio": 44.52,
            "inventory_turnover_ratio": 0,
            "account_receivable_turnover_ratio": 2.05,
            "reinvestment_rate": -65.32,
            "research_to_sale_ratio": null,
            "price_fair": 103.25,
            "eps_avg_yearly": 2.95,
            "eps_latest_yearly": 1.36,
            "eps_growth_yearly": 814.1
        },
        "20143": {
            "year_quarter": 20143,
            "year": 2014,
            "quarter": 3,
            "eps": -0.52,
            "eps_growth_year": -115.9,
            "eps_4q": -1.1,
            "eps_4q_growth_year": -139.55,
            "roe": -2.31,
            "roe_4q": -4.64,
            "gross_profit": 3617,
            "gross_margin": 46.13,
            "gross_margin_4q_avg": 39.6,
            "net_income": -80803,
            "net_income_4q": null,
            "revenue": 7841,
            "revenue_4q": null,
            "common_shares": 1517520,
            "book_valuer_per_share": 21.25,
            "book_valuer_per_share_4q_avg": 22.55,
            "equity": 3452876,
            "current_ratio": 194.07,
            "debt_ratio": 47.99,
            "inventory_turnover_ratio": 0,
            "account_receivable_turnover_ratio": 0.93,
            "reinvestment_rate": -132.88,
            "research_to_sale_ratio": null,
            "price_fair": 103.25,
            "eps_avg_yearly": 2.95,
            "eps_latest_yearly": 1.36,
            "eps_growth_yearly": 814.1
        },
        "20144": {
            "year_quarter": 20144,
            "year": 2014,
            "quarter": 4,
            "eps": -0.44,
            "eps_growth_year": null,
            "eps_4q": -1.34,
            "eps_4q_growth_year": -151.23,
            "roe": -1.96,
            "roe_4q": -5.82,
            "gross_profit": 7015,
            "gross_margin": 59.89,
            "gross_margin_4q_avg": 44.44,
            "net_income": -67350,
            "net_income_4q": null,
            "revenue": 11713,
            "revenue_4q": null,
            "common_shares": 1517520,
            "book_valuer_per_share": 20.97,
            "book_valuer_per_share_4q_avg": 21.88,
            "equity": 3415964,
            "current_ratio": 171.05,
            "debt_ratio": 55.03,
            "inventory_turnover_ratio": 0,
            "account_receivable_turnover_ratio": 1.53,
            "reinvestment_rate": -193.5,
            "research_to_sale_ratio": null,
            "price_fair": 83.2,
            "eps_avg_yearly": 2.38,
            "eps_latest_yearly": 1.36,
            "eps_growth_yearly": 158.98
        },
        "20151": {
            "year_quarter": 20151,
            "year": 2015,
            "quarter": 1,
            "eps": -0.37,
            "eps_growth_year": null,
            "eps_4q": -1.54,
            "eps_4q_growth_year": -160.54,
            "roe": -1.66,
            "roe_4q": -6.83,
            "gross_profit": 5292,
            "gross_margin": 46.36,
            "gross_margin_4q_avg": 46.9,
            "net_income": -56634,
            "net_income_4q": null,
            "revenue": 11414,
            "revenue_4q": null,
            "common_shares": 1517520,
            "book_valuer_per_share": 20.57,
            "book_valuer_per_share_4q_avg": 21.14,
            "equity": 3388895,
            "current_ratio": 156.74,
            "debt_ratio": 60.33,
            "inventory_turnover_ratio": 0,
            "account_receivable_turnover_ratio": 2.77,
            "reinvestment_rate": -229.06,
            "research_to_sale_ratio": null,
            "price_fair": 79.1,
            "eps_avg_yearly": 2.26,
            "eps_latest_yearly": 1.36,
            "eps_growth_yearly": 222.64
        },
        "20152": {
            "year_quarter": 20152,
            "year": 2015,
            "quarter": 2,
            "eps": -0.37,
            "eps_growth_year": null,
            "eps_4q": -1.7,
            "eps_4q_growth_year": -162.96,
            "roe": -1.76,
            "roe_4q": -7.6899999999999995,
            "gross_profit": 8764,
            "gross_margin": 18.29,
            "gross_margin_4q_avg": 42.67,
            "net_income": -57309,
            "net_income_4q": null,
            "revenue": 47909,
            "revenue_4q": null,
            "common_shares": 1517520,
            "book_valuer_per_share": 18.92,
            "book_valuer_per_share_4q_avg": 20.43,
            "equity": 3135018,
            "current_ratio": 147.4,
            "debt_ratio": 64.19,
            "inventory_turnover_ratio": 0.01,
            "account_receivable_turnover_ratio": 1.48,
            "reinvestment_rate": -315.6,
            "research_to_sale_ratio": null,
            "price_fair": 71.96,
            "eps_avg_yearly": 2.06,
            "eps_latest_yearly": 1.36,
            "eps_growth_yearly": 261.97
        },
        "20153": {
            "year_quarter": 20153,
            "year": 2015,
            "quarter": 3,
            "eps": 0.37,
            "eps_growth_year": null,
            "eps_4q": -0.81,
            "eps_4q_growth_year": null,
            "roe": 1.69,
            "roe_4q": -3.69,
            "gross_profit": 123143,
            "gross_margin": 46.21,
            "gross_margin_4q_avg": 42.69,
            "net_income": 53840,
            "net_income_4q": null,
            "revenue": 266483,
            "revenue_4q": null,
            "common_shares": 1517520,
            "book_valuer_per_share": 19.58,
            "book_valuer_per_share_4q_avg": 20.01,
            "equity": 3244733,
            "current_ratio": 145.56,
            "debt_ratio": 65.35,
            "inventory_turnover_ratio": 0.02,
            "account_receivable_turnover_ratio": 4.99,
            "reinvestment_rate": -329.67,
            "research_to_sale_ratio": null,
            "price_fair": 71.05,
            "eps_avg_yearly": 2.03,
            "eps_latest_yearly": 1.36,
            "eps_growth_yearly": 361.61
        },
        "20154": {
            "year_quarter": 20154,
            "year": 2015,
            "quarter": 4,
            "eps": 4.37,
            "eps_growth_year": null,
            "eps_4q": 4,
            "eps_4q_growth_year": null,
            "roe": 21.33,
            "roe_4q": 19.599999999999998,
            "gross_profit": 1018738,
            "gross_margin": 28.64,
            "gross_margin_4q_avg": 34.88,
            "net_income": 774798,
            "net_income_4q": null,
            "revenue": 3557406,
            "revenue_4q": null,
            "common_shares": 1517520,
            "book_valuer_per_share": 23.97,
            "book_valuer_per_share_4q_avg": 20.76,
            "equity": 4021585,
            "current_ratio": 178.86,
            "debt_ratio": 53.15,
            "inventory_turnover_ratio": 0.45,
            "account_receivable_turnover_ratio": 53.87,
            "reinvestment_rate": -145.81,
            "research_to_sale_ratio": null,
            "price_fair": 207.55,
            "eps_avg_yearly": 5.93,
            "eps_latest_yearly": 17.48,
            "eps_growth_yearly": 1455.65
        },
        "20161": {
            "year_quarter": 20161,
            "year": 2016,
            "quarter": 1,
            "eps": 0.08,
            "eps_growth_year": null,
            "eps_4q": 4.45,
            "eps_4q_growth_year": null,
            "roe": 0.41,
            "roe_4q": 21.669999999999998,
            "gross_profit": 74699,
            "gross_margin": 39.5,
            "gross_margin_4q_avg": 33.16,
            "net_income": 16620,
            "net_income_4q": null,
            "revenue": 189109,
            "revenue_4q": null,
            "common_shares": 1517520,
            "book_valuer_per_share": 23.89,
            "book_valuer_per_share_4q_avg": 21.59,
            "equity": 4010267,
            "current_ratio": 183.34,
            "debt_ratio": 51.78,
            "inventory_turnover_ratio": 0.02,
            "account_receivable_turnover_ratio": 2.66,
            "reinvestment_rate": -88.62,
            "research_to_sale_ratio": null,
            "price_fair": 170.45,
            "eps_avg_yearly": 4.87,
            "eps_latest_yearly": 0.32,
            "eps_growth_yearly": 1214.93
        },
        "20162": {
            "year_quarter": 20162,
            "year": 2016,
            "quarter": 2,
            "eps": -0.35,
            "eps_growth_year": null,
            "eps_4q": 4.47,
            "eps_4q_growth_year": null,
            "roe": -1.35,
            "roe_4q": 22.08,
            "gross_profit": 56533,
            "gross_margin": 45.44,
            "gross_margin_4q_avg": 39.95,
            "net_income": -51524,
            "net_income_4q": null,
            "revenue": 124401,
            "revenue_4q": null,
            "common_shares": 1517520,
            "book_valuer_per_share": 21.95,
            "book_valuer_per_share_4q_avg": 22.35,
            "equity": 3631849,
            "current_ratio": 174.68,
            "debt_ratio": 54.21,
            "inventory_turnover_ratio": 0.01,
            "account_receivable_turnover_ratio": 2.35,
            "reinvestment_rate": -185.36,
            "research_to_sale_ratio": null,
            "price_fair": 223.53,
            "eps_avg_yearly": 6.39,
            "eps_latest_yearly": 0.32,
            "eps_growth_yearly": 1743.88
        },
        "20163": {
            "year_quarter": 20163,
            "year": 2016,
            "quarter": 3,
            "eps": -0.02,
            "eps_growth_year": -105.41,
            "eps_4q": 4.09,
            "eps_4q_growth_year": null,
            "roe": -0.09,
            "roe_4q": 20.299999999999997,
            "gross_profit": 37246,
            "gross_margin": 42.62,
            "gross_margin_4q_avg": 39.05,
            "net_income": -3249,
            "net_income_4q": null,
            "revenue": 87400,
            "revenue_4q": null,
            "common_shares": 1517520,
            "book_valuer_per_share": 21.75,
            "book_valuer_per_share_4q_avg": 22.89,
            "equity": 3596371,
            "current_ratio": 175.16,
            "debt_ratio": 53.92,
            "inventory_turnover_ratio": 0.01,
            "account_receivable_turnover_ratio": 1.57,
            "reinvestment_rate": -201.39,
            "research_to_sale_ratio": null,
            "price_fair": 311.5,
            "eps_avg_yearly": 8.9,
            "eps_latest_yearly": 0.32,
            "eps_growth_yearly": 1965.82
        },
        "20164": {
            "year_quarter": 20164,
            "year": 2016,
            "quarter": 4,
            "eps": -0.08,
            "eps_growth_year": -101.93,
            "eps_4q": -0.37,
            "eps_4q_growth_year": -109.23,
            "roe": -0.37,
            "roe_4q": -1.4000000000000001,
            "gross_profit": 36480,
            "gross_margin": 19.3,
            "gross_margin_4q_avg": 36.72,
            "net_income": -13145,
            "net_income_4q": null,
            "revenue": 188999,
            "revenue_4q": null,
            "common_shares": 1517520,
            "book_valuer_per_share": 21.98,
            "book_valuer_per_share_4q_avg": 22.39,
            "equity": 3583375,
            "current_ratio": 174.49,
            "debt_ratio": 54.12,
            "inventory_turnover_ratio": 0.03,
            "account_receivable_turnover_ratio": 3.01,
            "reinvestment_rate": -200.89,
            "research_to_sale_ratio": null,
            "price_fair": 311.5,
            "eps_avg_yearly": 8.9,
            "eps_latest_yearly": 0.32,
            "eps_growth_yearly": 1965.82
        },
        "20171": {
            "year_quarter": 20171,
            "year": 2017,
            "quarter": 1,
            "eps": -0.07,
            "eps_growth_year": -187.5,
            "eps_4q": -0.53,
            "eps_4q_growth_year": -111.86,
            "roe": -0.41,
            "roe_4q": -2.22,
            "gross_profit": 37320,
            "gross_margin": 14.66,
            "gross_margin_4q_avg": 30.51,
            "net_income": -14329,
            "net_income_4q": null,
            "revenue": 254501,
            "revenue_4q": null,
            "common_shares": 1517520,
            "book_valuer_per_share": 21.45,
            "book_valuer_per_share_4q_avg": 21.78,
            "equity": 3490235,
            "current_ratio": 164.36,
            "debt_ratio": 57.26,
            "inventory_turnover_ratio": 0.04,
            "account_receivable_turnover_ratio": 3.98,
            "reinvestment_rate": 0.26,
            "research_to_sale_ratio": null,
            "price_fair": 311.5,
            "eps_avg_yearly": 8.9,
            "eps_latest_yearly": 0.32,
            "eps_growth_yearly": 1965.82
        },
        "20172": {
            "year_quarter": 20172,
            "year": 2017,
            "quarter": 2,
            "eps": -0.02,
            "eps_growth_year": null,
            "eps_4q": -0.19,
            "eps_4q_growth_year": -104.31,
            "roe": -0.01,
            "roe_4q": -0.88,
            "gross_profit": 56601,
            "gross_margin": 33.58,
            "gross_margin_4q_avg": 27.54,
            "net_income": -268,
            "net_income_4q": null,
            "revenue": 168534,
            "revenue_4q": null,
            "common_shares": 1517520,
            "book_valuer_per_share": 20.29,
            "book_valuer_per_share_4q_avg": 21.37,
            "equity": 3314526,
            "current_ratio": 159.66,
            "debt_ratio": 58.99,
            "inventory_turnover_ratio": 0.02,
            "account_receivable_turnover_ratio": 2.89,
            "reinvestment_rate": -0.45,
            "research_to_sale_ratio": null,
            "price_fair": 311.5,
            "eps_avg_yearly": 8.9,
            "eps_latest_yearly": 0.32,
            "eps_growth_yearly": 1965.82
        },
        "20173": {
            "year_quarter": 20173,
            "year": 2017,
            "quarter": 3,
            "eps": 0.11,
            "eps_growth_year": null,
            "eps_4q": -0.06,
            "eps_4q_growth_year": -101.49,
            "roe": 0.53,
            "roe_4q": -0.25999999999999995,
            "gross_profit": 85892,
            "gross_margin": 29.54,
            "gross_margin_4q_avg": 24.27,
            "net_income": 17684,
            "net_income_4q": null,
            "revenue": 290721,
            "revenue_4q": null,
            "common_shares": 1517520,
            "book_valuer_per_share": 20.36,
            "book_valuer_per_share_4q_avg": 21.02,
            "equity": 3325221,
            "current_ratio": 161.35,
            "debt_ratio": 58.26,
            "inventory_turnover_ratio": 0.04,
            "account_receivable_turnover_ratio": 5.17,
            "reinvestment_rate": -2.59,
            "research_to_sale_ratio": null,
            "price_fair": 311.5,
            "eps_avg_yearly": 8.9,
            "eps_latest_yearly": 0.32,
            "eps_growth_yearly": 1965.82
        },
        "20174": {
            "year_quarter": 20174,
            "year": 2017,
            "quarter": 4,
            "eps": 0.17,
            "eps_growth_year": null,
            "eps_4q": 0.19,
            "eps_4q_growth_year": null,
            "roe": 0.78,
            "roe_4q": 0.8900000000000001,
            "gross_profit": 108842,
            "gross_margin": 25.74,
            "gross_margin_4q_avg": 25.88,
            "net_income": 25841,
            "net_income_4q": null,
            "revenue": 422779,
            "revenue_4q": null,
            "common_shares": 1517520,
            "book_valuer_per_share": 20.43,
            "book_valuer_per_share_4q_avg": 20.63,
            "equity": 3332819,
            "current_ratio": 161.02,
            "debt_ratio": 58.29,
            "inventory_turnover_ratio": 0.06,
            "account_receivable_turnover_ratio": 6.14,
            "reinvestment_rate": -1.04,
            "research_to_sale_ratio": null,
            "price_fair": 215.6,
            "eps_avg_yearly": 6.16,
            "eps_latest_yearly": 0.68,
            "eps_growth_yearly": 1383.28
        },
        "20181": {
            "year_quarter": 20181,
            "year": 2018,
            "quarter": 1,
            "eps": -0.4,
            "eps_growth_year": null,
            "eps_4q": -0.13,
            "eps_4q_growth_year": null,
            "roe": -1.85,
            "roe_4q": -0.55,
            "gross_profit": 78564,
            "gross_margin": 12.26,
            "gross_margin_4q_avg": 25.28,
            "net_income": -61028,
            "net_income_4q": null,
            "revenue": 640770,
            "revenue_4q": null,
            "common_shares": 1517520,
            "book_valuer_per_share": 20.25,
            "book_valuer_per_share_4q_avg": 20.33,
            "equity": 3281190,
            "current_ratio": 163.74,
            "debt_ratio": 57.1,
            "inventory_turnover_ratio": 0.11,
            "account_receivable_turnover_ratio": 5.3,
            "reinvestment_rate": -36.84,
            "research_to_sale_ratio": null,
            "price_fair": 215.6,
            "eps_avg_yearly": 6.16,
            "eps_latest_yearly": 0.68,
            "eps_growth_yearly": 1383.28
        },
        "20182": {
            "year_quarter": 20182,
            "year": 2018,
            "quarter": 2,
            "eps": -0.08,
            "eps_growth_year": null,
            "eps_4q": -0.18,
            "eps_4q_growth_year": null,
            "roe": -0.38,
            "roe_4q": -0.9199999999999999,
            "gross_profit": 46335,
            "gross_margin": 22.3,
            "gross_margin_4q_avg": 22.46,
            "net_income": -12513,
            "net_income_4q": null,
            "revenue": 207796,
            "revenue_4q": null,
            "common_shares": 1517520,
            "book_valuer_per_share": 20.21,
            "book_valuer_per_share_4q_avg": 20.31,
            "equity": 3282339,
            "current_ratio": 156.2,
            "debt_ratio": 60.29,
            "inventory_turnover_ratio": 0.03,
            "account_receivable_turnover_ratio": 1.23,
            "reinvestment_rate": -35.11,
            "research_to_sale_ratio": null,
            "price_fair": 215.6,
            "eps_avg_yearly": 6.16,
            "eps_latest_yearly": 0.68,
            "eps_growth_yearly": 1383.28
        },
        "20183": {
            "year_quarter": 20183,
            "year": 2018,
            "quarter": 3,
            "eps": 0.16,
            "eps_growth_year": 45.45,
            "eps_4q": -0.12,
            "eps_4q_growth_year": null,
            "roe": 0.83,
            "roe_4q": -0.6200000000000001,
            "gross_profit": 79508,
            "gross_margin": 27.57,
            "gross_margin_4q_avg": 21.97,
            "net_income": 27355,
            "net_income_4q": null,
            "revenue": 288375,
            "revenue_4q": null,
            "common_shares": 1729973,
            "book_valuer_per_share": 17.88,
            "book_valuer_per_share_4q_avg": 19.69,
            "equity": 3294518,
            "current_ratio": 154.91,
            "debt_ratio": 60.85,
            "inventory_turnover_ratio": 0.04,
            "account_receivable_turnover_ratio": 1.68,
            "reinvestment_rate": -24.65,
            "research_to_sale_ratio": null,
            "price_fair": 215.6,
            "eps_avg_yearly": 6.16,
            "eps_latest_yearly": 0.68,
            "eps_growth_yearly": 1383.28
        },
        "20184": {
            "year_quarter": 20184,
            "year": 2018,
            "quarter": 4,
            "eps": 5.97,
            "eps_growth_year": 3384.86,
            "eps_4q": 5.7,
            "eps_4q_growth_year": 2826.25,
            "roe": 27.12,
            "roe_4q": 25.72,
            "gross_profit": 1326717,
            "gross_margin": 47.15,
            "gross_margin_4q_avg": 27.32,
            "net_income": 1033056,
            "net_income_4q": null,
            "revenue": 2813698,
            "revenue_4q": null,
            "common_shares": 1729973,
            "book_valuer_per_share": 23.83,
            "book_valuer_per_share_4q_avg": 20.54,
            "equity": 4323560,
            "current_ratio": 187.01,
            "debt_ratio": 50.64,
            "inventory_turnover_ratio": 0.27,
            "account_receivable_turnover_ratio": 9.21,
            "reinvestment_rate": -6.53,
            "research_to_sale_ratio": null,
            "price_fair": 370.65,
            "eps_avg_yearly": 10.59,
            "eps_latest_yearly": 23.88,
            "eps_growth_yearly": 4668.71
        },
        "20191": {
            "year_quarter": 20191,
            "year": 2019,
            "quarter": 1,
            "eps": 1.51,
            "eps_growth_year": null,
            "eps_4q": 7.57,
            "eps_4q_growth_year": null,
            "roe": 5.89,
            "roe_4q": 33.459999999999994,
            "gross_profit": 339956,
            "gross_margin": 42.95,
            "gross_margin_4q_avg": 34.99,
            "net_income": 264569,
            "net_income_4q": null,
            "revenue": 791456,
            "revenue_4q": null,
            "common_shares": 1729973,
            "book_valuer_per_share": 25.4,
            "book_valuer_per_share_4q_avg": 21.83,
            "equity": 4660454,
            "current_ratio": 217.65,
            "debt_ratio": 42.95,
            "inventory_turnover_ratio": 0.09,
            "account_receivable_turnover_ratio": 2.63,
            "reinvestment_rate": -5.65,
            "research_to_sale_ratio": null,
            "price_fair": 338.8,
            "eps_avg_yearly": 9.68,
            "eps_latest_yearly": 6.04,
            "eps_growth_yearly": 3675.2
        },
        "20192": {
            "year_quarter": 20192,
            "year": 2019,
            "quarter": 2,
            "eps": 0.29,
            "eps_growth_year": null,
            "eps_4q": 6.72,
            "eps_4q_growth_year": null,
            "roe": 1.09,
            "roe_4q": 34.93,
            "gross_profit": 145123,
            "gross_margin": 44.41,
            "gross_margin_4q_avg": 40.52,
            "net_income": 50459,
            "net_income_4q": null,
            "revenue": 326750,
            "revenue_4q": null,
            "common_shares": 1729973,
            "book_valuer_per_share": 25.18,
            "book_valuer_per_share_4q_avg": 23.07,
            "equity": 4624489,
            "current_ratio": 215.06,
            "debt_ratio": 43.47,
            "inventory_turnover_ratio": 0.04,
            "account_receivable_turnover_ratio": 2.4,
            "reinvestment_rate": -5.36,
            "research_to_sale_ratio": null,
            "price_fair": 289.1,
            "eps_avg_yearly": 8.26,
            "eps_latest_yearly": 1.16,
            "eps_growth_yearly": 3008.8
        },
        "20193": {
            "year_quarter": 20193,
            "year": 2019,
            "quarter": 3,
            "eps": 0.31,
            "eps_growth_year": 93.75,
            "eps_4q": 6.89,
            "eps_4q_growth_year": null,
            "roe": 1.35,
            "roe_4q": 35.45,
            "gross_profit": 136395,
            "gross_margin": 43.31,
            "gross_margin_4q_avg": 44.46,
            "net_income": 63492,
            "net_income_4q": null,
            "revenue": 314909,
            "revenue_4q": null,
            "common_shares": 2041368,
            "book_valuer_per_share": 21.61,
            "book_valuer_per_share_4q_avg": 24.01,
            "equity": 4756617,
            "current_ratio": 243.91,
            "debt_ratio": 43.98,
            "inventory_turnover_ratio": 0.05,
            "account_receivable_turnover_ratio": 2.62,
            "reinvestment_rate": -5.16,
            "research_to_sale_ratio": null,
            "price_fair": 254,
            "eps_avg_yearly": 7.26,
            "eps_latest_yearly": 1.24,
            "eps_growth_yearly": 2582.92
        },
        "20194": {
            "year_quarter": 20194,
            "year": 2019,
            "quarter": 4,
            "eps": 0.32,
            "eps_growth_year": -94.61,
            "eps_4q": 2.16,
            "eps_4q_growth_year": -62.14,
            "roe": 1.32,
            "roe_4q": 9.649999999999999,
            "gross_profit": 141011,
            "gross_margin": 47.41,
            "gross_margin_4q_avg": 44.52,
            "net_income": 62820,
            "net_income_4q": null,
            "revenue": 297438,
            "revenue_4q": null,
            "common_shares": 2041368,
            "book_valuer_per_share": 21.7,
            "book_valuer_per_share_4q_avg": 23.47,
            "equity": 4762864,
            "current_ratio": 241.83,
            "debt_ratio": 44.09,
            "inventory_turnover_ratio": 0.06,
            "account_receivable_turnover_ratio": 2.15,
            "reinvestment_rate": -7.73,
            "research_to_sale_ratio": null,
            "price_fair": 173,
            "eps_avg_yearly": 4.94,
            "eps_latest_yearly": 1.28,
            "eps_growth_yearly": 1967
        },
        "20201": {
            "year_quarter": 20201,
            "year": 2020,
            "quarter": 1,
            "eps": 0.2,
            "eps_growth_year": -86.76,
            "eps_4q": 1.07,
            "eps_4q_growth_year": -85.85,
            "roe": 0.85,
            "roe_4q": 4.61,
            "gross_profit": 124850,
            "gross_margin": 39.87,
            "gross_margin_4q_avg": 43.75,
            "net_income": 40444,
            "net_income_4q": null,
            "revenue": 313179,
            "revenue_4q": null,
            "common_shares": 2041368,
            "book_valuer_per_share": 21.89,
            "book_valuer_per_share_4q_avg": 22.6,
            "equity": 4805008,
            "current_ratio": 256.53,
            "debt_ratio": 40.46,
            "inventory_turnover_ratio": 0.07,
            "account_receivable_turnover_ratio": 2.35,
            "reinvestment_rate": -6.88,
            "research_to_sale_ratio": null,
            "price_fair": 175.4,
            "eps_avg_yearly": 5.01,
            "eps_latest_yearly": 0.8,
            "eps_growth_yearly": 2001.67
        },
        "20202": {
            "year_quarter": 20202,
            "year": 2020,
            "quarter": 2,
            "eps": -0.05,
            "eps_growth_year": -117.24,
            "eps_4q": 0.7,
            "eps_4q_growth_year": -89.59,
            "roe": -0.24,
            "roe_4q": 3.2800000000000002,
            "gross_profit": 57332,
            "gross_margin": 54.91,
            "gross_margin_4q_avg": 46.38,
            "net_income": -11241,
            "net_income_4q": null,
            "revenue": 104412,
            "revenue_4q": null,
            "common_shares": 2041368,
            "book_valuer_per_share": 21.51,
            "book_valuer_per_share_4q_avg": 21.68,
            "equity": 4716652,
            "current_ratio": 252.45,
            "debt_ratio": 40.63,
            "inventory_turnover_ratio": 0.02,
            "account_receivable_turnover_ratio": 1.12,
            "reinvestment_rate": -6.54,
            "research_to_sale_ratio": null,
            "price_fair": 175.4,
            "eps_avg_yearly": 5.01,
            "eps_latest_yearly": 0.8,
            "eps_growth_yearly": 2001.67
        },
        "20203": {
            "year_quarter": 20203,
            "year": 2020,
            "quarter": 3,
            "eps": 0.14,
            "eps_growth_year": -54.84,
            "eps_4q": 0.56,
            "eps_4q_growth_year": -91.8,
            "roe": 0.67,
            "roe_4q": 2.6,
            "gross_profit": 89051,
            "gross_margin": 41.27,
            "gross_margin_4q_avg": 45.87,
            "net_income": 31669,
            "net_income_4q": null,
            "revenue": 215766,
            "revenue_4q": null,
            "common_shares": 2245505,
            "book_valuer_per_share": 19.56,
            "book_valuer_per_share_4q_avg": 21.17,
            "equity": 4711267,
            "current_ratio": 247.58,
            "debt_ratio": 40.81,
            "inventory_turnover_ratio": 0.05,
            "account_receivable_turnover_ratio": 3.62,
            "reinvestment_rate": -6.7,
            "research_to_sale_ratio": null,
            "price_fair": 175.4,
            "eps_avg_yearly": 5.01,
            "eps_latest_yearly": 0.8,
            "eps_growth_yearly": 2001.67
        },
        "20204": {
            "year_quarter": 20204,
            "year": 2020,
            "quarter": 4,
            "eps": 0.76,
            "eps_growth_year": 136.92,
            "eps_4q": 1.03,
            "eps_4q_growth_year": -52.05,
            "roe": 3.57,
            "roe_4q": 4.85,
            "gross_profit": 282134,
            "gross_margin": 40.03,
            "gross_margin_4q_avg": 44.02,
            "net_income": 170917,
            "net_income_4q": null,
            "revenue": 704720,
            "revenue_4q": null,
            "common_shares": 2245505,
            "book_valuer_per_share": 20.22,
            "book_valuer_per_share_4q_avg": 20.8,
            "equity": 4854325,
            "current_ratio": 277.11,
            "debt_ratio": 38.14,
            "inventory_turnover_ratio": 0.17,
            "account_receivable_turnover_ratio": 11.05,
            "reinvestment_rate": -6.34,
            "research_to_sale_ratio": null,
            "price_fair": 166.78,
            "eps_avg_yearly": 4.77,
            "eps_latest_yearly": 3.04,
            "eps_growth_yearly": 1972.89
        },
        "20211": {
            "year_quarter": 20211,
            "year": 2021,
            "quarter": 1,
            "eps": 0.27,
            "eps_growth_year": 35,
            "eps_4q": 1.12,
            "eps_4q_growth_year": 5,
            "roe": 1.22,
            "roe_4q": 5.22,
            "gross_profit": 123724,
            "gross_margin": 32.9,
            "gross_margin_4q_avg": 42.28,
            "net_income": 59877,
            "net_income_4q": null,
            "revenue": 376059,
            "revenue_4q": null,
            "common_shares": 2245505,
            "book_valuer_per_share": 20.56,
            "book_valuer_per_share_4q_avg": 20.46,
            "equity": 4929631,
            "current_ratio": 294.21,
            "debt_ratio": 36.66,
            "inventory_turnover_ratio": 0.11,
            "account_receivable_turnover_ratio": 6.75,
            "reinvestment_rate": -6.56,
            "research_to_sale_ratio": null,
            "price_fair": 152.44,
            "eps_avg_yearly": 4.36,
            "eps_latest_yearly": 1.08,
            "eps_growth_yearly": 1725.02
        },
        "20212": {
            "year_quarter": 20212,
            "year": 2021,
            "quarter": 2,
            "eps": 0.06,
            "eps_growth_year": null,
            "eps_4q": 1.23,
            "eps_4q_growth_year": 76.43,
            "roe": 0.26,
            "roe_4q": 5.72,
            "gross_profit": 63962,
            "gross_margin": 34.62,
            "gross_margin_4q_avg": 37.21,
            "net_income": 12884,
            "net_income_4q": null,
            "revenue": 184750,
            "revenue_4q": null,
            "common_shares": 2245505,
            "book_valuer_per_share": 20.47,
            "book_valuer_per_share_4q_avg": 20.2,
            "equity": 4902011,
            "current_ratio": 308.73,
            "debt_ratio": 35.54,
            "inventory_turnover_ratio": 0.06,
            "account_receivable_turnover_ratio": 6.17,
            "reinvestment_rate": -5.77,
            "research_to_sale_ratio": null,
            "price_fair": 138.04,
            "eps_avg_yearly": 3.94,
            "eps_latest_yearly": 0.24,
            "eps_growth_yearly": 1521.41
        },
        "20213": {
            "year_quarter": 20213,
            "year": 2021,
            "quarter": 3,
            "eps": -0.05,
            "eps_growth_year": -135.71,
            "eps_4q": 1.04,
            "eps_4q_growth_year": 83.75,
            "roe": -0.26,
            "roe_4q": 4.79,
            "gross_profit": 29179,
            "gross_margin": 23.08,
            "gross_margin_4q_avg": 32.66,
            "net_income": -12263,
            "net_income_4q": null,
            "revenue": 126452,
            "revenue_4q": null,
            "common_shares": 2245505,
            "book_valuer_per_share": 18.88,
            "book_valuer_per_share_4q_avg": 20.03,
            "equity": 4549296,
            "current_ratio": 262.5,
            "debt_ratio": 39.4,
            "inventory_turnover_ratio": 0.05,
            "account_receivable_turnover_ratio": 4.9,
            "reinvestment_rate": -5.73,
            "research_to_sale_ratio": null,
            "price_fair": 138.04,
            "eps_avg_yearly": 3.94,
            "eps_latest_yearly": 0.24,
            "eps_growth_yearly": 1521.41
        },
        "20214": {
            "year_quarter": 20214,
            "year": 2021,
            "quarter": 4,
            "eps": -0.08,
            "eps_growth_year": -110.42,
            "eps_4q": 0.2,
            "eps_4q_growth_year": -81.01,
            "roe": -0.41,
            "roe_4q": 0.81,
            "gross_profit": 46368,
            "gross_margin": 43.89,
            "gross_margin_4q_avg": 33.62,
            "net_income": -18705,
            "net_income_4q": null,
            "revenue": 105639,
            "revenue_4q": null,
            "common_shares": 2245505,
            "book_valuer_per_share": 18.8,
            "book_valuer_per_share_4q_avg": 19.68,
            "equity": 4528668,
            "current_ratio": 247.66,
            "debt_ratio": 40.83,
            "inventory_turnover_ratio": 0.03,
            "account_receivable_turnover_ratio": 2.84,
            "reinvestment_rate": -6.4,
            "research_to_sale_ratio": null,
            "price_fair": 150.73,
            "eps_avg_yearly": 4.31,
            "eps_latest_yearly": 0.24,
            "eps_growth_yearly": 1666.21
        },
        "20221": {
            "year_quarter": 20221,
            "year": 2022,
            "quarter": 1,
            "eps": -0.12,
            "eps_growth_year": -144.44,
            "eps_4q": -0.19,
            "eps_4q_growth_year": -116.75,
            "roe": -0.56,
            "roe_4q": -0.97,
            "gross_profit": 16852,
            "gross_margin": 34.45,
            "gross_margin_4q_avg": 34.01,
            "net_income": -25575,
            "net_income_4q": null,
            "revenue": 48923,
            "revenue_4q": null,
            "common_shares": 2245505,
            "book_valuer_per_share": 18.95,
            "book_valuer_per_share_4q_avg": 19.28,
            "equity": 4576464,
            "current_ratio": 256.64,
            "debt_ratio": 40.1,
            "inventory_turnover_ratio": 0.01,
            "account_receivable_turnover_ratio": 1.35,
            "reinvestment_rate": 0.93,
            "research_to_sale_ratio": null,
            "price_fair": 150.73,
            "eps_avg_yearly": 4.31,
            "eps_latest_yearly": 0.24,
            "eps_growth_yearly": 1666.21
        },
        "20222": {
            "year_quarter": 20222,
            "year": 2022,
            "quarter": 2,
            "eps": -0.19,
            "eps_growth_year": -416.67,
            "eps_4q": -0.44,
            "eps_4q_growth_year": -135.74,
            "roe": -0.95,
            "roe_4q": -2.1799999999999997,
            "gross_profit": 15706,
            "gross_margin": 31.38,
            "gross_margin_4q_avg": 33.2,
            "net_income": -43386,
            "net_income_4q": null,
            "revenue": 50045,
            "revenue_4q": null,
            "common_shares": 2245505,
            "book_valuer_per_share": 18.98,
            "book_valuer_per_share_4q_avg": 18.9,
            "equity": 4591362,
            "current_ratio": 252.49,
            "debt_ratio": 40.87,
            "inventory_turnover_ratio": 0.01,
            "account_receivable_turnover_ratio": 2.08,
            "reinvestment_rate": 0.92,
            "research_to_sale_ratio": null,
            "price_fair": 150.73,
            "eps_avg_yearly": 4.31,
            "eps_latest_yearly": 0.24,
            "eps_growth_yearly": 1666.21
        },
        "20223": {
            "year_quarter": 20223,
            "year": 2022,
            "quarter": 3,
            "eps": -0.13,
            "eps_growth_year": null,
            "eps_4q": -0.52,
            "eps_4q_growth_year": -149.88,
            "roe": -0.61,
            "roe_4q": -2.5300000000000002,
            "gross_profit": 11402,
            "gross_margin": 22.05,
            "gross_margin_4q_avg": 32.94,
            "net_income": -28081,
            "net_income_4q": null,
            "revenue": 51721,
            "revenue_4q": null,
            "common_shares": 2245505,
            "book_valuer_per_share": 19.31,
            "book_valuer_per_share_4q_avg": 19.01,
            "equity": 4686603,
            "current_ratio": 238.72,
            "debt_ratio": 42.95,
            "inventory_turnover_ratio": 0.01,
            "account_receivable_turnover_ratio": 2.01,
            "reinvestment_rate": 0.71,
            "research_to_sale_ratio": null,
            "price_fair": 150.73,
            "eps_avg_yearly": 4.31,
            "eps_latest_yearly": 0.24,
            "eps_growth_yearly": 1666.21
        },
        "20224": {
            "year_quarter": 20224,
            "year": 2022,
            "quarter": 4,
            "eps": -0.23,
            "eps_growth_year": null,
            "eps_4q": -0.67,
            "eps_4q_growth_year": -442.12,
            "roe": -1.12,
            "roe_4q": -3.2399999999999998,
            "gross_profit": 30010,
            "gross_margin": 57.85,
            "gross_margin_4q_avg": 36.43,
            "net_income": -52125,
            "net_income_4q": null,
            "revenue": 51873,
            "revenue_4q": null,
            "common_shares": 2245505,
            "book_valuer_per_share": 18.8,
            "book_valuer_per_share_4q_avg": 19.01,
            "equity": 4589014,
            "current_ratio": 219.3,
            "debt_ratio": 45.21,
            "inventory_turnover_ratio": 0.01,
            "account_receivable_turnover_ratio": 2.25,
            "reinvestment_rate": 1.16,
            "research_to_sale_ratio": null,
            "price_fair": 65.1,
            "eps_avg_yearly": 1.86,
            "eps_latest_yearly": 0.24,
            "eps_growth_yearly": 58.86
        },
        "20231": {
            "year_quarter": 20231,
            "year": 2023,
            "quarter": 1,
            "eps": -0.24,
            "eps_growth_year": null,
            "eps_4q": -0.79,
            "eps_4q_growth_year": null,
            "roe": -1.14,
            "roe_4q": -3.8199999999999994,
            "gross_profit": 15621,
            "gross_margin": 29.18,
            "gross_margin_4q_avg": 35.12,
            "net_income": -52136,
            "net_income_4q": null,
            "revenue": 53530,
            "revenue_4q": null,
            "common_shares": 2245505,
            "book_valuer_per_share": 18.54,
            "book_valuer_per_share_4q_avg": 18.91,
            "equity": 4528486,
            "current_ratio": 203.82,
            "debt_ratio": 47.56,
            "inventory_turnover_ratio": 0.01,
            "account_receivable_turnover_ratio": 2.24,
            "reinvestment_rate": 2.33,
            "research_to_sale_ratio": null,
            "price_fair": 44.2,
            "eps_avg_yearly": 1.26,
            "eps_latest_yearly": 0.24,
            "eps_growth_yearly": 109.96
        },
        "20232": {
            "year_quarter": 20232,
            "year": 2023,
            "quarter": 2,
            "eps": -0.28,
            "eps_growth_year": null,
            "eps_4q": -0.89,
            "eps_4q_growth_year": null,
            "roe": -1.38,
            "roe_4q": -4.25,
            "gross_profit": 15462,
            "gross_margin": 28.21,
            "gross_margin_4q_avg": 34.32,
            "net_income": -62318,
            "net_income_4q": null,
            "revenue": 54802,
            "revenue_4q": null,
            "common_shares": 2245505,
            "book_valuer_per_share": 18.5,
            "book_valuer_per_share_4q_avg": 18.79,
            "equity": 4529182,
            "current_ratio": 186.73,
            "debt_ratio": 50.95,
            "inventory_turnover_ratio": 0.01,
            "account_receivable_turnover_ratio": 1.79,
            "reinvestment_rate": 5.08,
            "research_to_sale_ratio": null,
            "price_fair": 44.8,
            "eps_avg_yearly": 1.28,
            "eps_latest_yearly": 0.24,
            "eps_growth_yearly": 182.15
        },
        "20233": {
            "year_quarter": 20233,
            "year": 2023,
            "quarter": 3,
            "eps": -0.23,
            "eps_growth_year": null,
            "eps_4q": -0.99,
            "eps_4q_growth_year": null,
            "roe": -1.09,
            "roe_4q": -4.7299999999999995,
            "gross_profit": 15742,
            "gross_margin": 27.34,
            "gross_margin_4q_avg": 35.65,
            "net_income": -49687,
            "net_income_4q": null,
            "revenue": 57572,
            "revenue_4q": null,
            "common_shares": 2245505,
            "book_valuer_per_share": 18.58,
            "book_valuer_per_share_4q_avg": 18.61,
            "equity": 4560274,
            "current_ratio": 181.01,
            "debt_ratio": 52.53,
            "inventory_turnover_ratio": 0.01,
            "account_receivable_turnover_ratio": 1.73,
            "reinvestment_rate": 57.12,
            "research_to_sale_ratio": null,
            "price_fair": 45.08,
            "eps_avg_yearly": 1.29,
            "eps_latest_yearly": 0.24,
            "eps_growth_yearly": 213.07
        }
    },
    "months": {
        "2001-06": {
            "month": "2001-06",
            "price": "5.23",
            "revenue": 31205
        },
        "2001-07": {
            "month": "2001-07",
            "price": "4.86",
            "revenue": 42988
        },
        "2001-08": {
            "month": "2001-08",
            "price": "6.00",
            "revenue": 48162
        },
        "2001-09": {
            "month": "2001-09",
            "price": "5.18",
            "revenue": 63675
        },
        "2001-10": {
            "month": "2001-10",
            "price": "4.69",
            "revenue": 104122
        },
        "2001-11": {
            "month": "2001-11",
            "price": "4.70",
            "revenue": 14131
        },
        "2001-12": {
            "month": "2001-12",
            "price": "6.14",
            "revenue": 58676
        },
        "2002-01": {
            "month": "2002-01",
            "price": "8.33",
            "revenue": 8044
        },
        "2002-02": {
            "month": "2002-02",
            "price": "8.77",
            "revenue": 42226
        },
        "2002-03": {
            "month": "2002-03",
            "price": "8.94",
            "revenue": 95182
        },
        "2002-04": {
            "month": "2002-04",
            "price": "8.77",
            "revenue": 56986
        },
        "2002-05": {
            "month": "2002-05",
            "price": "7.65",
            "revenue": 89052
        },
        "2002-06": {
            "month": "2002-06",
            "price": "7.22",
            "revenue": 368409
        },
        "2002-07": {
            "month": "2002-07",
            "price": "6.57",
            "revenue": 39683
        },
        "2002-08": {
            "month": "2002-08",
            "price": "5.14",
            "revenue": 79053
        },
        "2002-09": {
            "month": "2002-09",
            "price": "4.71",
            "revenue": 158080
        },
        "2002-10": {
            "month": "2002-10",
            "price": "4.33",
            "revenue": 131388
        },
        "2002-11": {
            "month": "2002-11",
            "price": "4.14",
            "revenue": 245762
        },
        "2002-12": {
            "month": "2002-12",
            "price": "4.70",
            "revenue": 40405
        },
        "2003-01": {
            "month": "2003-01",
            "price": "5.33",
            "revenue": 37944
        },
        "2003-02": {
            "month": "2003-02",
            "price": "4.74",
            "revenue": 13148
        },
        "2003-03": {
            "month": "2003-03",
            "price": "4.23",
            "revenue": 70354
        },
        "2003-04": {
            "month": "2003-04",
            "price": "3.98",
            "revenue": 5831
        },
        "2003-05": {
            "month": "2003-05",
            "price": "3.22",
            "revenue": 82812
        },
        "2003-06": {
            "month": "2003-06",
            "price": "3.74",
            "revenue": 44648
        },
        "2003-07": {
            "month": "2003-07",
            "price": "4.26",
            "revenue": 41343
        },
        "2003-08": {
            "month": "2003-08",
            "price": "4.40",
            "revenue": 56630
        },
        "2003-09": {
            "month": "2003-09",
            "price": "4.36",
            "revenue": 13611
        },
        "2003-10": {
            "month": "2003-10",
            "price": "5.03",
            "revenue": 43310
        },
        "2003-11": {
            "month": "2003-11",
            "price": "4.97",
            "revenue": 86674
        },
        "2003-12": {
            "month": "2003-12",
            "price": "4.99",
            "revenue": 102534
        },
        "2004-01": {
            "month": "2004-01",
            "price": "5.95",
            "revenue": 10727
        },
        "2004-02": {
            "month": "2004-02",
            "price": "8.38",
            "revenue": 89582
        },
        "2004-03": {
            "month": "2004-03",
            "price": "7.82",
            "revenue": 90811
        },
        "2004-04": {
            "month": "2004-04",
            "price": "6.57",
            "revenue": 30821
        },
        "2004-05": {
            "month": "2004-05",
            "price": "6.42",
            "revenue": 165329
        },
        "2004-06": {
            "month": "2004-06",
            "price": "6.14",
            "revenue": 61581
        },
        "2004-07": {
            "month": "2004-07",
            "price": "5.29",
            "revenue": 30821
        },
        "2004-08": {
            "month": "2004-08",
            "price": "4.15",
            "revenue": 47894
        },
        "2004-09": {
            "month": "2004-09",
            "price": "5.48",
            "revenue": 42690
        },
        "2004-10": {
            "month": "2004-10",
            "price": "5.27",
            "revenue": 37329
        },
        "2004-11": {
            "month": "2004-11",
            "price": "5.55",
            "revenue": 79649
        },
        "2004-12": {
            "month": "2004-12",
            "price": "8.67",
            "revenue": 37300
        },
        "2005-01": {
            "month": "2005-01",
            "price": "9.35",
            "revenue": 54568
        },
        "2005-02": {
            "month": "2005-02",
            "price": "8.75",
            "revenue": 79720
        },
        "2005-03": {
            "month": "2005-03",
            "price": "8.05",
            "revenue": 189829
        },
        "2005-04": {
            "month": "2005-04",
            "price": "7.61",
            "revenue": 29475
        },
        "2005-05": {
            "month": "2005-05",
            "price": "7.55",
            "revenue": 36294
        },
        "2005-06": {
            "month": "2005-06",
            "price": "8.18",
            "revenue": 35942
        },
        "2005-07": {
            "month": "2005-07",
            "price": "7.68",
            "revenue": 39250
        },
        "2005-08": {
            "month": "2005-08",
            "price": "7.18",
            "revenue": 39538
        },
        "2005-09": {
            "month": "2005-09",
            "price": "6.57",
            "revenue": 41912
        },
        "2005-10": {
            "month": "2005-10",
            "price": "5.44",
            "revenue": 93847
        },
        "2005-11": {
            "month": "2005-11",
            "price": "5.72",
            "revenue": 18401
        },
        "2005-12": {
            "month": "2005-12",
            "price": "7.75",
            "revenue": 214556
        },
        "2006-01": {
            "month": "2006-01",
            "price": "8.97",
            "revenue": 57853
        },
        "2006-02": {
            "month": "2006-02",
            "price": "8.69",
            "revenue": 31658
        },
        "2006-03": {
            "month": "2006-03",
            "price": "8.83",
            "revenue": 37884
        },
        "2006-04": {
            "month": "2006-04",
            "price": "9.30",
            "revenue": 54925
        },
        "2006-05": {
            "month": "2006-05",
            "price": "14.98",
            "revenue": 40241
        },
        "2006-06": {
            "month": "2006-06",
            "price": "13.96",
            "revenue": 61924
        },
        "2006-07": {
            "month": "2006-07",
            "price": "15.75",
            "revenue": 119451
        },
        "2006-08": {
            "month": "2006-08",
            "price": "17.13",
            "revenue": 66766
        },
        "2006-09": {
            "month": "2006-09",
            "price": "15.20",
            "revenue": 138145
        },
        "2006-10": {
            "month": "2006-10",
            "price": "19.46",
            "revenue": 197005
        },
        "2006-11": {
            "month": "2006-11",
            "price": "23.39",
            "revenue": 176197
        },
        "2006-12": {
            "month": "2006-12",
            "price": "30.10",
            "revenue": 303381
        },
        "2007-01": {
            "month": "2007-01",
            "price": "26.26",
            "revenue": 40993
        },
        "2007-02": {
            "month": "2007-02",
            "price": "24.18",
            "revenue": 114868
        },
        "2007-03": {
            "month": "2007-03",
            "price": "27.24",
            "revenue": 82789
        },
        "2007-04": {
            "month": "2007-04",
            "price": "26.89",
            "revenue": 571050
        },
        "2007-05": {
            "month": "2007-05",
            "price": "27.89",
            "revenue": 194948
        },
        "2007-06": {
            "month": "2007-06",
            "price": "30.92",
            "revenue": 170220
        },
        "2007-07": {
            "month": "2007-07",
            "price": "41.73",
            "revenue": 112950
        },
        "2007-08": {
            "month": "2007-08",
            "price": "49.05",
            "revenue": 149490
        },
        "2007-09": {
            "month": "2007-09",
            "price": "55.55",
            "revenue": 61529
        },
        "2007-10": {
            "month": "2007-10",
            "price": "50.02",
            "revenue": 121181
        },
        "2007-11": {
            "month": "2007-11",
            "price": "45.48",
            "revenue": 140626
        },
        "2007-12": {
            "month": "2007-12",
            "price": "35.35",
            "revenue": 183757
        },
        "2008-01": {
            "month": "2008-01",
            "price": "32.60",
            "revenue": 281035
        },
        "2008-02": {
            "month": "2008-02",
            "price": "33.86",
            "revenue": 971396
        },
        "2008-03": {
            "month": "2008-03",
            "price": "39.51",
            "revenue": 84669
        },
        "2008-04": {
            "month": "2008-04",
            "price": "42.27",
            "revenue": 34712
        },
        "2008-05": {
            "month": "2008-05",
            "price": "40.74",
            "revenue": 116879
        },
        "2008-06": {
            "month": "2008-06",
            "price": "33.53",
            "revenue": 41156
        },
        "2008-07": {
            "month": "2008-07",
            "price": "24.45",
            "revenue": 49500
        },
        "2008-08": {
            "month": "2008-08",
            "price": "20.10",
            "revenue": 19495
        },
        "2008-09": {
            "month": "2008-09",
            "price": "15.39",
            "revenue": 200469
        },
        "2008-10": {
            "month": "2008-10",
            "price": "12.43",
            "revenue": 29121
        },
        "2008-11": {
            "month": "2008-11",
            "price": "11.22",
            "revenue": 27299
        },
        "2008-12": {
            "month": "2008-12",
            "price": "11.35",
            "revenue": 432051
        },
        "2009-01": {
            "month": "2009-01",
            "price": "11.15",
            "revenue": 68078
        },
        "2009-02": {
            "month": "2009-02",
            "price": "10.61",
            "revenue": 58173
        },
        "2009-03": {
            "month": "2009-03",
            "price": "11.28",
            "revenue": 71905
        },
        "2009-04": {
            "month": "2009-04",
            "price": "16.15",
            "revenue": 67635
        },
        "2009-05": {
            "month": "2009-05",
            "price": "24.45",
            "revenue": 95089
        },
        "2009-06": {
            "month": "2009-06",
            "price": "27.89",
            "revenue": 116095
        },
        "2009-07": {
            "month": "2009-07",
            "price": "27.07",
            "revenue": 120854
        },
        "2009-08": {
            "month": "2009-08",
            "price": "26.62",
            "revenue": 312500
        },
        "2009-09": {
            "month": "2009-09",
            "price": "27.20",
            "revenue": 104506
        },
        "2009-10": {
            "month": "2009-10",
            "price": "26.96",
            "revenue": 84071
        },
        "2009-11": {
            "month": "2009-11",
            "price": "24.65",
            "revenue": 145190
        },
        "2009-12": {
            "month": "2009-12",
            "price": "24.83",
            "revenue": 69898
        },
        "2010-01": {
            "month": "2010-01",
            "price": "26.33",
            "revenue": 252386
        },
        "2010-02": {
            "month": "2010-02",
            "price": "25.95",
            "revenue": 197466
        },
        "2010-03": {
            "month": "2010-03",
            "price": "25.93",
            "revenue": 213808
        },
        "2010-04": {
            "month": "2010-04",
            "price": "28.58",
            "revenue": 175306
        },
        "2010-05": {
            "month": "2010-05",
            "price": "26.27",
            "revenue": 76444
        },
        "2010-06": {
            "month": "2010-06",
            "price": "24.14",
            "revenue": 125380
        },
        "2010-07": {
            "month": "2010-07",
            "price": "24.56",
            "revenue": 44714
        },
        "2010-08": {
            "month": "2010-08",
            "price": "25.54",
            "revenue": 56120
        },
        "2010-09": {
            "month": "2010-09",
            "price": "24.13",
            "revenue": 54415
        },
        "2010-10": {
            "month": "2010-10",
            "price": "24.60",
            "revenue": 50425
        },
        "2010-11": {
            "month": "2010-11",
            "price": "27.65",
            "revenue": 32126
        },
        "2010-12": {
            "month": "2010-12",
            "price": "31.28",
            "revenue": 653847
        },
        "2011-01": {
            "month": "2011-01",
            "price": "30.52",
            "revenue": 398221
        },
        "2011-02": {
            "month": "2011-02",
            "price": "27.22",
            "revenue": 64449
        },
        "2011-03": {
            "month": "2011-03",
            "price": "23.76",
            "revenue": 143202
        },
        "2011-04": {
            "month": "2011-04",
            "price": "24.64",
            "revenue": 107517
        },
        "2011-05": {
            "month": "2011-05",
            "price": "23.98",
            "revenue": 222909
        },
        "2011-06": {
            "month": "2011-06",
            "price": "24.96",
            "revenue": 152816
        },
        "2011-07": {
            "month": "2011-07",
            "price": "25.44",
            "revenue": 193362
        },
        "2011-08": {
            "month": "2011-08",
            "price": "21.53",
            "revenue": 317077
        },
        "2011-09": {
            "month": "2011-09",
            "price": "20.72",
            "revenue": 96620
        },
        "2011-10": {
            "month": "2011-10",
            "price": "19.84",
            "revenue": 88139
        },
        "2011-11": {
            "month": "2011-11",
            "price": "18.65",
            "revenue": 115477
        },
        "2011-12": {
            "month": "2011-12",
            "price": "16.56",
            "revenue": 198061
        },
        "2012-01": {
            "month": "2012-01",
            "price": "17.44",
            "revenue": 132860
        },
        "2012-02": {
            "month": "2012-02",
            "price": "19.11",
            "revenue": 240687
        },
        "2012-03": {
            "month": "2012-03",
            "price": "20.40",
            "revenue": 164538
        },
        "2012-04": {
            "month": "2012-04",
            "price": "20.49",
            "revenue": 105425
        },
        "2012-05": {
            "month": "2012-05",
            "price": "21.13",
            "revenue": 102827
        },
        "2012-06": {
            "month": "2012-06",
            "price": "20.70",
            "revenue": 266582
        },
        "2012-07": {
            "month": "2012-07",
            "price": "21.12",
            "revenue": 54324
        },
        "2012-08": {
            "month": "2012-08",
            "price": "20.25",
            "revenue": 246650
        },
        "2012-09": {
            "month": "2012-09",
            "price": "20.26",
            "revenue": 2247
        },
        "2012-10": {
            "month": "2012-10",
            "price": "18.86",
            "revenue": 6872
        },
        "2012-11": {
            "month": "2012-11",
            "price": "18.35",
            "revenue": 28543
        },
        "2012-12": {
            "month": "2012-12",
            "price": "18.72",
            "revenue": 47762
        },
        "2013-01": {
            "month": "2013-01",
            "price": "19.29",
            "revenue": 5091
        },
        "2013-02": {
            "month": "2013-02",
            "price": "19.36",
            "revenue": 29861
        },
        "2013-03": {
            "month": "2013-03",
            "price": "19.33",
            "revenue": 62649
        },
        "2013-04": {
            "month": "2013-04",
            "price": "19.82",
            "revenue": 29032
        },
        "2013-05": {
            "month": "2013-05",
            "price": "21.87",
            "revenue": 56342
        },
        "2013-06": {
            "month": "2013-06",
            "price": "22.08",
            "revenue": 30540
        },
        "2013-07": {
            "month": "2013-07",
            "price": "22.61",
            "revenue": 78795
        },
        "2013-08": {
            "month": "2013-08",
            "price": "22.15",
            "revenue": 29597
        },
        "2013-09": {
            "month": "2013-09",
            "price": "20.52",
            "revenue": 2574
        },
        "2013-10": {
            "month": "2013-10",
            "price": "20.72",
            "revenue": 3754
        },
        "2013-11": {
            "month": "2013-11",
            "price": "23.52",
            "revenue": 2737
        },
        "2013-12": {
            "month": "2013-12",
            "price": "25.15",
            "revenue": 27206
        },
        "2014-01": {
            "month": "2014-01",
            "price": "24.55",
            "revenue": 3494
        },
        "2014-02": {
            "month": "2014-02",
            "price": "26.85",
            "revenue": 2469
        },
        "2014-03": {
            "month": "2014-03",
            "price": "26.66",
            "revenue": 3620
        },
        "2014-04": {
            "month": "2014-04",
            "price": "26.48",
            "revenue": 2510
        },
        "2014-05": {
            "month": "2014-05",
            "price": "25.52",
            "revenue": 2473
        },
        "2014-06": {
            "month": "2014-06",
            "price": "25.56",
            "revenue": 2470
        },
        "2014-07": {
            "month": "2014-07",
            "price": "24.66",
            "revenue": 2469
        },
        "2014-08": {
            "month": "2014-08",
            "price": "23.23",
            "revenue": 2692
        },
        "2014-09": {
            "month": "2014-09",
            "price": "23.84",
            "revenue": 2680
        },
        "2014-10": {
            "month": "2014-10",
            "price": "22.75",
            "revenue": 5031
        },
        "2014-11": {
            "month": "2014-11",
            "price": "22.69",
            "revenue": 2699
        },
        "2014-12": {
            "month": "2014-12",
            "price": "23.15",
            "revenue": 2449
        },
        "2015-01": {
            "month": "2015-01",
            "price": "23.04",
            "revenue": 2272
        },
        "2015-02": {
            "month": "2015-02",
            "price": "23.45",
            "revenue": 2085
        },
        "2015-03": {
            "month": "2015-03",
            "price": "24.07",
            "revenue": 7057
        },
        "2015-04": {
            "month": "2015-04",
            "price": "24.61",
            "revenue": 5121
        },
        "2015-05": {
            "month": "2015-05",
            "price": "23.98",
            "revenue": 7133
        },
        "2015-06": {
            "month": "2015-06",
            "price": "23.42",
            "revenue": 35655
        },
        "2015-07": {
            "month": "2015-07",
            "price": "24.53",
            "revenue": 129762
        },
        "2015-08": {
            "month": "2015-08",
            "price": "23.61",
            "revenue": 10586
        },
        "2015-09": {
            "month": "2015-09",
            "price": "22.25",
            "revenue": 121726
        },
        "2015-10": {
            "month": "2015-10",
            "price": "23.09",
            "revenue": 398297
        },
        "2015-11": {
            "month": "2015-11",
            "price": "22.61",
            "revenue": 583032
        },
        "2015-12": {
            "month": "2015-12",
            "price": "22.75",
            "revenue": 2580486
        },
        "2016-01": {
            "month": "2016-01",
            "price": "21.70",
            "revenue": 28266
        },
        "2016-02": {
            "month": "2016-02",
            "price": "21.97",
            "revenue": 56869
        },
        "2016-03": {
            "month": "2016-03",
            "price": "23.59",
            "revenue": 103974
        },
        "2016-04": {
            "month": "2016-04",
            "price": "23.91",
            "revenue": 100988
        },
        "2016-05": {
            "month": "2016-05",
            "price": "22.36",
            "revenue": 18706
        },
        "2016-06": {
            "month": "2016-06",
            "price": "21.46",
            "revenue": 7567
        },
        "2016-07": {
            "month": "2016-07",
            "price": "20.55",
            "revenue": 39970
        },
        "2016-08": {
            "month": "2016-08",
            "price": "19.75",
            "revenue": 7213
        },
        "2016-09": {
            "month": "2016-09",
            "price": "18.59",
            "revenue": 37357
        },
        "2016-10": {
            "month": "2016-10",
            "price": "18.51",
            "revenue": 12892
        },
        "2016-11": {
            "month": "2016-11",
            "price": "18.01",
            "revenue": 6692
        },
        "2016-12": {
            "month": "2016-12",
            "price": "16.83",
            "revenue": 174985
        },
        "2017-01": {
            "month": "2017-01",
            "price": "17.07",
            "revenue": 7349
        },
        "2017-02": {
            "month": "2017-02",
            "price": "17.56",
            "revenue": 38136
        },
        "2017-03": {
            "month": "2017-03",
            "price": "17.93",
            "revenue": 209015
        },
        "2017-04": {
            "month": "2017-04",
            "price": "17.94",
            "revenue": 75450
        },
        "2017-05": {
            "month": "2017-05",
            "price": "18.17",
            "revenue": 33842
        },
        "2017-06": {
            "month": "2017-06",
            "price": "18.59",
            "revenue": 59247
        },
        "2017-07": {
            "month": "2017-07",
            "price": "19.11",
            "revenue": 6798
        },
        "2017-08": {
            "month": "2017-08",
            "price": "18.37",
            "revenue": 134589
        },
        "2017-09": {
            "month": "2017-09",
            "price": "18.40",
            "revenue": 149329
        },
        "2017-10": {
            "month": "2017-10",
            "price": "20.43",
            "revenue": 51622
        },
        "2017-11": {
            "month": "2017-11",
            "price": "21.62",
            "revenue": 252681
        },
        "2017-12": {
            "month": "2017-12",
            "price": "21.70",
            "revenue": 118478
        },
        "2018-01": {
            "month": "2018-01",
            "price": "21.62",
            "revenue": 22266
        },
        "2018-02": {
            "month": "2018-02",
            "price": "21.34",
            "revenue": 452459
        },
        "2018-03": {
            "month": "2018-03",
            "price": "26.50",
            "revenue": 166044
        },
        "2018-04": {
            "month": "2018-04",
            "price": "29.08",
            "revenue": 101147
        },
        "2018-05": {
            "month": "2018-05",
            "price": "29.87",
            "revenue": 49161
        },
        "2018-06": {
            "month": "2018-06",
            "price": "34.18",
            "revenue": 57054
        },
        "2018-07": {
            "month": "2018-07",
            "price": "33.12",
            "revenue": 132919
        },
        "2018-08": {
            "month": "2018-08",
            "price": "32.96",
            "revenue": 41386
        },
        "2018-09": {
            "month": "2018-09",
            "price": "31.42",
            "revenue": 114505
        },
        "2018-10": {
            "month": "2018-10",
            "price": "29.63",
            "revenue": 97217
        },
        "2018-11": {
            "month": "2018-11",
            "price": "28.57",
            "revenue": 257333
        },
        "2018-12": {
            "month": "2018-12",
            "price": "27.89",
            "revenue": 2458571
        },
        "2019-01": {
            "month": "2019-01",
            "price": "29.12",
            "revenue": 338852
        },
        "2019-02": {
            "month": "2019-02",
            "price": "28.12",
            "revenue": 151228
        },
        "2019-03": {
            "month": "2019-03",
            "price": "27.88",
            "revenue": 304508
        },
        "2019-04": {
            "month": "2019-04",
            "price": "29.33",
            "revenue": 59173
        },
        "2019-05": {
            "month": "2019-05",
            "price": "28.75",
            "revenue": 120681
        },
        "2019-06": {
            "month": "2019-06",
            "price": "29.58",
            "revenue": 142179
        },
        "2019-07": {
            "month": "2019-07",
            "price": "29.57",
            "revenue": 178255
        },
        "2019-08": {
            "month": "2019-08",
            "price": "28.66",
            "revenue": 94005
        },
        "2019-09": {
            "month": "2019-09",
            "price": "25.36",
            "revenue": 44234
        },
        "2019-10": {
            "month": "2019-10",
            "price": "24.78",
            "revenue": 92525
        },
        "2019-11": {
            "month": "2019-11",
            "price": "23.41",
            "revenue": 136207
        },
        "2019-12": {
            "month": "2019-12",
            "price": "23.20",
            "revenue": 68707
        },
        "2020-01": {
            "month": "2020-01",
            "price": "22.93",
            "revenue": 57855
        },
        "2020-02": {
            "month": "2020-02",
            "price": "21.72",
            "revenue": 99242
        },
        "2020-03": {
            "month": "2020-03",
            "price": "20.10",
            "revenue": 156083
        },
        "2020-04": {
            "month": "2020-04",
            "price": "20.20",
            "revenue": 40581
        },
        "2020-05": {
            "month": "2020-05",
            "price": "20.54",
            "revenue": 43800
        },
        "2020-06": {
            "month": "2020-06",
            "price": "21.24",
            "revenue": 20030
        },
        "2020-07": {
            "month": "2020-07",
            "price": "21.95",
            "revenue": 77756
        },
        "2020-08": {
            "month": "2020-08",
            "price": "21.02",
            "revenue": 72788
        },
        "2020-09": {
            "month": "2020-09",
            "price": "19.75",
            "revenue": 65222
        },
        "2020-10": {
            "month": "2020-10",
            "price": "19.26",
            "revenue": 120299
        },
        "2020-11": {
            "month": "2020-11",
            "price": "19.33",
            "revenue": 75564
        },
        "2020-12": {
            "month": "2020-12",
            "price": "19.05",
            "revenue": 508419
        },
        "2021-01": {
            "month": "2021-01",
            "price": "17.50",
            "revenue": 80910
        },
        "2021-02": {
            "month": "2021-02",
            "price": "17.08",
            "revenue": 186984
        },
        "2021-03": {
            "month": "2021-03",
            "price": "19.27",
            "revenue": 103268
        },
        "2021-04": {
            "month": "2021-04",
            "price": "21.14",
            "revenue": 94154
        },
        "2021-05": {
            "month": "2021-05",
            "price": "19.45",
            "revenue": 60091
        },
        "2021-06": {
            "month": "2021-06",
            "price": "19.68",
            "revenue": 35402
        },
        "2021-07": {
            "month": "2021-07",
            "price": "20.31",
            "revenue": 56870
        },
        "2021-08": {
            "month": "2021-08",
            "price": "19.11",
            "revenue": 35115
        },
        "2021-09": {
            "month": "2021-09",
            "price": "18.39",
            "revenue": 34467
        },
        "2021-10": {
            "month": "2021-10",
            "price": "18.23",
            "revenue": 23948
        },
        "2021-11": {
            "month": "2021-11",
            "price": "18.48",
            "revenue": 35181
        },
        "2021-12": {
            "month": "2021-12",
            "price": "18.26",
            "revenue": 17492
        },
        "2022-01": {
            "month": "2022-01",
            "price": "18.18",
            "revenue": 17088
        },
        "2022-02": {
            "month": "2022-02",
            "price": "18.12",
            "revenue": 16313
        },
        "2022-03": {
            "month": "2022-03",
            "price": "17.20",
            "revenue": 15522
        },
        "2022-04": {
            "month": "2022-04",
            "price": "16.36",
            "revenue": 15579
        },
        "2022-05": {
            "month": "2022-05",
            "price": "15.61",
            "revenue": 16312
        },
        "2022-06": {
            "month": "2022-06",
            "price": "15.40",
            "revenue": 18154
        },
        "2022-07": {
            "month": "2022-07",
            "price": "14.91",
            "revenue": 15901
        },
        "2022-08": {
            "month": "2022-08",
            "price": "15.04",
            "revenue": 18293
        },
        "2022-09": {
            "month": "2022-09",
            "price": "15.27",
            "revenue": 17527
        },
        "2022-10": {
            "month": "2022-10",
            "price": "14.38",
            "revenue": 17635
        },
        "2022-11": {
            "month": "2022-11",
            "price": "14.35",
            "revenue": 17411
        },
        "2022-12": {
            "month": "2022-12",
            "price": "14.55",
            "revenue": 17526
        },
        "2023-01": {
            "month": "2023-01",
            "price": "14.60",
            "revenue": 16836
        },
        "2023-02": {
            "month": "2023-02",
            "price": "14.95",
            "revenue": 17782
        },
        "2023-03": {
            "month": "2023-03",
            "price": "15.36",
            "revenue": 18912
        },
        "2023-04": {
            "month": "2023-04",
            "price": "15.19",
            "revenue": 17793
        },
        "2023-05": {
            "month": "2023-05",
            "price": "15.65",
            "revenue": 18368
        },
        "2023-06": {
            "month": "2023-06",
            "price": "16.11",
            "revenue": 18641
        },
        "2023-07": {
            "month": "2023-07",
            "price": "15.54",
            "revenue": 18560
        },
        "2023-08": {
            "month": "2023-08",
            "price": "14.86",
            "revenue": 19584
        },
        "2023-09": {
            "month": "2023-09",
            "price": "14.69",
            "revenue": 19428
        },
        "2023-10": {
            "month": "2023-10",
            "price": "15.01",
            "revenue": 19823
        },
        "2023-11": {
            "month": "2023-11",
            "price": "16.15",
            "revenue": 17660
        },
        "2023-12": {
            "month": "2023-12",
            "price": "16.83",
            "revenue": 19018
        }
    }
}
