{
    "summary": {
        "stock_name": "太子",
        "stock_id": "2511",
        "category": "建材營造",
        "main_business": "國民住宅及商業大樓等之委託興建及經營租售",
        "website_url": "http://www.prince.com.tw",
        "ceo": "林宏俊",
        "pe_ratio": 28,
        "report_year_from": 2001,
        "report_year_to": 2023,
        "age": 23,
        "eps_negative_percentage": 13,
        "eps_growth_avg": {
            "last_all": -2.4,
            "last_2y": 9.74,
            "last_4y": -2.39,
            "last_8y": -8.03,
            "last_12y": -7.74,
            "last_16y": -10.8,
            "last_20y": -2.4,
            "at_2006_last_3y": 42.39,
            "at_2007_last_3y": 13.75,
            "at_2008_last_3y": -36.25,
            "at_2009_last_3y": -45.7,
            "at_2010_last_3y": -24.05,
            "at_2011_last_3y": 0.15,
            "at_2012_last_3y": 23.92,
            "at_2013_last_3y": 13.54,
            "at_2014_last_3y": -7.08,
            "at_2015_last_3y": -9.79,
            "at_2016_last_3y": -9.68,
            "at_2017_last_3y": -10.07,
            "at_2018_last_3y": -15.09,
            "at_2019_last_3y": -18.9,
            "at_2020_last_3y": -15.71,
            "at_2021_last_3y": 12.55,
            "at_2022_last_3y": 12.13,
            "at_2023_last_3y": 3.43,
            "at_2024_last_3y": 3.43,
            "at_2006_last_all": 42.39,
            "at_2007_last_all": 13.75,
            "at_2008_last_all": -9,
            "at_2009_last_all": -9,
            "at_2010_last_all": 9.17,
            "at_2011_last_all": 7.92,
            "at_2012_last_all": 3.35,
            "at_2013_last_all": 1.02,
            "at_2014_last_all": 2.67,
            "at_2015_last_all": 1.48,
            "at_2016_last_all": -0.99,
            "at_2017_last_all": -2.39,
            "at_2018_last_all": -2.4,
            "at_2019_last_all": -3.95,
            "at_2020_last_all": -4.67,
            "at_2021_last_all": 1.12,
            "at_2022_last_all": 0.83,
            "at_2023_last_all": -2.4,
            "at_2024_last_all": -2.4
        },
        "latest_eps": 0.37,
        "latest_price": 10.25,
        "latest_roe": 2.25,
        "latest_gross_margin": 33.22,
        "latest_equity": 25976532,
        "latest_revenue": 2218154,
        "latest_gross_profit": 736837,
        "latest_net_income": 211829,
        "latest_debt_ratio": 43.84,
        "latest_current_ratio": 485.08,
        "latest_account_receivable_turnover_ratio": 3.12,
        "latest_inventory_turnover_ratio": 0.22,
        "latest_reinvestment_rate": -18.25,
        "latest_research_to_sale_ratio": null
    },
    "eps_dividends": {
        "1991": {
            "cash": 0,
            "stock": 5,
            "eps": 0
        },
        "1992": {
            "cash": 0,
            "stock": 3.5,
            "eps": 0
        },
        "1993": {
            "cash": 0,
            "stock": 3.5,
            "eps": 0
        },
        "1994": {
            "cash": 0,
            "stock": 2,
            "eps": 0
        },
        "1995": {
            "cash": 0,
            "stock": 1,
            "eps": 0
        },
        "1996": {
            "cash": 0,
            "stock": 0.5,
            "eps": 0
        },
        "1997": {
            "cash": 0,
            "stock": 0.8,
            "eps": 0
        },
        "1998": {
            "cash": 0,
            "stock": 1,
            "eps": 0
        },
        "1999": {
            "cash": 0,
            "stock": 0.5,
            "eps": 0
        },
        "2001": {
            "cash": 0,
            "stock": 0,
            "eps": -0.58
        },
        "2002": {
            "cash": 0,
            "stock": 0,
            "eps": -1.04
        },
        "2003": {
            "cash": 0,
            "stock": 0,
            "eps": 0.39
        },
        "2004": {
            "cash": 0,
            "stock": 0,
            "eps": 1.27
        },
        "2005": {
            "cash": 0,
            "stock": 0.36,
            "eps": 1.17
        },
        "2006": {
            "cash": 1,
            "stock": 0,
            "eps": 1.58
        },
        "2007": {
            "cash": 0.55,
            "stock": 0.75,
            "eps": 0.44
        },
        "2008": {
            "cash": 0.3,
            "stock": 0.3,
            "eps": -0.33
        },
        "2009": {
            "cash": 0,
            "stock": 0,
            "eps": 0.65
        },
        "2010": {
            "cash": 0.2,
            "stock": 0.4,
            "eps": 2.22
        },
        "2011": {
            "cash": 1.4,
            "stock": 1.9,
            "eps": 2.23
        },
        "2012": {
            "cash": 0,
            "stock": 0,
            "eps": 1.59
        },
        "2013": {
            "cash": 0.5,
            "stock": 1,
            "eps": 1.31
        },
        "2014": {
            "cash": 0.3,
            "stock": 0.3,
            "eps": 1.54
        },
        "2015": {
            "cash": 0.8,
            "stock": 0,
            "eps": 1.38
        },
        "2016": {
            "cash": 1.1,
            "stock": 0,
            "eps": 0.99
        },
        "2017": {
            "cash": 1,
            "stock": 0,
            "eps": 0.8
        },
        "2018": {
            "cash": 0.65,
            "stock": 0,
            "eps": 0.78
        },
        "2019": {
            "cash": 0.65,
            "stock": 0,
            "eps": 0.58
        },
        "2020": {
            "cash": 0.5,
            "stock": 0,
            "eps": 0.49
        },
        "2021": {
            "cash": 0.4,
            "stock": 0,
            "eps": 0.95
        },
        "2022": {
            "cash": 0.5,
            "stock": 0,
            "eps": 0.91
        },
        "2023": {
            "cash": 0.5,
            "stock": 0,
            "eps": 0.36
        },
        "2024": {
            "cash": 0.36,
            "stock": 0,
            "eps": 0
        }
    },
    "dividends": {
        "1991-06-18": {
            "cash": 0,
            "stock": 5
        },
        "1992-04-23": {
            "cash": 0,
            "stock": 3.5
        },
        "1993-05-07": {
            "cash": 0,
            "stock": 3.5
        },
        "1994-05-10": {
            "cash": 0,
            "stock": 2
        },
        "1995-06-05": {
            "cash": 0,
            "stock": 1
        },
        "1996-05-24": {
            "cash": 0,
            "stock": 0.5
        },
        "1997-06-17": {
            "cash": 0,
            "stock": 0.8
        },
        "1998-05-19": {
            "cash": 0,
            "stock": 1
        },
        "1999-06-09": {
            "cash": 0,
            "stock": 0.5
        },
        "2005-04-07": {
            "cash": 0,
            "stock": 0.36
        },
        "2006-03-29": {
            "cash": 1,
            "stock": 0
        },
        "2007-03-29": {
            "cash": 0.55,
            "stock": 0.75
        },
        "2008-03-26": {
            "cash": 0.3,
            "stock": 0.3
        },
        "2010-03-31": {
            "cash": 0.2,
            "stock": 0.4
        },
        "2011-01-01": {
            "cash": 0.5,
            "stock": 1
        },
        "2011-03-28": {
            "cash": 0.9,
            "stock": 0.9
        },
        "2013-03-15": {
            "cash": 0.5,
            "stock": 1
        },
        "2014-09-30": {
            "cash": 0.3,
            "stock": 0.3
        },
        "2015-08-28": {
            "cash": 0.8,
            "stock": 0
        },
        "2016-08-08": {
            "cash": 1.1,
            "stock": 0
        },
        "2017-08-21": {
            "cash": 1,
            "stock": 0
        },
        "2018-08-21": {
            "cash": 0.65,
            "stock": 0
        },
        "2019-08-23": {
            "cash": 0.65,
            "stock": 0
        },
        "2020-08-28": {
            "cash": 0.5,
            "stock": 0
        },
        "2021-09-22": {
            "cash": 0.4,
            "stock": 0
        },
        "2022-08-23": {
            "cash": 0.5,
            "stock": 0
        },
        "2023-08-23": {
            "cash": 0.5,
            "stock": 0
        },
        "2024-03-04": {
            "cash": 0.36,
            "stock": 0
        }
    },
    "prices": {
        "200101": "3.82",
        "200102": "4.12",
        "200103": "3.95",
        "200104": "3.69",
        "200105": "3.04",
        "200106": "2.94",
        "200107": "2.57",
        "200108": "2.68",
        "200109": "2.51",
        "200110": "2.27",
        "200111": "2.23",
        "200112": "2.48",
        "200201": "2.97",
        "200202": "2.95",
        "200203": "3.36",
        "200204": "4.84",
        "200205": "4.42",
        "200206": "4.29",
        "200207": "4.03",
        "200208": "3.42",
        "200209": "3.03",
        "200210": "3.09",
        "200211": "3.44",
        "200212": "3.68",
        "200301": "4.39",
        "200302": "3.91",
        "200303": "3.56",
        "200304": "3.41",
        "200305": "2.88",
        "200306": "3.34",
        "200307": "4.10",
        "200308": "4.37",
        "200309": "4.48",
        "200310": "5.00",
        "200311": "6.22",
        "200312": "6.15",
        "200401": "7.56",
        "200402": "9.68",
        "200403": "11.08",
        "200404": "9.90",
        "200405": "7.85",
        "200406": "8.06",
        "200407": "8.00",
        "200408": "8.22",
        "200409": "9.27",
        "200410": "8.91",
        "200411": "8.23",
        "200412": "8.73",
        "200501": "9.05",
        "200502": "8.43",
        "200503": "8.25",
        "200504": "7.69",
        "200505": "7.93",
        "200506": "8.70",
        "200507": "8.32",
        "200508": "7.81",
        "200509": "6.98",
        "200510": "6.45",
        "200511": "6.16",
        "200512": "7.11",
        "200601": "8.63",
        "200602": "8.79",
        "200603": "8.05",
        "200604": "9.13",
        "200605": "12.83",
        "200606": "13.10",
        "200607": "14.28",
        "200608": "15.40",
        "200609": "16.40",
        "200610": "21.59",
        "200611": "22.19",
        "200612": "22.05",
        "200701": "21.56",
        "200702": "22.08",
        "200703": "22.13",
        "200704": "21.94",
        "200705": "21.38",
        "200706": "21.35",
        "200707": "24.70",
        "200708": "22.68",
        "200709": "21.79",
        "200710": "21.35",
        "200711": "18.49",
        "200712": "17.34",
        "200801": "16.85",
        "200802": "16.55",
        "200803": "22.33",
        "200804": "27.62",
        "200805": "27.80",
        "200806": "23.67",
        "200807": "16.81",
        "200808": "12.39",
        "200809": "8.11",
        "200810": "5.88",
        "200811": "4.65",
        "200812": "4.54",
        "200901": "4.67",
        "200902": "4.65",
        "200903": "5.70",
        "200904": "9.05",
        "200905": "14.81",
        "200906": "15.14",
        "200907": "15.37",
        "200908": "13.59",
        "200909": "14.72",
        "200910": "16.21",
        "200911": "14.92",
        "200912": "14.79",
        "201001": "16.23",
        "201002": "13.58",
        "201003": "14.13",
        "201004": "15.10",
        "201005": "13.65",
        "201006": "14.18",
        "201007": "14.15",
        "201008": "16.93",
        "201009": "21.24",
        "201010": "23.41",
        "201011": "24.91",
        "201012": "25.09",
        "201101": "22.26",
        "201102": "20.99",
        "201103": "18.11",
        "201104": "19.88",
        "201105": "23.68",
        "201106": "26.52",
        "201107": "29.25",
        "201108": "27.46",
        "201109": "23.78",
        "201110": "22.22",
        "201111": "19.21",
        "201112": "15.47",
        "201201": "17.43",
        "201202": "22.04",
        "201203": "23.12",
        "201204": "21.39",
        "201205": "20.64",
        "201206": "19.89",
        "201207": "19.60",
        "201208": "19.71",
        "201209": "21.64",
        "201210": "20.86",
        "201211": "19.87",
        "201212": "20.57",
        "201301": "20.89",
        "201302": "20.78",
        "201303": "20.72",
        "201304": "21.36",
        "201305": "21.06",
        "201306": "20.16",
        "201307": "20.58",
        "201308": "20.09",
        "201309": "17.08",
        "201310": "18.96",
        "201311": "18.13",
        "201312": "17.50",
        "201401": "16.51",
        "201402": "15.89",
        "201403": "14.81",
        "201404": "14.96",
        "201405": "14.17",
        "201406": "14.02",
        "201407": "13.29",
        "201408": "13.15",
        "201409": "12.68",
        "201410": "11.61",
        "201411": "11.70",
        "201412": "12.62",
        "201501": "12.28",
        "201502": "12.27",
        "201503": "12.65",
        "201504": "12.97",
        "201505": "12.36",
        "201506": "11.67",
        "201507": "11.08",
        "201508": "9.64",
        "201509": "9.86",
        "201510": "10.09",
        "201511": "9.61",
        "201512": "9.07",
        "201601": "8.85",
        "201602": "9.35",
        "201603": "10.62",
        "201604": "11.93",
        "201605": "11.13",
        "201606": "11.63",
        "201607": "11.43",
        "201608": "10.52",
        "201609": "10.40",
        "201610": "10.14",
        "201611": "10.04",
        "201612": "10.46",
        "201701": "10.41",
        "201702": "11.05",
        "201703": "11.48",
        "201704": "11.96",
        "201705": "12.02",
        "201706": "12.01",
        "201707": "11.87",
        "201708": "11.11",
        "201709": "11.27",
        "201710": "11.17",
        "201711": "11.27",
        "201712": "11.96",
        "201801": "12.51",
        "201802": "11.98",
        "201803": "11.97",
        "201804": "11.77",
        "201805": "11.46",
        "201806": "11.34",
        "201807": "11.10",
        "201808": "10.93",
        "201809": "10.96",
        "201810": "10.35",
        "201811": "10.26",
        "201812": "10.33",
        "201901": "10.43",
        "201902": "10.80",
        "201903": "11.12",
        "201904": "11.26",
        "201905": "11.30",
        "201906": "11.82",
        "201907": "11.77",
        "201908": "10.91",
        "201909": "11.08",
        "201910": "11.18",
        "201911": "11.20",
        "201912": "11.25",
        "202001": "11.11",
        "202002": "10.81",
        "202003": "9.63",
        "202004": "9.52",
        "202005": "9.76",
        "202006": "9.84",
        "202007": "10.15",
        "202008": "9.89",
        "202009": "10.58",
        "202010": "10.78",
        "202011": "11.03",
        "202012": "11.34",
        "202101": "11.17",
        "202102": "11.20",
        "202103": "11.18",
        "202104": "11.88",
        "202105": "11.89",
        "202106": "11.93",
        "202107": "11.98",
        "202108": "12.84",
        "202109": "13.82",
        "202110": "13.02",
        "202111": "13.31",
        "202112": "13.30",
        "202201": "13.41",
        "202202": "13.54",
        "202203": "13.43",
        "202204": "12.90",
        "202205": "12.07",
        "202206": "11.98",
        "202207": "11.72",
        "202208": "11.83",
        "202209": "11.55",
        "202210": "10.62",
        "202211": "10.59",
        "202212": "10.64",
        "202301": "10.97",
        "202302": "11.43",
        "202303": "11.55",
        "202304": "11.74",
        "202305": "12.09",
        "202306": "12.02",
        "202307": "11.80",
        "202308": "11.13",
        "202309": "10.77",
        "202310": "10.71",
        "202311": "10.92",
        "202312": "11.19"
    },
    "quarters": {
        "20011": {
            "year_quarter": 20011,
            "year": 2001,
            "quarter": 1,
            "eps": -0.06,
            "eps_growth_year": null,
            "eps_4q": -0.15,
            "eps_4q_growth_year": null,
            "roe": -0.57,
            "roe_4q": -0.57,
            "gross_profit": 193774,
            "gross_margin": 23.91,
            "gross_margin_4q_avg": 23.91,
            "net_income": -56808,
            "net_income_4q": null,
            "revenue": 810541,
            "revenue_4q": null,
            "common_shares": 9216426,
            "book_valuer_per_share": 10.83,
            "book_valuer_per_share_4q_avg": 10.83,
            "equity": 9982938,
            "current_ratio": 160.11,
            "debt_ratio": 55.8,
            "inventory_turnover_ratio": 0.04,
            "account_receivable_turnover_ratio": null,
            "reinvestment_rate": null,
            "research_to_sale_ratio": null,
            "price_fair": 0,
            "eps_avg_yearly": 0,
            "eps_latest_yearly": 0,
            "eps_growth_yearly": 0
        },
        "20012": {
            "year_quarter": 20012,
            "year": 2001,
            "quarter": 2,
            "eps": 0,
            "eps_growth_year": null,
            "eps_4q": 0.16,
            "eps_4q_growth_year": null,
            "roe": 0.03,
            "roe_4q": -0.5399999999999999,
            "gross_profit": 272991,
            "gross_margin": 17.61,
            "gross_margin_4q_avg": 20.76,
            "net_income": 3350,
            "net_income_4q": null,
            "revenue": 1550178,
            "revenue_4q": null,
            "common_shares": 9216426,
            "book_valuer_per_share": 10.85,
            "book_valuer_per_share_4q_avg": 10.84,
            "equity": 9998367,
            "current_ratio": 155.3,
            "debt_ratio": 53.3,
            "inventory_turnover_ratio": 0.09,
            "account_receivable_turnover_ratio": null,
            "reinvestment_rate": null,
            "research_to_sale_ratio": null,
            "price_fair": 0,
            "eps_avg_yearly": 0,
            "eps_latest_yearly": 0,
            "eps_growth_yearly": 0
        },
        "20013": {
            "year_quarter": 20013,
            "year": 2001,
            "quarter": 3,
            "eps": -0.17,
            "eps_growth_year": null,
            "eps_4q": 0.06,
            "eps_4q_growth_year": null,
            "roe": -1.54,
            "roe_4q": -2.08,
            "gross_profit": 79518,
            "gross_margin": 10.79,
            "gross_margin_4q_avg": 17.44,
            "net_income": -152944,
            "net_income_4q": null,
            "revenue": 736771,
            "revenue_4q": null,
            "common_shares": 9216426,
            "book_valuer_per_share": 10.68,
            "book_valuer_per_share_4q_avg": 10.79,
            "equity": 9846402,
            "current_ratio": 155.79,
            "debt_ratio": 51.95,
            "inventory_turnover_ratio": 0.05,
            "account_receivable_turnover_ratio": null,
            "reinvestment_rate": null,
            "research_to_sale_ratio": null,
            "price_fair": 0,
            "eps_avg_yearly": 0,
            "eps_latest_yearly": 0,
            "eps_growth_yearly": 0
        },
        "20014": {
            "year_quarter": 20014,
            "year": 2001,
            "quarter": 4,
            "eps": -0.35,
            "eps_growth_year": -220.69,
            "eps_4q": -0.57,
            "eps_4q_growth_year": null,
            "roe": -3.34,
            "roe_4q": -5.42,
            "gross_profit": 102192,
            "gross_margin": 7.04,
            "gross_margin_4q_avg": 14.84,
            "net_income": -320861,
            "net_income_4q": null,
            "revenue": 1450912,
            "revenue_4q": null,
            "common_shares": 9216426,
            "book_valuer_per_share": 10.18,
            "book_valuer_per_share_4q_avg": 10.64,
            "equity": 9382495,
            "current_ratio": 141.9,
            "debt_ratio": 53.73,
            "inventory_turnover_ratio": 0.11,
            "account_receivable_turnover_ratio": null,
            "reinvestment_rate": null,
            "research_to_sale_ratio": null,
            "price_fair": 0,
            "eps_avg_yearly": 0,
            "eps_latest_yearly": 0,
            "eps_growth_yearly": 0
        },
        "20021": {
            "year_quarter": 20021,
            "year": 2002,
            "quarter": 1,
            "eps": -0.03,
            "eps_growth_year": null,
            "eps_4q": -0.54,
            "eps_4q_growth_year": null,
            "roe": -0.3,
            "roe_4q": -5.1499999999999995,
            "gross_profit": 101814,
            "gross_margin": 13.9,
            "gross_margin_4q_avg": 12.34,
            "net_income": -27716,
            "net_income_4q": null,
            "revenue": 732715,
            "revenue_4q": null,
            "common_shares": 9216426,
            "book_valuer_per_share": 10.15,
            "book_valuer_per_share_4q_avg": 10.47,
            "equity": 9354828,
            "current_ratio": 145.68,
            "debt_ratio": 50.32,
            "inventory_turnover_ratio": 0.05,
            "account_receivable_turnover_ratio": null,
            "reinvestment_rate": null,
            "research_to_sale_ratio": null,
            "price_fair": 0,
            "eps_avg_yearly": 0,
            "eps_latest_yearly": 0,
            "eps_growth_yearly": 0
        },
        "20022": {
            "year_quarter": 20022,
            "year": 2002,
            "quarter": 2,
            "eps": -0.18,
            "eps_growth_year": null,
            "eps_4q": -0.71,
            "eps_4q_growth_year": -534.8,
            "roe": -1.64,
            "roe_4q": -6.819999999999999,
            "gross_profit": -88205,
            "gross_margin": -10.62,
            "gross_margin_4q_avg": 5.28,
            "net_income": -152402,
            "net_income_4q": null,
            "revenue": 830649,
            "revenue_4q": null,
            "common_shares": 9216426,
            "book_valuer_per_share": 9.97,
            "book_valuer_per_share_4q_avg": 10.25,
            "equity": 9191280,
            "current_ratio": 161.07,
            "debt_ratio": 49.99,
            "inventory_turnover_ratio": 0.08,
            "account_receivable_turnover_ratio": null,
            "reinvestment_rate": null,
            "research_to_sale_ratio": null,
            "price_fair": 0,
            "eps_avg_yearly": 0,
            "eps_latest_yearly": 0,
            "eps_growth_yearly": 0
        },
        "20023": {
            "year_quarter": 20023,
            "year": 2002,
            "quarter": 3,
            "eps": -0.13,
            "eps_growth_year": null,
            "eps_4q": -0.67,
            "eps_4q_growth_year": -1151.47,
            "roe": -1.27,
            "roe_4q": -6.55,
            "gross_profit": 47086,
            "gross_margin": 8.03,
            "gross_margin_4q_avg": 4.59,
            "net_income": -116245,
            "net_income_4q": null,
            "revenue": 586286,
            "revenue_4q": null,
            "common_shares": 9216426,
            "book_valuer_per_share": 9.85,
            "book_valuer_per_share_4q_avg": 10.04,
            "equity": 9073867,
            "current_ratio": 156.64,
            "debt_ratio": 51.3,
            "inventory_turnover_ratio": 0.05,
            "account_receivable_turnover_ratio": null,
            "reinvestment_rate": null,
            "research_to_sale_ratio": null,
            "price_fair": 0,
            "eps_avg_yearly": 0,
            "eps_latest_yearly": 0,
            "eps_growth_yearly": 0
        },
        "20024": {
            "year_quarter": 20024,
            "year": 2002,
            "quarter": 4,
            "eps": -0.7,
            "eps_growth_year": null,
            "eps_4q": -1.05,
            "eps_4q_growth_year": null,
            "roe": -6.95,
            "roe_4q": -10.160000000000002,
            "gross_profit": 35520,
            "gross_margin": 3.05,
            "gross_margin_4q_avg": 3.59,
            "net_income": -608342,
            "net_income_4q": null,
            "revenue": 1165128,
            "revenue_4q": null,
            "common_shares": 9150756,
            "book_valuer_per_share": 9.21,
            "book_valuer_per_share_4q_avg": 9.8,
            "equity": 8430037,
            "current_ratio": 125.86,
            "debt_ratio": 56.42,
            "inventory_turnover_ratio": 0.11,
            "account_receivable_turnover_ratio": null,
            "reinvestment_rate": null,
            "research_to_sale_ratio": null,
            "price_fair": 0,
            "eps_avg_yearly": 0,
            "eps_latest_yearly": 0,
            "eps_growth_yearly": 0
        },
        "20031": {
            "year_quarter": 20031,
            "year": 2003,
            "quarter": 1,
            "eps": -0.11,
            "eps_growth_year": null,
            "eps_4q": -1.17,
            "eps_4q_growth_year": null,
            "roe": -1.08,
            "roe_4q": -10.940000000000001,
            "gross_profit": 9740,
            "gross_margin": 3.4,
            "gross_margin_4q_avg": 0.97,
            "net_income": -90842,
            "net_income_4q": null,
            "revenue": 286166,
            "revenue_4q": null,
            "common_shares": 9058396,
            "book_valuer_per_share": 9.21,
            "book_valuer_per_share_4q_avg": 9.56,
            "equity": 8339745,
            "current_ratio": 108.53,
            "debt_ratio": 56.9,
            "inventory_turnover_ratio": 0.03,
            "account_receivable_turnover_ratio": null,
            "reinvestment_rate": null,
            "research_to_sale_ratio": null,
            "price_fair": 0,
            "eps_avg_yearly": 0,
            "eps_latest_yearly": 0,
            "eps_growth_yearly": 0
        },
        "20032": {
            "year_quarter": 20032,
            "year": 2003,
            "quarter": 2,
            "eps": -0.18,
            "eps_growth_year": null,
            "eps_4q": -1.07,
            "eps_4q_growth_year": null,
            "roe": -1.86,
            "roe_4q": -11.16,
            "gross_profit": -64958,
            "gross_margin": -11.49,
            "gross_margin_4q_avg": 0.75,
            "net_income": -153913,
            "net_income_4q": null,
            "revenue": 565376,
            "revenue_4q": null,
            "common_shares": 9058396,
            "book_valuer_per_share": 9.03,
            "book_valuer_per_share_4q_avg": 9.33,
            "equity": 8183790,
            "current_ratio": 115.77,
            "debt_ratio": 58.68,
            "inventory_turnover_ratio": 0.06,
            "account_receivable_turnover_ratio": null,
            "reinvestment_rate": null,
            "research_to_sale_ratio": null,
            "price_fair": 0,
            "eps_avg_yearly": 0,
            "eps_latest_yearly": 0,
            "eps_growth_yearly": 0
        },
        "20033": {
            "year_quarter": 20033,
            "year": 2003,
            "quarter": 3,
            "eps": -0.07,
            "eps_growth_year": null,
            "eps_4q": -1.01,
            "eps_4q_growth_year": null,
            "roe": -0.74,
            "roe_4q": -10.63,
            "gross_profit": 22548,
            "gross_margin": 3.21,
            "gross_margin_4q_avg": -0.46,
            "net_income": -60028,
            "net_income_4q": null,
            "revenue": 701505,
            "revenue_4q": null,
            "common_shares": 9058396,
            "book_valuer_per_share": 8.96,
            "book_valuer_per_share_4q_avg": 9.1,
            "equity": 8114688,
            "current_ratio": 123.38,
            "debt_ratio": 59.61,
            "inventory_turnover_ratio": 0.06,
            "account_receivable_turnover_ratio": null,
            "reinvestment_rate": null,
            "research_to_sale_ratio": null,
            "price_fair": 0,
            "eps_avg_yearly": 0,
            "eps_latest_yearly": 0,
            "eps_growth_yearly": 0
        },
        "20034": {
            "year_quarter": 20034,
            "year": 2003,
            "quarter": 4,
            "eps": 0.75,
            "eps_growth_year": null,
            "eps_4q": 0.39,
            "eps_4q_growth_year": null,
            "roe": 7.62,
            "roe_4q": 3.9399999999999995,
            "gross_profit": 626388,
            "gross_margin": 19.97,
            "gross_margin_4q_avg": 3.77,
            "net_income": 642769,
            "net_income_4q": null,
            "revenue": 3136467,
            "revenue_4q": null,
            "common_shares": 9058396,
            "book_valuer_per_share": 9.66,
            "book_valuer_per_share_4q_avg": 9.22,
            "equity": 8747331,
            "current_ratio": 110.77,
            "debt_ratio": 64.06,
            "inventory_turnover_ratio": 0.21,
            "account_receivable_turnover_ratio": null,
            "reinvestment_rate": null,
            "research_to_sale_ratio": null,
            "price_fair": 0,
            "eps_avg_yearly": 0,
            "eps_latest_yearly": 0,
            "eps_growth_yearly": 0
        },
        "20041": {
            "year_quarter": 20041,
            "year": 2004,
            "quarter": 1,
            "eps": -0.08,
            "eps_growth_year": null,
            "eps_4q": 0.4,
            "eps_4q_growth_year": null,
            "roe": -0.81,
            "roe_4q": 4.21,
            "gross_profit": 76931,
            "gross_margin": 11.95,
            "gross_margin_4q_avg": 5.91,
            "net_income": -70774,
            "net_income_4q": null,
            "revenue": 643982,
            "revenue_4q": null,
            "common_shares": 9058396,
            "book_valuer_per_share": 9.57,
            "book_valuer_per_share_4q_avg": 9.31,
            "equity": 8668166,
            "current_ratio": 109,
            "debt_ratio": 61.58,
            "inventory_turnover_ratio": 0.04,
            "account_receivable_turnover_ratio": null,
            "reinvestment_rate": null,
            "research_to_sale_ratio": null,
            "price_fair": 0,
            "eps_avg_yearly": 0,
            "eps_latest_yearly": 0,
            "eps_growth_yearly": 0
        },
        "20042": {
            "year_quarter": 20042,
            "year": 2004,
            "quarter": 2,
            "eps": 0.15,
            "eps_growth_year": null,
            "eps_4q": 0.74,
            "eps_4q_growth_year": null,
            "roe": 1.49,
            "roe_4q": 7.5600000000000005,
            "gross_profit": 220347,
            "gross_margin": 25.79,
            "gross_margin_4q_avg": 15.23,
            "net_income": 130044,
            "net_income_4q": null,
            "revenue": 854244,
            "revenue_4q": null,
            "common_shares": 9058396,
            "book_valuer_per_share": 9.72,
            "book_valuer_per_share_4q_avg": 9.48,
            "equity": 8803713,
            "current_ratio": 116.19,
            "debt_ratio": 60.68,
            "inventory_turnover_ratio": 0.05,
            "account_receivable_turnover_ratio": null,
            "reinvestment_rate": null,
            "research_to_sale_ratio": null,
            "price_fair": 0,
            "eps_avg_yearly": 0,
            "eps_latest_yearly": 0,
            "eps_growth_yearly": 0
        },
        "20043": {
            "year_quarter": 20043,
            "year": 2004,
            "quarter": 3,
            "eps": 0.37,
            "eps_growth_year": null,
            "eps_4q": 1.19,
            "eps_4q_growth_year": null,
            "roe": 3.53,
            "roe_4q": 11.829999999999998,
            "gross_profit": 412107,
            "gross_margin": 27.89,
            "gross_margin_4q_avg": 21.4,
            "net_income": 316700,
            "net_income_4q": null,
            "revenue": 1477660,
            "revenue_4q": null,
            "common_shares": 9058396,
            "book_valuer_per_share": 10.07,
            "book_valuer_per_share_4q_avg": 9.76,
            "equity": 9122070,
            "current_ratio": 118.12,
            "debt_ratio": 61.43,
            "inventory_turnover_ratio": 0.08,
            "account_receivable_turnover_ratio": null,
            "reinvestment_rate": null,
            "research_to_sale_ratio": null,
            "price_fair": 51.8,
            "eps_avg_yearly": 1.48,
            "eps_latest_yearly": 1.48,
            "eps_growth_yearly": 586.67
        },
        "20044": {
            "year_quarter": 20044,
            "year": 2004,
            "quarter": 4,
            "eps": 0.83,
            "eps_growth_year": 10.67,
            "eps_4q": 1.27,
            "eps_4q_growth_year": 222.1,
            "roe": 7.48,
            "roe_4q": 11.69,
            "gross_profit": 1170548,
            "gross_margin": 29.81,
            "gross_margin_4q_avg": 23.86,
            "net_income": 708797,
            "net_income_4q": null,
            "revenue": 3926857,
            "revenue_4q": null,
            "common_shares": 9058396,
            "book_valuer_per_share": 10.84,
            "book_valuer_per_share_4q_avg": 10.05,
            "equity": 9817754,
            "current_ratio": 124.73,
            "debt_ratio": 64.29,
            "inventory_turnover_ratio": 0.18,
            "account_receivable_turnover_ratio": null,
            "reinvestment_rate": null,
            "research_to_sale_ratio": null,
            "price_fair": 84,
            "eps_avg_yearly": 2.4,
            "eps_latest_yearly": 3.32,
            "eps_growth_yearly": 541.98
        },
        "20051": {
            "year_quarter": 20051,
            "year": 2005,
            "quarter": 1,
            "eps": -0.06,
            "eps_growth_year": null,
            "eps_4q": 1.37,
            "eps_4q_growth_year": 238.01,
            "roe": -0.5,
            "roe_4q": 12,
            "gross_profit": 180111,
            "gross_margin": 22.05,
            "gross_margin_4q_avg": 26.39,
            "net_income": -48551,
            "net_income_4q": null,
            "revenue": 816928,
            "revenue_4q": null,
            "common_shares": 9058396,
            "book_valuer_per_share": 10.78,
            "book_valuer_per_share_4q_avg": 10.35,
            "equity": 9767919,
            "current_ratio": 123.74,
            "debt_ratio": 59,
            "inventory_turnover_ratio": 0.04,
            "account_receivable_turnover_ratio": null,
            "reinvestment_rate": null,
            "research_to_sale_ratio": null,
            "price_fair": 84,
            "eps_avg_yearly": 2.4,
            "eps_latest_yearly": 3.32,
            "eps_growth_yearly": 541.98
        },
        "20052": {
            "year_quarter": 20052,
            "year": 2005,
            "quarter": 2,
            "eps": 0.43,
            "eps_growth_year": 186.67,
            "eps_4q": 1.58,
            "eps_4q_growth_year": 113.61,
            "roe": 3.73,
            "roe_4q": 14.24,
            "gross_profit": 512777,
            "gross_margin": 24,
            "gross_margin_4q_avg": 25.94,
            "net_income": 364708,
            "net_income_4q": null,
            "revenue": 2136995,
            "revenue_4q": null,
            "common_shares": 9058396,
            "book_valuer_per_share": 10.82,
            "book_valuer_per_share_4q_avg": 10.63,
            "equity": 9802695,
            "current_ratio": 125.29,
            "debt_ratio": 58.83,
            "inventory_turnover_ratio": 0.11,
            "account_receivable_turnover_ratio": null,
            "reinvestment_rate": -99.2,
            "research_to_sale_ratio": null,
            "price_fair": 84,
            "eps_avg_yearly": 2.4,
            "eps_latest_yearly": 3.32,
            "eps_growth_yearly": 541.98
        },
        "20053": {
            "year_quarter": 20053,
            "year": 2005,
            "quarter": 3,
            "eps": 0.19,
            "eps_growth_year": -48.65,
            "eps_4q": 1.4,
            "eps_4q_growth_year": 17.49,
            "roe": 1.63,
            "roe_4q": 12.34,
            "gross_profit": 189475,
            "gross_margin": 27.73,
            "gross_margin_4q_avg": 25.9,
            "net_income": 161168,
            "net_income_4q": null,
            "revenue": 683255,
            "revenue_4q": null,
            "common_shares": 9013330,
            "book_valuer_per_share": 11.04,
            "book_valuer_per_share_4q_avg": 10.87,
            "equity": 9954735,
            "current_ratio": 128.35,
            "debt_ratio": 57.65,
            "inventory_turnover_ratio": 0.03,
            "account_receivable_turnover_ratio": null,
            "reinvestment_rate": -56.83,
            "research_to_sale_ratio": null,
            "price_fair": 64.87,
            "eps_avg_yearly": 1.85,
            "eps_latest_yearly": 0.76,
            "eps_growth_yearly": 286.9
        },
        "20054": {
            "year_quarter": 20054,
            "year": 2005,
            "quarter": 4,
            "eps": 0.61,
            "eps_growth_year": -26.51,
            "eps_4q": 1.16,
            "eps_4q_growth_year": -9.03,
            "roe": 5.22,
            "roe_4q": 10.08,
            "gross_profit": 952302,
            "gross_margin": 22.33,
            "gross_margin_4q_avg": 24.03,
            "net_income": 533722,
            "net_income_4q": null,
            "revenue": 4265250,
            "revenue_4q": null,
            "common_shares": 9013330,
            "book_valuer_per_share": 11.62,
            "book_valuer_per_share_4q_avg": 11.07,
            "equity": 10484476,
            "current_ratio": 121.04,
            "debt_ratio": 64.17,
            "inventory_turnover_ratio": 0.22,
            "account_receivable_turnover_ratio": null,
            "reinvestment_rate": 135,
            "research_to_sale_ratio": null,
            "price_fair": 70,
            "eps_avg_yearly": 2,
            "eps_latest_yearly": 2.44,
            "eps_growth_yearly": 436.23
        },
        "20061": {
            "year_quarter": 20061,
            "year": 2006,
            "quarter": 1,
            "eps": 0.03,
            "eps_growth_year": null,
            "eps_4q": 1.23,
            "eps_4q_growth_year": -10.21,
            "roe": 0.26,
            "roe_4q": 10.84,
            "gross_profit": 188562,
            "gross_margin": 24.41,
            "gross_margin_4q_avg": 24.62,
            "net_income": 26527,
            "net_income_4q": null,
            "revenue": 772369,
            "revenue_4q": null,
            "common_shares": 9013330,
            "book_valuer_per_share": 11.39,
            "book_valuer_per_share_4q_avg": 11.22,
            "equity": 10263458,
            "current_ratio": 113.34,
            "debt_ratio": 55.67,
            "inventory_turnover_ratio": 0.04,
            "account_receivable_turnover_ratio": null,
            "reinvestment_rate": 92.11,
            "research_to_sale_ratio": null,
            "price_fair": 56.84,
            "eps_avg_yearly": 1.62,
            "eps_latest_yearly": 0.12,
            "eps_growth_yearly": 272.92
        },
        "20062": {
            "year_quarter": 20062,
            "year": 2006,
            "quarter": 2,
            "eps": 0.1,
            "eps_growth_year": -76.74,
            "eps_4q": 1,
            "eps_4q_growth_year": -37.06,
            "roe": 0.81,
            "roe_4q": 7.92,
            "gross_profit": 197090,
            "gross_margin": 30.1,
            "gross_margin_4q_avg": 26.14,
            "net_income": 80546,
            "net_income_4q": null,
            "revenue": 654883,
            "revenue_4q": null,
            "common_shares": 8651260,
            "book_valuer_per_share": 11.09,
            "book_valuer_per_share_4q_avg": 11.29,
            "equity": 9595992,
            "current_ratio": 89.5,
            "debt_ratio": 63.63,
            "inventory_turnover_ratio": 0.04,
            "account_receivable_turnover_ratio": null,
            "reinvestment_rate": 81.91,
            "research_to_sale_ratio": null,
            "price_fair": 49.7,
            "eps_avg_yearly": 1.42,
            "eps_latest_yearly": 0.4,
            "eps_growth_yearly": 382.99
        },
        "20063": {
            "year_quarter": 20063,
            "year": 2006,
            "quarter": 3,
            "eps": 0.06,
            "eps_growth_year": -68.42,
            "eps_4q": 0.86,
            "eps_4q_growth_year": -38.33,
            "roe": 0.5,
            "roe_4q": 6.79,
            "gross_profit": 256039,
            "gross_margin": 26.6,
            "gross_margin_4q_avg": 25.86,
            "net_income": 47922,
            "net_income_4q": null,
            "revenue": 962584,
            "revenue_4q": null,
            "common_shares": 8651260,
            "book_valuer_per_share": 11.16,
            "book_valuer_per_share_4q_avg": 11.32,
            "equity": 9652048,
            "current_ratio": 106.46,
            "debt_ratio": 64.39,
            "inventory_turnover_ratio": 0.05,
            "account_receivable_turnover_ratio": null,
            "reinvestment_rate": 71.93,
            "research_to_sale_ratio": null,
            "price_fair": 43.8,
            "eps_avg_yearly": 1.25,
            "eps_latest_yearly": 0.24,
            "eps_growth_yearly": 305.42
        },
        "20064": {
            "year_quarter": 20064,
            "year": 2006,
            "quarter": 4,
            "eps": 1.39,
            "eps_growth_year": 127.87,
            "eps_4q": 1.58,
            "eps_4q_growth_year": 36.6,
            "roe": 11,
            "roe_4q": 12.57,
            "gross_profit": 1590436,
            "gross_margin": 27.76,
            "gross_margin_4q_avg": 27.22,
            "net_income": 1142908,
            "net_income_4q": null,
            "revenue": 5729888,
            "revenue_4q": null,
            "common_shares": 8651260,
            "book_valuer_per_share": 12.65,
            "book_valuer_per_share_4q_avg": 11.57,
            "equity": 11128774,
            "current_ratio": 130.36,
            "debt_ratio": 70.83,
            "inventory_turnover_ratio": 0.26,
            "account_receivable_turnover_ratio": null,
            "reinvestment_rate": 131.24,
            "research_to_sale_ratio": null,
            "price_fair": 62.65,
            "eps_avg_yearly": 1.79,
            "eps_latest_yearly": 5.56,
            "eps_growth_yearly": 1375.57
        },
        "20071": {
            "year_quarter": 20071,
            "year": 2007,
            "quarter": 1,
            "eps": -0.06,
            "eps_growth_year": -300,
            "eps_4q": 1.5,
            "eps_4q_growth_year": 21.72,
            "roe": -0.45,
            "roe_4q": 11.860000000000001,
            "gross_profit": 350039,
            "gross_margin": 27.81,
            "gross_margin_4q_avg": 28.07,
            "net_income": -49054,
            "net_income_4q": null,
            "revenue": 1258896,
            "revenue_4q": null,
            "common_shares": 8651260,
            "book_valuer_per_share": 12.59,
            "book_valuer_per_share_4q_avg": 11.87,
            "equity": 10889312,
            "current_ratio": 123.86,
            "debt_ratio": 60.52,
            "inventory_turnover_ratio": 0.06,
            "account_receivable_turnover_ratio": null,
            "reinvestment_rate": 44.37,
            "research_to_sale_ratio": null,
            "price_fair": 62.65,
            "eps_avg_yearly": 1.79,
            "eps_latest_yearly": 5.56,
            "eps_growth_yearly": 1375.57
        },
        "20072": {
            "year_quarter": 20072,
            "year": 2007,
            "quarter": 2,
            "eps": 0.13,
            "eps_growth_year": 30,
            "eps_4q": 1.43,
            "eps_4q_growth_year": 43.34,
            "roe": 1.07,
            "roe_4q": 12.120000000000001,
            "gross_profit": 315046,
            "gross_margin": 23.65,
            "gross_margin_4q_avg": 26.46,
            "net_income": 114426,
            "net_income_4q": null,
            "revenue": 1332288,
            "revenue_4q": null,
            "common_shares": 8651260,
            "book_valuer_per_share": 12.16,
            "book_valuer_per_share_4q_avg": 12.14,
            "equity": 10516962,
            "current_ratio": 115.03,
            "debt_ratio": 61.18,
            "inventory_turnover_ratio": 0.07,
            "account_receivable_turnover_ratio": null,
            "reinvestment_rate": 46.83,
            "research_to_sale_ratio": null,
            "price_fair": 62.65,
            "eps_avg_yearly": 1.79,
            "eps_latest_yearly": 5.56,
            "eps_growth_yearly": 1375.57
        },
        "20073": {
            "year_quarter": 20073,
            "year": 2007,
            "quarter": 3,
            "eps": -0.12,
            "eps_growth_year": -300,
            "eps_4q": 1.18,
            "eps_4q_growth_year": 36.9,
            "roe": -1.05,
            "roe_4q": 10.57,
            "gross_profit": 104993,
            "gross_margin": 16.09,
            "gross_margin_4q_avg": 23.83,
            "net_income": -110403,
            "net_income_4q": null,
            "revenue": 652530,
            "revenue_4q": null,
            "common_shares": 9300105,
            "book_valuer_per_share": 11.23,
            "book_valuer_per_share_4q_avg": 12.16,
            "equity": 10446648,
            "current_ratio": 130.9,
            "debt_ratio": 65.56,
            "inventory_turnover_ratio": 0.03,
            "account_receivable_turnover_ratio": null,
            "reinvestment_rate": 53.64,
            "research_to_sale_ratio": null,
            "price_fair": 62.65,
            "eps_avg_yearly": 1.79,
            "eps_latest_yearly": 5.56,
            "eps_growth_yearly": 1375.57
        },
        "20074": {
            "year_quarter": 20074,
            "year": 2007,
            "quarter": 4,
            "eps": 0.49,
            "eps_growth_year": -64.75,
            "eps_4q": 0.44,
            "eps_4q_growth_year": -72.13,
            "roe": 4.11,
            "roe_4q": 3.6800000000000006,
            "gross_profit": 1062261,
            "gross_margin": 28.54,
            "gross_margin_4q_avg": 24.02,
            "net_income": 440353,
            "net_income_4q": null,
            "revenue": 3722088,
            "revenue_4q": null,
            "common_shares": 9300105,
            "book_valuer_per_share": 11.65,
            "book_valuer_per_share_4q_avg": 11.91,
            "equity": 10991237,
            "current_ratio": 145.5,
            "debt_ratio": 73.54,
            "inventory_turnover_ratio": 0.14,
            "account_receivable_turnover_ratio": null,
            "reinvestment_rate": 185,
            "research_to_sale_ratio": null,
            "price_fair": 62.65,
            "eps_avg_yearly": 1.79,
            "eps_latest_yearly": 5.56,
            "eps_growth_yearly": 1375.57
        },
        "20081": {
            "year_quarter": 20081,
            "year": 2008,
            "quarter": 1,
            "eps": -0.2,
            "eps_growth_year": null,
            "eps_4q": 0.26,
            "eps_4q_growth_year": -82.75,
            "roe": -1.92,
            "roe_4q": 2.2100000000000004,
            "gross_profit": -83466,
            "gross_margin": -4.52,
            "gross_margin_4q_avg": 15.94,
            "net_income": -209145,
            "net_income_4q": null,
            "revenue": 1847518,
            "revenue_4q": null,
            "common_shares": 9300105,
            "book_valuer_per_share": 11.47,
            "book_valuer_per_share_4q_avg": 11.63,
            "equity": 10800344,
            "current_ratio": 142.46,
            "debt_ratio": 72.9,
            "inventory_turnover_ratio": 0.09,
            "account_receivable_turnover_ratio": null,
            "reinvestment_rate": 209.69,
            "research_to_sale_ratio": null,
            "price_fair": 62.65,
            "eps_avg_yearly": 1.79,
            "eps_latest_yearly": 5.56,
            "eps_growth_yearly": 1375.57
        },
        "20082": {
            "year_quarter": 20082,
            "year": 2008,
            "quarter": 2,
            "eps": -0.74,
            "eps_growth_year": -669.23,
            "eps_4q": -0.54,
            "eps_4q_growth_year": -138.06,
            "roe": -6.74,
            "roe_4q": -5.6,
            "gross_profit": -72805,
            "gross_margin": -1.91,
            "gross_margin_4q_avg": 9.55,
            "net_income": -700230,
            "net_income_4q": null,
            "revenue": 3818978,
            "revenue_4q": null,
            "common_shares": 9300105,
            "book_valuer_per_share": 10.61,
            "book_valuer_per_share_4q_avg": 11.24,
            "equity": 9979552,
            "current_ratio": 115.34,
            "debt_ratio": 75.33,
            "inventory_turnover_ratio": 0.19,
            "account_receivable_turnover_ratio": null,
            "reinvestment_rate": 294.22,
            "research_to_sale_ratio": null,
            "price_fair": 62.65,
            "eps_avg_yearly": 1.79,
            "eps_latest_yearly": 5.56,
            "eps_growth_yearly": 1375.57
        },
        "20083": {
            "year_quarter": 20083,
            "year": 2008,
            "quarter": 3,
            "eps": -0.19,
            "eps_growth_year": null,
            "eps_4q": -0.6,
            "eps_4q_growth_year": -150.8,
            "roe": -2.3,
            "roe_4q": -6.849999999999999,
            "gross_profit": 503405,
            "gross_margin": 16.72,
            "gross_margin_4q_avg": 9.71,
            "net_income": -228141,
            "net_income_4q": null,
            "revenue": 3011567,
            "revenue_4q": null,
            "common_shares": 9579108,
            "book_valuer_per_share": 10.15,
            "book_valuer_per_share_4q_avg": 10.97,
            "equity": 9832438,
            "current_ratio": 121.35,
            "debt_ratio": 76.49,
            "inventory_turnover_ratio": 0.13,
            "account_receivable_turnover_ratio": null,
            "reinvestment_rate": 402.8,
            "research_to_sale_ratio": null,
            "price_fair": 64.2,
            "eps_avg_yearly": 1.83,
            "eps_latest_yearly": 5.56,
            "eps_growth_yearly": 1488.27
        },
        "20084": {
            "year_quarter": 20084,
            "year": 2008,
            "quarter": 4,
            "eps": 0.8,
            "eps_growth_year": 63.27,
            "eps_4q": -0.31,
            "eps_4q_growth_year": -170.11,
            "roe": 6.91,
            "roe_4q": -4.05,
            "gross_profit": 1242087,
            "gross_margin": 21.46,
            "gross_margin_4q_avg": 7.94,
            "net_income": 704204,
            "net_income_4q": null,
            "revenue": 5787474,
            "revenue_4q": null,
            "common_shares": 9579108,
            "book_valuer_per_share": 10.89,
            "book_valuer_per_share_4q_avg": 10.78,
            "equity": 10550723,
            "current_ratio": 118.01,
            "debt_ratio": 75.01,
            "inventory_turnover_ratio": 0.23,
            "account_receivable_turnover_ratio": 11.89,
            "reinvestment_rate": 457.48,
            "research_to_sale_ratio": null,
            "price_fair": 55.53,
            "eps_avg_yearly": 1.59,
            "eps_latest_yearly": 5.56,
            "eps_growth_yearly": 1653.44
        },
        "20091": {
            "year_quarter": 20091,
            "year": 2009,
            "quarter": 1,
            "eps": -0.33,
            "eps_growth_year": null,
            "eps_4q": -0.42,
            "eps_4q_growth_year": -263.86,
            "roe": -3.29,
            "roe_4q": -5.42,
            "gross_profit": 56437,
            "gross_margin": 3.55,
            "gross_margin_4q_avg": 9.96,
            "net_income": -342990,
            "net_income_4q": null,
            "revenue": 1589851,
            "revenue_4q": null,
            "common_shares": 9579108,
            "book_valuer_per_share": 10.63,
            "book_valuer_per_share_4q_avg": 10.57,
            "equity": 10292351,
            "current_ratio": 114.06,
            "debt_ratio": 76.62,
            "inventory_turnover_ratio": 0.08,
            "account_receivable_turnover_ratio": 1.59,
            "reinvestment_rate": 565.1,
            "research_to_sale_ratio": null,
            "price_fair": 55.53,
            "eps_avg_yearly": 1.59,
            "eps_latest_yearly": 5.56,
            "eps_growth_yearly": 1653.44
        },
        "20092": {
            "year_quarter": 20092,
            "year": 2009,
            "quarter": 2,
            "eps": -0.24,
            "eps_growth_year": null,
            "eps_4q": 0.03,
            "eps_4q_growth_year": null,
            "roe": -2.55,
            "roe_4q": -1.2299999999999995,
            "gross_profit": 136665,
            "gross_margin": 4.08,
            "gross_margin_4q_avg": 11.45,
            "net_income": -262507,
            "net_income_4q": null,
            "revenue": 3349038,
            "revenue_4q": null,
            "common_shares": 9579108,
            "book_valuer_per_share": 10.38,
            "book_valuer_per_share_4q_avg": 10.51,
            "equity": 10307251,
            "current_ratio": 109.04,
            "debt_ratio": 76.56,
            "inventory_turnover_ratio": 0.17,
            "account_receivable_turnover_ratio": 3.33,
            "reinvestment_rate": 829.44,
            "research_to_sale_ratio": null,
            "price_fair": 55.53,
            "eps_avg_yearly": 1.59,
            "eps_latest_yearly": 5.56,
            "eps_growth_yearly": 1653.44
        },
        "20093": {
            "year_quarter": 20093,
            "year": 2009,
            "quarter": 3,
            "eps": 0.61,
            "eps_growth_year": null,
            "eps_4q": 0.9,
            "eps_4q_growth_year": null,
            "roe": 4.99,
            "roe_4q": 6.0600000000000005,
            "gross_profit": 858862,
            "gross_margin": 25.57,
            "gross_margin_4q_avg": 13.67,
            "net_income": 526990,
            "net_income_4q": null,
            "revenue": 3358530,
            "revenue_4q": null,
            "common_shares": 9579108,
            "book_valuer_per_share": 10.99,
            "book_valuer_per_share_4q_avg": 10.72,
            "equity": 10821110,
            "current_ratio": 122.92,
            "debt_ratio": 75.07,
            "inventory_turnover_ratio": 0.13,
            "account_receivable_turnover_ratio": 3.33,
            "reinvestment_rate": 639.1,
            "research_to_sale_ratio": null,
            "price_fair": 61.32,
            "eps_avg_yearly": 1.75,
            "eps_latest_yearly": 5.56,
            "eps_growth_yearly": 2028.78
        },
        "20094": {
            "year_quarter": 20094,
            "year": 2009,
            "quarter": 4,
            "eps": 0.61,
            "eps_growth_year": -23.75,
            "eps_4q": 0.65,
            "eps_4q_growth_year": null,
            "roe": 4.9,
            "roe_4q": 4.050000000000001,
            "gross_profit": 1424551,
            "gross_margin": 30.38,
            "gross_margin_4q_avg": 15.9,
            "net_income": 549412,
            "net_income_4q": null,
            "revenue": 4688644,
            "revenue_4q": null,
            "common_shares": 9579108,
            "book_valuer_per_share": 11.94,
            "book_valuer_per_share_4q_avg": 10.99,
            "equity": 11605372,
            "current_ratio": 122.82,
            "debt_ratio": 71.06,
            "inventory_turnover_ratio": 0.18,
            "account_receivable_turnover_ratio": 10.36,
            "reinvestment_rate": 637.95,
            "research_to_sale_ratio": null,
            "price_fair": 61.32,
            "eps_avg_yearly": 1.75,
            "eps_latest_yearly": 2.44,
            "eps_growth_yearly": 1851.93
        },
        "20101": {
            "year_quarter": 20101,
            "year": 2010,
            "quarter": 1,
            "eps": 0.57,
            "eps_growth_year": null,
            "eps_4q": 1.55,
            "eps_4q_growth_year": null,
            "roe": 4.3,
            "roe_4q": 11.64,
            "gross_profit": 1071282,
            "gross_margin": 37.32,
            "gross_margin_4q_avg": 24.34,
            "net_income": 511060,
            "net_income_4q": null,
            "revenue": 2870661,
            "revenue_4q": null,
            "common_shares": 9579108,
            "book_valuer_per_share": 12.56,
            "book_valuer_per_share_4q_avg": 11.47,
            "equity": 12168634,
            "current_ratio": 130.69,
            "debt_ratio": 70.09,
            "inventory_turnover_ratio": 0.11,
            "account_receivable_turnover_ratio": 3.84,
            "reinvestment_rate": 530.58,
            "research_to_sale_ratio": null,
            "price_fair": 76.44,
            "eps_avg_yearly": 2.18,
            "eps_latest_yearly": 2.28,
            "eps_growth_yearly": 1922.75
        },
        "20102": {
            "year_quarter": 20102,
            "year": 2010,
            "quarter": 2,
            "eps": 0.67,
            "eps_growth_year": null,
            "eps_4q": 2.39,
            "eps_4q_growth_year": 7406.05,
            "roe": 5.08,
            "roe_4q": 19.27,
            "gross_profit": 1141396,
            "gross_margin": 28.79,
            "gross_margin_4q_avg": 30.52,
            "net_income": 629547,
            "net_income_4q": null,
            "revenue": 3964765,
            "revenue_4q": null,
            "common_shares": 9579108,
            "book_valuer_per_share": 13.01,
            "book_valuer_per_share_4q_avg": 12.13,
            "equity": 12601713,
            "current_ratio": 135.04,
            "debt_ratio": 69.32,
            "inventory_turnover_ratio": 0.17,
            "account_receivable_turnover_ratio": 6.34,
            "reinvestment_rate": 424.72,
            "research_to_sale_ratio": null,
            "price_fair": 92.4,
            "eps_avg_yearly": 2.64,
            "eps_latest_yearly": 2.68,
            "eps_growth_yearly": 1750.12
        },
        "20103": {
            "year_quarter": 20103,
            "year": 2010,
            "quarter": 3,
            "eps": 0.55,
            "eps_growth_year": -9.34,
            "eps_4q": 2.36,
            "eps_4q_growth_year": 162.62,
            "roe": 4.04,
            "roe_4q": 18.32,
            "gross_profit": 1217875,
            "gross_margin": 31.04,
            "gross_margin_4q_avg": 31.88,
            "net_income": 518945,
            "net_income_4q": null,
            "revenue": 3923039,
            "revenue_4q": null,
            "common_shares": 9962272,
            "book_valuer_per_share": 13.02,
            "book_valuer_per_share_4q_avg": 12.63,
            "equity": 13063758,
            "current_ratio": 126.46,
            "debt_ratio": 68.45,
            "inventory_turnover_ratio": 0.15,
            "account_receivable_turnover_ratio": 6.24,
            "reinvestment_rate": 370.99,
            "research_to_sale_ratio": null,
            "price_fair": 106.12,
            "eps_avg_yearly": 3.03,
            "eps_latest_yearly": 2.2,
            "eps_growth_yearly": 1767.79
        },
        "20104": {
            "year_quarter": 20104,
            "year": 2010,
            "quarter": 4,
            "eps": 0.43,
            "eps_growth_year": -28.94,
            "eps_4q": 2.2,
            "eps_4q_growth_year": 239.63,
            "roe": 3.1,
            "roe_4q": 16.52,
            "gross_profit": 1046018,
            "gross_margin": 26.22,
            "gross_margin_4q_avg": 30.84,
            "net_income": 410519,
            "net_income_4q": null,
            "revenue": 3989849,
            "revenue_4q": null,
            "common_shares": 9962272,
            "book_valuer_per_share": 13.44,
            "book_valuer_per_share_4q_avg": 13.01,
            "equity": 13440634,
            "current_ratio": 168.96,
            "debt_ratio": 69.4,
            "inventory_turnover_ratio": 0.15,
            "account_receivable_turnover_ratio": 4.35,
            "reinvestment_rate": 356.16,
            "research_to_sale_ratio": null,
            "price_fair": 6.79,
            "eps_avg_yearly": 2.26,
            "eps_latest_yearly": 1.72,
            "eps_growth_yearly": -22.99
        },
        "20111": {
            "year_quarter": 20111,
            "year": 2011,
            "quarter": 1,
            "eps": 0.48,
            "eps_growth_year": -15.79,
            "eps_4q": 2.13,
            "eps_4q_growth_year": 37.59,
            "roe": 3.38,
            "roe_4q": 15.6,
            "gross_profit": 1097122,
            "gross_margin": 33.5,
            "gross_margin_4q_avg": 29.89,
            "net_income": 462236,
            "net_income_4q": null,
            "revenue": 3275348,
            "revenue_4q": null,
            "common_shares": 9962272,
            "book_valuer_per_share": 13.93,
            "book_valuer_per_share_4q_avg": 13.35,
            "equity": 13943214,
            "current_ratio": 166.41,
            "debt_ratio": 70.24,
            "inventory_turnover_ratio": 0.1,
            "account_receivable_turnover_ratio": 3.09,
            "reinvestment_rate": 426.18,
            "research_to_sale_ratio": null,
            "price_fair": 6.62,
            "eps_avg_yearly": 2.21,
            "eps_latest_yearly": 1.92,
            "eps_growth_yearly": -11.41
        },
        "20112": {
            "year_quarter": 20112,
            "year": 2011,
            "quarter": 2,
            "eps": 0.92,
            "eps_growth_year": 37.71,
            "eps_4q": 2.26,
            "eps_4q_growth_year": -5.4,
            "roe": 6.6,
            "roe_4q": 17.12,
            "gross_profit": 1648512,
            "gross_margin": 43.63,
            "gross_margin_4q_avg": 33.6,
            "net_income": 920985,
            "net_income_4q": null,
            "revenue": 3778153,
            "revenue_4q": null,
            "common_shares": 9962272,
            "book_valuer_per_share": 14.02,
            "book_valuer_per_share_4q_avg": 13.6,
            "equity": 13976755,
            "current_ratio": 169.23,
            "debt_ratio": 71.5,
            "inventory_turnover_ratio": 0.09,
            "account_receivable_turnover_ratio": 4.71,
            "reinvestment_rate": 379.94,
            "research_to_sale_ratio": null,
            "price_fair": 84.6,
            "eps_avg_yearly": 2.42,
            "eps_latest_yearly": 3.68,
            "eps_growth_yearly": 42.6
        },
        "20113": {
            "year_quarter": 20113,
            "year": 2011,
            "quarter": 3,
            "eps": 0.27,
            "eps_growth_year": -50.55,
            "eps_4q": 2.03,
            "eps_4q_growth_year": -13.87,
            "roe": 1.87,
            "roe_4q": 14.949999999999998,
            "gross_profit": 1177838,
            "gross_margin": 37.28,
            "gross_margin_4q_avg": 35.16,
            "net_income": 271068,
            "net_income_4q": null,
            "revenue": 3159781,
            "revenue_4q": null,
            "common_shares": 10858877,
            "book_valuer_per_share": 13.84,
            "book_valuer_per_share_4q_avg": 13.81,
            "equity": 14986527,
            "current_ratio": 136.36,
            "debt_ratio": 70.49,
            "inventory_turnover_ratio": 0.08,
            "account_receivable_turnover_ratio": 4.42,
            "reinvestment_rate": 355.63,
            "research_to_sale_ratio": null,
            "price_fair": 26.89,
            "eps_avg_yearly": 2.25,
            "eps_latest_yearly": 1.08,
            "eps_growth_yearly": 1.95
        },
        "20114": {
            "year_quarter": 20114,
            "year": 2011,
            "quarter": 4,
            "eps": 0.56,
            "eps_growth_year": 29.74,
            "eps_4q": 2.2,
            "eps_4q_growth_year": -0.36,
            "roe": 3.86,
            "roe_4q": 15.71,
            "gross_profit": 1050653,
            "gross_margin": 24.01,
            "gross_margin_4q_avg": 34.61,
            "net_income": 589986,
            "net_income_4q": null,
            "revenue": 4376660,
            "revenue_4q": null,
            "common_shares": 10858877,
            "book_valuer_per_share": 14.39,
            "book_valuer_per_share_4q_avg": 14.05,
            "equity": 15558888,
            "current_ratio": 144.87,
            "debt_ratio": 69.62,
            "inventory_turnover_ratio": 0.13,
            "account_receivable_turnover_ratio": 4.37,
            "reinvestment_rate": 243.51,
            "research_to_sale_ratio": null,
            "price_fair": 78.71,
            "eps_avg_yearly": 2.25,
            "eps_latest_yearly": 2.24,
            "eps_growth_yearly": 49.47
        },
        "20121": {
            "year_quarter": 20121,
            "year": 2012,
            "quarter": 1,
            "eps": 0.5,
            "eps_growth_year": 4.17,
            "eps_4q": 2.25,
            "eps_4q_growth_year": 5.65,
            "roe": 3.27,
            "roe_4q": 15.6,
            "gross_profit": 1206214,
            "gross_margin": 36.32,
            "gross_margin_4q_avg": 35.31,
            "net_income": 520730,
            "net_income_4q": null,
            "revenue": 3321258,
            "revenue_4q": null,
            "common_shares": 10858877,
            "book_valuer_per_share": 15.1,
            "book_valuer_per_share_4q_avg": 14.34,
            "equity": 16309049,
            "current_ratio": 144.02,
            "debt_ratio": 69.03,
            "inventory_turnover_ratio": 0.08,
            "account_receivable_turnover_ratio": 3.02,
            "reinvestment_rate": 204.59,
            "research_to_sale_ratio": null,
            "price_fair": 77.84,
            "eps_avg_yearly": 2.22,
            "eps_latest_yearly": 2,
            "eps_growth_yearly": 40.24
        },
        "20122": {
            "year_quarter": 20122,
            "year": 2012,
            "quarter": 2,
            "eps": 0.54,
            "eps_growth_year": -41.57,
            "eps_4q": 1.74,
            "eps_4q_growth_year": -22.78,
            "roe": 3.81,
            "roe_4q": 12.809999999999999,
            "gross_profit": 1089432,
            "gross_margin": 33.74,
            "gross_margin_4q_avg": 32.84,
            "net_income": 622970,
            "net_income_4q": null,
            "revenue": 3229260,
            "revenue_4q": null,
            "common_shares": 10858877,
            "book_valuer_per_share": 15.19,
            "book_valuer_per_share_4q_avg": 14.63,
            "equity": 16397413,
            "current_ratio": 122.48,
            "debt_ratio": 69.65,
            "inventory_turnover_ratio": 0.08,
            "account_receivable_turnover_ratio": 3.57,
            "reinvestment_rate": 154.57,
            "research_to_sale_ratio": null,
            "price_fair": 77.64,
            "eps_avg_yearly": 2.22,
            "eps_latest_yearly": 2.16,
            "eps_growth_yearly": 39.49
        },
        "20123": {
            "year_quarter": 20123,
            "year": 2012,
            "quarter": 3,
            "eps": -0.02,
            "eps_growth_year": -107.7,
            "eps_4q": 1.48,
            "eps_4q_growth_year": -27.12,
            "roe": -0.16,
            "roe_4q": 10.78,
            "gross_profit": 841716,
            "gross_margin": 32.16,
            "gross_margin_4q_avg": 31.56,
            "net_income": -25673,
            "net_income_4q": null,
            "revenue": 2617093,
            "revenue_4q": null,
            "common_shares": 11944764,
            "book_valuer_per_share": 13.88,
            "book_valuer_per_share_4q_avg": 14.64,
            "equity": 16476198,
            "current_ratio": 140.61,
            "debt_ratio": 70.22,
            "inventory_turnover_ratio": 0.07,
            "account_receivable_turnover_ratio": 2.67,
            "reinvestment_rate": 138.73,
            "research_to_sale_ratio": null,
            "price_fair": 77.64,
            "eps_avg_yearly": 2.22,
            "eps_latest_yearly": 2.16,
            "eps_growth_yearly": 39.49
        },
        "20124": {
            "year_quarter": 20124,
            "year": 2012,
            "quarter": 4,
            "eps": 0.57,
            "eps_growth_year": 1.62,
            "eps_4q": 1.54,
            "eps_4q_growth_year": -29.84,
            "roe": 3.89,
            "roe_4q": 10.81,
            "gross_profit": 1536283,
            "gross_margin": 27.98,
            "gross_margin_4q_avg": 32.55,
            "net_income": 657818,
            "net_income_4q": null,
            "revenue": 5490131,
            "revenue_4q": null,
            "common_shares": 11944765,
            "book_valuer_per_share": 14.62,
            "book_valuer_per_share_4q_avg": 14.7,
            "equity": 17333946,
            "current_ratio": 147.75,
            "debt_ratio": 64.2,
            "inventory_turnover_ratio": 0.18,
            "account_receivable_turnover_ratio": 2.88,
            "reinvestment_rate": 127.95,
            "research_to_sale_ratio": null,
            "price_fair": 77.64,
            "eps_avg_yearly": 2.22,
            "eps_latest_yearly": 2.16,
            "eps_growth_yearly": 39.49
        },
        "20131": {
            "year_quarter": 20131,
            "year": 2013,
            "quarter": 1,
            "eps": 0.09,
            "eps_growth_year": -82,
            "eps_4q": 1.17,
            "eps_4q_growth_year": -47.88,
            "roe": 0.6,
            "roe_4q": 8.14,
            "gross_profit": 866440,
            "gross_margin": 33.63,
            "gross_margin_4q_avg": 31.88,
            "net_income": 104106,
            "net_income_4q": null,
            "revenue": 2576417,
            "revenue_4q": null,
            "common_shares": 11944765,
            "book_valuer_per_share": 14.58,
            "book_valuer_per_share_4q_avg": 14.57,
            "equity": 17293617,
            "current_ratio": 148.3,
            "debt_ratio": 63.44,
            "inventory_turnover_ratio": 0.12,
            "account_receivable_turnover_ratio": 1.21,
            "reinvestment_rate": -9.23,
            "research_to_sale_ratio": null,
            "price_fair": 37.4,
            "eps_avg_yearly": 2.06,
            "eps_latest_yearly": 0.36,
            "eps_growth_yearly": 8.13
        },
        "20132": {
            "year_quarter": 20132,
            "year": 2013,
            "quarter": 2,
            "eps": 0.02,
            "eps_growth_year": -96.27,
            "eps_4q": 0.59,
            "eps_4q_growth_year": -66.03,
            "roe": 0.07,
            "roe_4q": 4.4,
            "gross_profit": 803738,
            "gross_margin": 29.21,
            "gross_margin_4q_avg": 30.75,
            "net_income": 11757,
            "net_income_4q": null,
            "revenue": 2751187,
            "revenue_4q": null,
            "common_shares": 11944765,
            "book_valuer_per_share": 13.98,
            "book_valuer_per_share_4q_avg": 14.27,
            "equity": 16583284,
            "current_ratio": 146.29,
            "debt_ratio": 65.29,
            "inventory_turnover_ratio": 0.14,
            "account_receivable_turnover_ratio": 1.78,
            "reinvestment_rate": -15.55,
            "research_to_sale_ratio": null,
            "price_fair": 5.73,
            "eps_avg_yearly": 1.91,
            "eps_latest_yearly": 0.08,
            "eps_growth_yearly": -16.43
        },
        "20133": {
            "year_quarter": 20133,
            "year": 2013,
            "quarter": 3,
            "eps": -0.14,
            "eps_growth_year": null,
            "eps_4q": 0.48,
            "eps_4q_growth_year": -67.72,
            "roe": -1.1,
            "roe_4q": 3.46,
            "gross_profit": 872092,
            "gross_margin": 35.81,
            "gross_margin_4q_avg": 31.66,
            "net_income": -183121,
            "net_income_4q": null,
            "revenue": 2435178,
            "revenue_4q": null,
            "common_shares": 13139241,
            "book_valuer_per_share": 12.91,
            "book_valuer_per_share_4q_avg": 14.02,
            "equity": 16839484,
            "current_ratio": 147.41,
            "debt_ratio": 66.76,
            "inventory_turnover_ratio": 0.1,
            "account_receivable_turnover_ratio": 1.7,
            "reinvestment_rate": -10.89,
            "research_to_sale_ratio": null,
            "price_fair": 5.73,
            "eps_avg_yearly": 1.91,
            "eps_latest_yearly": 0.08,
            "eps_growth_yearly": -16.43
        },
        "20134": {
            "year_quarter": 20134,
            "year": 2013,
            "quarter": 4,
            "eps": 1.34,
            "eps_growth_year": 134.07,
            "eps_4q": 1.3,
            "eps_4q_growth_year": -15.87,
            "roe": 9.62,
            "roe_4q": 9.19,
            "gross_profit": 2157227,
            "gross_margin": 22.76,
            "gross_margin_4q_avg": 30.35,
            "net_income": 1702730,
            "net_income_4q": null,
            "revenue": 9479225,
            "revenue_4q": null,
            "common_shares": 13139241,
            "book_valuer_per_share": 14.28,
            "book_valuer_per_share_4q_avg": 13.94,
            "equity": 18574498,
            "current_ratio": 181.78,
            "debt_ratio": 64.8,
            "inventory_turnover_ratio": 0.44,
            "account_receivable_turnover_ratio": 3.21,
            "reinvestment_rate": -43.71,
            "research_to_sale_ratio": null,
            "price_fair": 5.6,
            "eps_avg_yearly": 1.87,
            "eps_latest_yearly": 0.08,
            "eps_growth_yearly": -17.8
        },
        "20141": {
            "year_quarter": 20141,
            "year": 2014,
            "quarter": 1,
            "eps": 0.17,
            "eps_growth_year": 88.89,
            "eps_4q": 1.13,
            "eps_4q_growth_year": -4.06,
            "roe": 1.03,
            "roe_4q": 9.62,
            "gross_profit": 864326,
            "gross_margin": 34.21,
            "gross_margin_4q_avg": 30.5,
            "net_income": 214275,
            "net_income_4q": null,
            "revenue": 2526642,
            "revenue_4q": null,
            "common_shares": 16139241,
            "book_valuer_per_share": 14.36,
            "book_valuer_per_share_4q_avg": 13.88,
            "equity": 22987504,
            "current_ratio": 212.64,
            "debt_ratio": 58.86,
            "inventory_turnover_ratio": 0.1,
            "account_receivable_turnover_ratio": 0.79,
            "reinvestment_rate": -49.7,
            "research_to_sale_ratio": null,
            "price_fair": 5.2,
            "eps_avg_yearly": 1.73,
            "eps_latest_yearly": 0.68,
            "eps_growth_yearly": -44.72
        },
        "20142": {
            "year_quarter": 20142,
            "year": 2014,
            "quarter": 2,
            "eps": 0.3,
            "eps_growth_year": 1400,
            "eps_4q": 1.36,
            "eps_4q_growth_year": 129.15,
            "roe": 1.93,
            "roe_4q": 11.479999999999999,
            "gross_profit": 1239221,
            "gross_margin": 29.91,
            "gross_margin_4q_avg": 30.67,
            "net_income": 443423,
            "net_income_4q": null,
            "revenue": 4142792,
            "revenue_4q": null,
            "common_shares": 16139241,
            "book_valuer_per_share": 14.3,
            "book_valuer_per_share_4q_avg": 13.96,
            "equity": 22882884,
            "current_ratio": 197.39,
            "debt_ratio": 59.35,
            "inventory_turnover_ratio": 0.15,
            "account_receivable_turnover_ratio": 2.5,
            "reinvestment_rate": -51.87,
            "research_to_sale_ratio": null,
            "price_fair": 4.83,
            "eps_avg_yearly": 1.61,
            "eps_latest_yearly": 1.2,
            "eps_growth_yearly": -25.07
        },
        "20143": {
            "year_quarter": 20143,
            "year": 2014,
            "quarter": 3,
            "eps": 0.2,
            "eps_growth_year": null,
            "eps_4q": 1.66,
            "eps_4q_growth_year": 248.03,
            "roe": 1.36,
            "roe_4q": 13.94,
            "gross_profit": 985051,
            "gross_margin": 31.66,
            "gross_margin_4q_avg": 29.64,
            "net_income": 312403,
            "net_income_4q": null,
            "revenue": 3111259,
            "revenue_4q": null,
            "common_shares": 16623418,
            "book_valuer_per_share": 13.91,
            "book_valuer_per_share_4q_avg": 14.21,
            "equity": 22915723,
            "current_ratio": 189.95,
            "debt_ratio": 57.95,
            "inventory_turnover_ratio": 0.1,
            "account_receivable_turnover_ratio": 2.24,
            "reinvestment_rate": -58.81,
            "research_to_sale_ratio": null,
            "price_fair": 4.48,
            "eps_avg_yearly": 1.49,
            "eps_latest_yearly": 0.8,
            "eps_growth_yearly": -30.22
        },
        "20144": {
            "year_quarter": 20144,
            "year": 2014,
            "quarter": 4,
            "eps": 0.87,
            "eps_growth_year": -35.18,
            "eps_4q": 1.48,
            "eps_4q_growth_year": 14.07,
            "roe": 5.97,
            "roe_4q": 10.29,
            "gross_profit": 2118981,
            "gross_margin": 21.97,
            "gross_margin_4q_avg": 29.44,
            "net_income": 1409533,
            "net_income_4q": null,
            "revenue": 9643772,
            "revenue_4q": null,
            "common_shares": 16623418,
            "book_valuer_per_share": 14.77,
            "book_valuer_per_share_4q_avg": 14.34,
            "equity": 24310944,
            "current_ratio": 198.84,
            "debt_ratio": 56.63,
            "inventory_turnover_ratio": 0.34,
            "account_receivable_turnover_ratio": 2.68,
            "reinvestment_rate": -57.28,
            "research_to_sale_ratio": null,
            "price_fair": 57.4,
            "eps_avg_yearly": 1.64,
            "eps_latest_yearly": 3.48,
            "eps_growth_yearly": 88.72
        },
        "20151": {
            "year_quarter": 20151,
            "year": 2015,
            "quarter": 1,
            "eps": 0.12,
            "eps_growth_year": -29.41,
            "eps_4q": 1.46,
            "eps_4q_growth_year": 29.53,
            "roe": 0.8,
            "roe_4q": 10.059999999999999,
            "gross_profit": 947392,
            "gross_margin": 34.88,
            "gross_margin_4q_avg": 29.61,
            "net_income": 193847,
            "net_income_4q": null,
            "revenue": 2715986,
            "revenue_4q": null,
            "common_shares": 16623418,
            "book_valuer_per_share": 14.81,
            "book_valuer_per_share_4q_avg": 14.45,
            "equity": 24381908,
            "current_ratio": 217.82,
            "debt_ratio": 54.46,
            "inventory_turnover_ratio": 0.08,
            "account_receivable_turnover_ratio": 0.56,
            "reinvestment_rate": -71.5,
            "research_to_sale_ratio": null,
            "price_fair": 53.2,
            "eps_avg_yearly": 1.52,
            "eps_latest_yearly": 0.48,
            "eps_growth_yearly": 56.11
        },
        "20152": {
            "year_quarter": 20152,
            "year": 2015,
            "quarter": 2,
            "eps": 0.32,
            "eps_growth_year": 6.67,
            "eps_4q": 1.5,
            "eps_4q_growth_year": 10.52,
            "roe": 2.16,
            "roe_4q": 10.29,
            "gross_profit": 1099100,
            "gross_margin": 36.45,
            "gross_margin_4q_avg": 31.24,
            "net_income": 515173,
            "net_income_4q": null,
            "revenue": 3015255,
            "revenue_4q": null,
            "common_shares": 16623418,
            "book_valuer_per_share": 14.11,
            "book_valuer_per_share_4q_avg": 14.4,
            "equity": 23240946,
            "current_ratio": 206.39,
            "debt_ratio": 56.8,
            "inventory_turnover_ratio": 0.09,
            "account_receivable_turnover_ratio": 1.23,
            "reinvestment_rate": -107.67,
            "research_to_sale_ratio": null,
            "price_fair": 46.2,
            "eps_avg_yearly": 1.32,
            "eps_latest_yearly": 1.28,
            "eps_growth_yearly": 81.11
        },
        "20153": {
            "year_quarter": 20153,
            "year": 2015,
            "quarter": 3,
            "eps": 0.09,
            "eps_growth_year": -55,
            "eps_4q": 1.39,
            "eps_4q_growth_year": -16.1,
            "roe": 0.59,
            "roe_4q": 9.52,
            "gross_profit": 890092,
            "gross_margin": 38.71,
            "gross_margin_4q_avg": 33,
            "net_income": 137456,
            "net_income_4q": null,
            "revenue": 2299092,
            "revenue_4q": null,
            "common_shares": 16623418,
            "book_valuer_per_share": 14.33,
            "book_valuer_per_share_4q_avg": 14.51,
            "equity": 23586984,
            "current_ratio": 237.27,
            "debt_ratio": 55.7,
            "inventory_turnover_ratio": 0.06,
            "account_receivable_turnover_ratio": 1.75,
            "reinvestment_rate": -117.47,
            "research_to_sale_ratio": null,
            "price_fair": 44.1,
            "eps_avg_yearly": 1.26,
            "eps_latest_yearly": 0.36,
            "eps_growth_yearly": 80.7
        },
        "20154": {
            "year_quarter": 20154,
            "year": 2015,
            "quarter": 4,
            "eps": 0.85,
            "eps_growth_year": -1.82,
            "eps_4q": 1.38,
            "eps_4q_growth_year": -6.71,
            "roe": 5.69,
            "roe_4q": 9.240000000000002,
            "gross_profit": 2238576,
            "gross_margin": 27.71,
            "gross_margin_4q_avg": 34.44,
            "net_income": 1387092,
            "net_income_4q": null,
            "revenue": 8078173,
            "revenue_4q": null,
            "common_shares": 16233261,
            "book_valuer_per_share": 15.3,
            "book_valuer_per_share_4q_avg": 14.64,
            "equity": 25174571,
            "current_ratio": 253.54,
            "debt_ratio": 53.79,
            "inventory_turnover_ratio": 0.26,
            "account_receivable_turnover_ratio": 4.21,
            "reinvestment_rate": -106.1,
            "research_to_sale_ratio": null,
            "price_fair": 47.48,
            "eps_avg_yearly": 1.36,
            "eps_latest_yearly": 3.4,
            "eps_growth_yearly": 326.38
        },
        "20161": {
            "year_quarter": 20161,
            "year": 2016,
            "quarter": 1,
            "eps": 0.07,
            "eps_growth_year": -41.67,
            "eps_4q": 1.33,
            "eps_4q_growth_year": -8.9,
            "roe": 0.42,
            "roe_4q": 8.86,
            "gross_profit": 627777,
            "gross_margin": 34.65,
            "gross_margin_4q_avg": 34.38,
            "net_income": 104705,
            "net_income_4q": null,
            "revenue": 1811908,
            "revenue_4q": null,
            "common_shares": 16233261,
            "book_valuer_per_share": 15.31,
            "book_valuer_per_share_4q_avg": 14.76,
            "equity": 25186607,
            "current_ratio": 289.43,
            "debt_ratio": 52.04,
            "inventory_turnover_ratio": 0.05,
            "account_receivable_turnover_ratio": 0.98,
            "reinvestment_rate": -117.72,
            "research_to_sale_ratio": null,
            "price_fair": 42.47,
            "eps_avg_yearly": 1.21,
            "eps_latest_yearly": 0.28,
            "eps_growth_yearly": 299.37
        },
        "20162": {
            "year_quarter": 20162,
            "year": 2016,
            "quarter": 2,
            "eps": 0.13,
            "eps_growth_year": -59.38,
            "eps_4q": 1.14,
            "eps_4q_growth_year": -24,
            "roe": 0.84,
            "roe_4q": 7.54,
            "gross_profit": 843116,
            "gross_margin": 36.7,
            "gross_margin_4q_avg": 34.44,
            "net_income": 205531,
            "net_income_4q": null,
            "revenue": 2297624,
            "revenue_4q": null,
            "common_shares": 16233261,
            "book_valuer_per_share": 14.26,
            "book_valuer_per_share_4q_avg": 14.8,
            "equity": 23473753,
            "current_ratio": 224.8,
            "debt_ratio": 54.95,
            "inventory_turnover_ratio": 0.06,
            "account_receivable_turnover_ratio": 1.95,
            "reinvestment_rate": -129.82,
            "research_to_sale_ratio": null,
            "price_fair": 37.68,
            "eps_avg_yearly": 1.08,
            "eps_latest_yearly": 0.52,
            "eps_growth_yearly": 325.27
        },
        "20163": {
            "year_quarter": 20163,
            "year": 2016,
            "quarter": 3,
            "eps": 0.11,
            "eps_growth_year": 22.22,
            "eps_4q": 1.16,
            "eps_4q_growth_year": -16.49,
            "roe": 0.74,
            "roe_4q": 7.69,
            "gross_profit": 873087,
            "gross_margin": 35.52,
            "gross_margin_4q_avg": 33.65,
            "net_income": 175288,
            "net_income_4q": null,
            "revenue": 2458143,
            "revenue_4q": null,
            "common_shares": 16233261,
            "book_valuer_per_share": 14.37,
            "book_valuer_per_share_4q_avg": 14.81,
            "equity": 23629625,
            "current_ratio": 231.32,
            "debt_ratio": 54.04,
            "inventory_turnover_ratio": 0.07,
            "account_receivable_turnover_ratio": 2.03,
            "reinvestment_rate": -127.17,
            "research_to_sale_ratio": null,
            "price_fair": 35.97,
            "eps_avg_yearly": 1.03,
            "eps_latest_yearly": 0.44,
            "eps_growth_yearly": 295.52
        },
        "20164": {
            "year_quarter": 20164,
            "year": 2016,
            "quarter": 4,
            "eps": 0.68,
            "eps_growth_year": -20.34,
            "eps_4q": 0.99,
            "eps_4q_growth_year": -28.09,
            "roe": 4.62,
            "roe_4q": 6.62,
            "gross_profit": 1591864,
            "gross_margin": 28.98,
            "gross_margin_4q_avg": 33.96,
            "net_income": 1113691,
            "net_income_4q": null,
            "revenue": 5492627,
            "revenue_4q": null,
            "common_shares": 16233261,
            "book_valuer_per_share": 14.97,
            "book_valuer_per_share_4q_avg": 14.73,
            "equity": 24627293,
            "current_ratio": 242.42,
            "debt_ratio": 51.98,
            "inventory_turnover_ratio": 0.17,
            "account_receivable_turnover_ratio": 4.86,
            "reinvestment_rate": -126.28,
            "research_to_sale_ratio": null,
            "price_fair": 40.2,
            "eps_avg_yearly": 1.15,
            "eps_latest_yearly": 2.72,
            "eps_growth_yearly": 422.46
        },
        "20171": {
            "year_quarter": 20171,
            "year": 2017,
            "quarter": 1,
            "eps": 0.09,
            "eps_growth_year": 28.57,
            "eps_4q": 1.01,
            "eps_4q_growth_year": -24.09,
            "roe": 0.56,
            "roe_4q": 6.76,
            "gross_profit": 787322,
            "gross_margin": 39.01,
            "gross_margin_4q_avg": 35.05,
            "net_income": 138120,
            "net_income_4q": null,
            "revenue": 2018318,
            "revenue_4q": null,
            "common_shares": 16233261,
            "book_valuer_per_share": 15.11,
            "book_valuer_per_share_4q_avg": 14.68,
            "equity": 24847020,
            "current_ratio": 259.33,
            "debt_ratio": 50.98,
            "inventory_turnover_ratio": 0.05,
            "account_receivable_turnover_ratio": 2.1,
            "reinvestment_rate": -16.94,
            "research_to_sale_ratio": null,
            "price_fair": 40.2,
            "eps_avg_yearly": 1.15,
            "eps_latest_yearly": 0.36,
            "eps_growth_yearly": 421.73
        },
        "20172": {
            "year_quarter": 20172,
            "year": 2017,
            "quarter": 2,
            "eps": 0.14,
            "eps_growth_year": 7.69,
            "eps_4q": 1.02,
            "eps_4q_growth_year": -11.01,
            "roe": 0.89,
            "roe_4q": 6.8100000000000005,
            "gross_profit": 738020,
            "gross_margin": 42.24,
            "gross_margin_4q_avg": 36.44,
            "net_income": 213446,
            "net_income_4q": null,
            "revenue": 1747388,
            "revenue_4q": null,
            "common_shares": 16233261,
            "book_valuer_per_share": 14.2,
            "book_valuer_per_share_4q_avg": 14.66,
            "equity": 23365537,
            "current_ratio": 220.61,
            "debt_ratio": 55.96,
            "inventory_turnover_ratio": 0.04,
            "account_receivable_turnover_ratio": 1.77,
            "reinvestment_rate": -17.7,
            "research_to_sale_ratio": null,
            "price_fair": 41.4,
            "eps_avg_yearly": 1.18,
            "eps_latest_yearly": 0.56,
            "eps_growth_yearly": 459.83
        },
        "20173": {
            "year_quarter": 20173,
            "year": 2017,
            "quarter": 3,
            "eps": 0.22,
            "eps_growth_year": 100,
            "eps_4q": 1.12,
            "eps_4q_growth_year": -3.63,
            "roe": 1.48,
            "roe_4q": 7.550000000000001,
            "gross_profit": 962927,
            "gross_margin": 23.37,
            "gross_margin_4q_avg": 33.4,
            "net_income": 346256,
            "net_income_4q": null,
            "revenue": 4120739,
            "revenue_4q": null,
            "common_shares": 16233261,
            "book_valuer_per_share": 14.32,
            "book_valuer_per_share_4q_avg": 14.65,
            "equity": 23540873,
            "current_ratio": 341.55,
            "debt_ratio": 51.35,
            "inventory_turnover_ratio": 0.14,
            "account_receivable_turnover_ratio": 4.84,
            "reinvestment_rate": -22.83,
            "research_to_sale_ratio": null,
            "price_fair": 40.69,
            "eps_avg_yearly": 1.16,
            "eps_latest_yearly": 0.88,
            "eps_growth_yearly": 444.41
        },
        "20174": {
            "year_quarter": 20174,
            "year": 2017,
            "quarter": 4,
            "eps": 0.35,
            "eps_growth_year": -49.1,
            "eps_4q": 0.79,
            "eps_4q_growth_year": -20.39,
            "roe": 2.38,
            "roe_4q": 5.3100000000000005,
            "gross_profit": 777980,
            "gross_margin": 25.08,
            "gross_margin_4q_avg": 32.43,
            "net_income": 566999,
            "net_income_4q": null,
            "revenue": 3102535,
            "revenue_4q": null,
            "common_shares": 16233261,
            "book_valuer_per_share": 14.71,
            "book_valuer_per_share_4q_avg": 14.59,
            "equity": 24176652,
            "current_ratio": 197.44,
            "debt_ratio": 51.91,
            "inventory_turnover_ratio": 0.11,
            "account_receivable_turnover_ratio": 4.11,
            "reinvestment_rate": -26.84,
            "research_to_sale_ratio": null,
            "price_fair": 41.21,
            "eps_avg_yearly": 1.18,
            "eps_latest_yearly": 1.4,
            "eps_growth_yearly": 431.41
        },
        "20181": {
            "year_quarter": 20181,
            "year": 2018,
            "quarter": 1,
            "eps": 0.16,
            "eps_growth_year": 77.78,
            "eps_4q": 0.86,
            "eps_4q_growth_year": -14.81,
            "roe": 1.01,
            "roe_4q": 5.759999999999999,
            "gross_profit": 687767,
            "gross_margin": 35.42,
            "gross_margin_4q_avg": 31.53,
            "net_income": 246454,
            "net_income_4q": null,
            "revenue": 1941891,
            "revenue_4q": null,
            "common_shares": 16233261,
            "book_valuer_per_share": 14.87,
            "book_valuer_per_share_4q_avg": 14.53,
            "equity": 24437008,
            "current_ratio": 194.54,
            "debt_ratio": 51.24,
            "inventory_turnover_ratio": 0.06,
            "account_receivable_turnover_ratio": 2.37,
            "reinvestment_rate": -51.71,
            "research_to_sale_ratio": null,
            "price_fair": 41.13,
            "eps_avg_yearly": 1.18,
            "eps_latest_yearly": 0.64,
            "eps_growth_yearly": 439.66
        },
        "20182": {
            "year_quarter": 20182,
            "year": 2018,
            "quarter": 2,
            "eps": 0.14,
            "eps_growth_year": 0,
            "eps_4q": 0.86,
            "eps_4q_growth_year": -15.12,
            "roe": 0.93,
            "roe_4q": 5.800000000000001,
            "gross_profit": 649024,
            "gross_margin": 31.88,
            "gross_margin_4q_avg": 28.94,
            "net_income": 223509,
            "net_income_4q": null,
            "revenue": 2036071,
            "revenue_4q": null,
            "common_shares": 16233261,
            "book_valuer_per_share": 14.32,
            "book_valuer_per_share_4q_avg": 14.56,
            "equity": 23535758,
            "current_ratio": 186.1,
            "debt_ratio": 55.28,
            "inventory_turnover_ratio": 0.06,
            "account_receivable_turnover_ratio": 2.42,
            "reinvestment_rate": -52.31,
            "research_to_sale_ratio": null,
            "price_fair": 39.73,
            "eps_avg_yearly": 1.14,
            "eps_latest_yearly": 0.56,
            "eps_growth_yearly": 417.42
        },
        "20183": {
            "year_quarter": 20183,
            "year": 2018,
            "quarter": 3,
            "eps": 0.16,
            "eps_growth_year": -27.27,
            "eps_4q": 0.8,
            "eps_4q_growth_year": -28.97,
            "roe": 1.07,
            "roe_4q": 5.39,
            "gross_profit": 691257,
            "gross_margin": 28.33,
            "gross_margin_4q_avg": 30.18,
            "net_income": 253139,
            "net_income_4q": null,
            "revenue": 2439901,
            "revenue_4q": null,
            "common_shares": 16233261,
            "book_valuer_per_share": 14.45,
            "book_valuer_per_share_4q_avg": 14.59,
            "equity": 23752907,
            "current_ratio": 213.95,
            "debt_ratio": 55.52,
            "inventory_turnover_ratio": 0.08,
            "account_receivable_turnover_ratio": 2.71,
            "reinvestment_rate": -49.55,
            "research_to_sale_ratio": null,
            "price_fair": 39.38,
            "eps_avg_yearly": 1.13,
            "eps_latest_yearly": 0.64,
            "eps_growth_yearly": 429.33
        },
        "20184": {
            "year_quarter": 20184,
            "year": 2018,
            "quarter": 4,
            "eps": 0.32,
            "eps_growth_year": -7.35,
            "eps_4q": 0.77,
            "eps_4q_growth_year": -2.22,
            "roe": 2.17,
            "roe_4q": 5.18,
            "gross_profit": 1334459,
            "gross_margin": 24.54,
            "gross_margin_4q_avg": 30.04,
            "net_income": 520775,
            "net_income_4q": null,
            "revenue": 5437344,
            "revenue_4q": null,
            "common_shares": 16233261,
            "book_valuer_per_share": 14.71,
            "book_valuer_per_share_4q_avg": 14.59,
            "equity": 24177881,
            "current_ratio": 306.91,
            "debt_ratio": 52.36,
            "inventory_turnover_ratio": 0.18,
            "account_receivable_turnover_ratio": 3.94,
            "reinvestment_rate": -56.08,
            "research_to_sale_ratio": null,
            "price_fair": 34.56,
            "eps_avg_yearly": 0.99,
            "eps_latest_yearly": 1.28,
            "eps_growth_yearly": 370.58
        },
        "20191": {
            "year_quarter": 20191,
            "year": 2019,
            "quarter": 1,
            "eps": 0.19,
            "eps_growth_year": 18.75,
            "eps_4q": 0.81,
            "eps_4q_growth_year": -5.84,
            "roe": 1.29,
            "roe_4q": 5.46,
            "gross_profit": 839006,
            "gross_margin": 28.76,
            "gross_margin_4q_avg": 28.38,
            "net_income": 314713,
            "net_income_4q": null,
            "revenue": 2917023,
            "revenue_4q": null,
            "common_shares": 16233261,
            "book_valuer_per_share": 14.99,
            "book_valuer_per_share_4q_avg": 14.62,
            "equity": 24633683,
            "current_ratio": 336.19,
            "debt_ratio": 56.3,
            "inventory_turnover_ratio": 0.1,
            "account_receivable_turnover_ratio": 1.89,
            "reinvestment_rate": -53.23,
            "research_to_sale_ratio": null,
            "price_fair": 35.18,
            "eps_avg_yearly": 1.01,
            "eps_latest_yearly": 0.76,
            "eps_growth_yearly": 381.97
        },
        "20192": {
            "year_quarter": 20192,
            "year": 2019,
            "quarter": 2,
            "eps": 0.17,
            "eps_growth_year": 21.43,
            "eps_4q": 0.84,
            "eps_4q_growth_year": -2.67,
            "roe": 1.09,
            "roe_4q": 5.62,
            "gross_profit": 849322,
            "gross_margin": 26.63,
            "gross_margin_4q_avg": 27.07,
            "net_income": 264594,
            "net_income_4q": null,
            "revenue": 3189211,
            "revenue_4q": null,
            "common_shares": 16233261,
            "book_valuer_per_share": 14.51,
            "book_valuer_per_share_4q_avg": 14.67,
            "equity": 23835529,
            "current_ratio": 323.69,
            "debt_ratio": 57.41,
            "inventory_turnover_ratio": 0.11,
            "account_receivable_turnover_ratio": 3.11,
            "reinvestment_rate": -50.54,
            "research_to_sale_ratio": null,
            "price_fair": 33.86,
            "eps_avg_yearly": 0.97,
            "eps_latest_yearly": 0.68,
            "eps_growth_yearly": 337.67
        },
        "20193": {
            "year_quarter": 20193,
            "year": 2019,
            "quarter": 3,
            "eps": 0.14,
            "eps_growth_year": -12.5,
            "eps_4q": 0.82,
            "eps_4q_growth_year": 3.22,
            "roe": 0.92,
            "roe_4q": 5.470000000000001,
            "gross_profit": 703164,
            "gross_margin": 26.28,
            "gross_margin_4q_avg": 26.55,
            "net_income": 220851,
            "net_income_4q": null,
            "revenue": 2675586,
            "revenue_4q": null,
            "common_shares": 16233261,
            "book_valuer_per_share": 14.58,
            "book_valuer_per_share_4q_avg": 14.7,
            "equity": 23948167,
            "current_ratio": 295.71,
            "debt_ratio": 56.71,
            "inventory_turnover_ratio": 0.1,
            "account_receivable_turnover_ratio": 4.05,
            "reinvestment_rate": -51.73,
            "research_to_sale_ratio": null,
            "price_fair": 34.3,
            "eps_avg_yearly": 0.98,
            "eps_latest_yearly": 0.56,
            "eps_growth_yearly": 351.23
        },
        "20194": {
            "year_quarter": 20194,
            "year": 2019,
            "quarter": 4,
            "eps": 0.08,
            "eps_growth_year": -73.76,
            "eps_4q": 0.59,
            "eps_4q_growth_year": -23.94,
            "roe": 0.58,
            "roe_4q": 3.88,
            "gross_profit": 670962,
            "gross_margin": 19.63,
            "gross_margin_4q_avg": 25.33,
            "net_income": 138592,
            "net_income_4q": null,
            "revenue": 3417617,
            "revenue_4q": null,
            "common_shares": 16233261,
            "book_valuer_per_share": 14.7,
            "book_valuer_per_share_4q_avg": 14.7,
            "equity": 24144812,
            "current_ratio": 265.83,
            "debt_ratio": 55.89,
            "inventory_turnover_ratio": 0.14,
            "account_receivable_turnover_ratio": 5.01,
            "reinvestment_rate": -61.95,
            "research_to_sale_ratio": null,
            "price_fair": 27.56,
            "eps_avg_yearly": 0.79,
            "eps_latest_yearly": 0.32,
            "eps_growth_yearly": 129.4
        },
        "20201": {
            "year_quarter": 20201,
            "year": 2020,
            "quarter": 1,
            "eps": -0.01,
            "eps_growth_year": -105.26,
            "eps_4q": 0.38,
            "eps_4q_growth_year": -52.85,
            "roe": -0.17,
            "roe_4q": 2.42,
            "gross_profit": 478270,
            "gross_margin": 18.17,
            "gross_margin_4q_avg": 22.68,
            "net_income": -41793,
            "net_income_4q": null,
            "revenue": 2632353,
            "revenue_4q": null,
            "common_shares": 16233261,
            "book_valuer_per_share": 14.66,
            "book_valuer_per_share_4q_avg": 14.61,
            "equity": 24050667,
            "current_ratio": 281.47,
            "debt_ratio": 53.57,
            "inventory_turnover_ratio": 0.11,
            "account_receivable_turnover_ratio": 3.1,
            "reinvestment_rate": -62.72,
            "research_to_sale_ratio": null,
            "price_fair": 28.75,
            "eps_avg_yearly": 0.82,
            "eps_latest_yearly": 0.32,
            "eps_growth_yearly": 162.5
        },
        "20202": {
            "year_quarter": 20202,
            "year": 2020,
            "quarter": 2,
            "eps": 0.08,
            "eps_growth_year": -52.94,
            "eps_4q": 0.29,
            "eps_4q_growth_year": -65.33,
            "roe": 0.4,
            "roe_4q": 1.73,
            "gross_profit": 223003,
            "gross_margin": 10.23,
            "gross_margin_4q_avg": 18.58,
            "net_income": 95575,
            "net_income_4q": null,
            "revenue": 2179743,
            "revenue_4q": null,
            "common_shares": 16233261,
            "book_valuer_per_share": 14.46,
            "book_valuer_per_share_4q_avg": 14.6,
            "equity": 23696262,
            "current_ratio": 311.85,
            "debt_ratio": 55.39,
            "inventory_turnover_ratio": 0.1,
            "account_receivable_turnover_ratio": 2.6,
            "reinvestment_rate": -51.76,
            "research_to_sale_ratio": null,
            "price_fair": 29.5,
            "eps_avg_yearly": 0.84,
            "eps_latest_yearly": 0.32,
            "eps_growth_yearly": 149.62
        },
        "20203": {
            "year_quarter": 20203,
            "year": 2020,
            "quarter": 3,
            "eps": 0.14,
            "eps_growth_year": 0,
            "eps_4q": 0.29,
            "eps_4q_growth_year": -64.58,
            "roe": 0.96,
            "roe_4q": 1.77,
            "gross_profit": 567022,
            "gross_margin": 19.47,
            "gross_margin_4q_avg": 16.88,
            "net_income": 226879,
            "net_income_4q": null,
            "revenue": 2911587,
            "revenue_4q": null,
            "common_shares": 16233261,
            "book_valuer_per_share": 14.5,
            "book_valuer_per_share_4q_avg": 14.58,
            "equity": 23765160,
            "current_ratio": 385.26,
            "debt_ratio": 54.38,
            "inventory_turnover_ratio": 0.13,
            "account_receivable_turnover_ratio": 3.9,
            "reinvestment_rate": -48.84,
            "research_to_sale_ratio": null,
            "price_fair": 29.8,
            "eps_avg_yearly": 0.85,
            "eps_latest_yearly": 0.56,
            "eps_growth_yearly": 175.44
        },
        "20204": {
            "year_quarter": 20204,
            "year": 2020,
            "quarter": 4,
            "eps": 0.28,
            "eps_growth_year": 235.6,
            "eps_4q": 0.49,
            "eps_4q_growth_year": -16.68,
            "roe": 1.86,
            "roe_4q": 3.0500000000000003,
            "gross_profit": 948729,
            "gross_margin": 22.38,
            "gross_margin_4q_avg": 17.56,
            "net_income": 448852,
            "net_income_4q": null,
            "revenue": 4239743,
            "revenue_4q": null,
            "common_shares": 16233261,
            "book_valuer_per_share": 14.92,
            "book_valuer_per_share_4q_avg": 14.64,
            "equity": 24425362,
            "current_ratio": 392.59,
            "debt_ratio": 53.18,
            "inventory_turnover_ratio": 0.19,
            "account_receivable_turnover_ratio": 4.82,
            "reinvestment_rate": -49.48,
            "research_to_sale_ratio": null,
            "price_fair": 25.8,
            "eps_avg_yearly": 0.74,
            "eps_latest_yearly": 1.12,
            "eps_growth_yearly": 55.96
        },
        "20211": {
            "year_quarter": 20211,
            "year": 2021,
            "quarter": 1,
            "eps": 0.51,
            "eps_growth_year": null,
            "eps_4q": 1.01,
            "eps_4q_growth_year": 165.45,
            "roe": 3.26,
            "roe_4q": 6.48,
            "gross_profit": 809365,
            "gross_margin": 25.04,
            "gross_margin_4q_avg": 19.28,
            "net_income": 814548,
            "net_income_4q": null,
            "revenue": 3232149,
            "revenue_4q": null,
            "common_shares": 16233261,
            "book_valuer_per_share": 15.63,
            "book_valuer_per_share_4q_avg": 14.88,
            "equity": 25567620,
            "current_ratio": 389.36,
            "debt_ratio": 49.42,
            "inventory_turnover_ratio": 0.15,
            "account_receivable_turnover_ratio": 3.18,
            "reinvestment_rate": -29.15,
            "research_to_sale_ratio": null,
            "price_fair": 30,
            "eps_avg_yearly": 0.86,
            "eps_latest_yearly": 2.04,
            "eps_growth_yearly": 104.22
        },
        "20212": {
            "year_quarter": 20212,
            "year": 2021,
            "quarter": 2,
            "eps": 0.47,
            "eps_growth_year": 487.5,
            "eps_4q": 1.41,
            "eps_4q_growth_year": 383.92,
            "roe": 2.81,
            "roe_4q": 8.89,
            "gross_profit": 770224,
            "gross_margin": 28.76,
            "gross_margin_4q_avg": 23.91,
            "net_income": 732516,
            "net_income_4q": null,
            "revenue": 2678022,
            "revenue_4q": null,
            "common_shares": 16233261,
            "book_valuer_per_share": 16.23,
            "book_valuer_per_share_4q_avg": 15.32,
            "equity": 26509486,
            "current_ratio": 317.77,
            "debt_ratio": 46,
            "inventory_turnover_ratio": 0.13,
            "account_receivable_turnover_ratio": 3.29,
            "reinvestment_rate": -15.86,
            "research_to_sale_ratio": null,
            "price_fair": 33.3,
            "eps_avg_yearly": 0.95,
            "eps_latest_yearly": 1.88,
            "eps_growth_yearly": 86.11
        },
        "20213": {
            "year_quarter": 20213,
            "year": 2021,
            "quarter": 3,
            "eps": -0.26,
            "eps_growth_year": -285.71,
            "eps_4q": 1,
            "eps_4q_growth_year": 243.43,
            "roe": -1.76,
            "roe_4q": 6.17,
            "gross_profit": 563314,
            "gross_margin": 23.12,
            "gross_margin_4q_avg": 24.83,
            "net_income": -453715,
            "net_income_4q": null,
            "revenue": 2435987,
            "revenue_4q": null,
            "common_shares": 16233261,
            "book_valuer_per_share": 15.3,
            "book_valuer_per_share_4q_avg": 15.52,
            "equity": 24977715,
            "current_ratio": 280.33,
            "debt_ratio": 48.76,
            "inventory_turnover_ratio": 0.14,
            "account_receivable_turnover_ratio": 3.85,
            "reinvestment_rate": -30.18,
            "research_to_sale_ratio": null,
            "price_fair": 33.49,
            "eps_avg_yearly": 0.96,
            "eps_latest_yearly": 1.88,
            "eps_growth_yearly": 75.15
        },
        "20214": {
            "year_quarter": 20214,
            "year": 2021,
            "quarter": 4,
            "eps": 0.23,
            "eps_growth_year": -19.62,
            "eps_4q": 0.95,
            "eps_4q_growth_year": 93.36,
            "roe": 1.44,
            "roe_4q": 5.75,
            "gross_profit": 773448,
            "gross_margin": 18.57,
            "gross_margin_4q_avg": 23.87,
            "net_income": 366095,
            "net_income_4q": null,
            "revenue": 4165377,
            "revenue_4q": null,
            "common_shares": 16233261,
            "book_valuer_per_share": 15.79,
            "book_valuer_per_share_4q_avg": 15.74,
            "equity": 25767247,
            "current_ratio": 263.63,
            "debt_ratio": 48.78,
            "inventory_turnover_ratio": 0.28,
            "account_receivable_turnover_ratio": 6.07,
            "reinvestment_rate": -35.2,
            "research_to_sale_ratio": null,
            "price_fair": 32.2,
            "eps_avg_yearly": 0.92,
            "eps_latest_yearly": 1.88,
            "eps_growth_yearly": 61.71
        },
        "20221": {
            "year_quarter": 20221,
            "year": 2022,
            "quarter": 1,
            "eps": 0.27,
            "eps_growth_year": -47.06,
            "eps_4q": 0.7,
            "eps_4q_growth_year": -30.79,
            "roe": 1.65,
            "roe_4q": 4.14,
            "gross_profit": 1317508,
            "gross_margin": 27.88,
            "gross_margin_4q_avg": 24.58,
            "net_income": 427853,
            "net_income_4q": null,
            "revenue": 4725286,
            "revenue_4q": null,
            "common_shares": 16233261,
            "book_valuer_per_share": 15.94,
            "book_valuer_per_share_4q_avg": 15.82,
            "equity": 26162553,
            "current_ratio": 290.3,
            "debt_ratio": 47.28,
            "inventory_turnover_ratio": 0.34,
            "account_receivable_turnover_ratio": 6.94,
            "reinvestment_rate": 3.63,
            "research_to_sale_ratio": null,
            "price_fair": 33.48,
            "eps_avg_yearly": 0.96,
            "eps_latest_yearly": 1.08,
            "eps_growth_yearly": 85.61
        },
        "20222": {
            "year_quarter": 20222,
            "year": 2022,
            "quarter": 2,
            "eps": 0.27,
            "eps_growth_year": -42.55,
            "eps_4q": 0.5,
            "eps_4q_growth_year": -64.41,
            "roe": 1.6,
            "roe_4q": 2.9299999999999997,
            "gross_profit": 1263373,
            "gross_margin": 34.82,
            "gross_margin_4q_avg": 26.1,
            "net_income": 415326,
            "net_income_4q": null,
            "revenue": 3628428,
            "revenue_4q": null,
            "common_shares": 16233261,
            "book_valuer_per_share": 15.64,
            "book_valuer_per_share_4q_avg": 15.67,
            "equity": 25646158,
            "current_ratio": 271.64,
            "debt_ratio": 47.53,
            "inventory_turnover_ratio": 0.29,
            "account_receivable_turnover_ratio": 5.85,
            "reinvestment_rate": -3.22,
            "research_to_sale_ratio": null,
            "price_fair": 35,
            "eps_avg_yearly": 1,
            "eps_latest_yearly": 1.08,
            "eps_growth_yearly": 89.77
        },
        "20223": {
            "year_quarter": 20223,
            "year": 2022,
            "quarter": 3,
            "eps": 0.11,
            "eps_growth_year": null,
            "eps_4q": 0.88,
            "eps_4q_growth_year": -12.31,
            "roe": 0.71,
            "roe_4q": 5.4,
            "gross_profit": 694223,
            "gross_margin": 33.73,
            "gross_margin_4q_avg": 28.75,
            "net_income": 183154,
            "net_income_4q": null,
            "revenue": 2058080,
            "revenue_4q": null,
            "common_shares": 16233261,
            "book_valuer_per_share": 15.75,
            "book_valuer_per_share_4q_avg": 15.78,
            "equity": 25818982,
            "current_ratio": 305.73,
            "debt_ratio": 45.57,
            "inventory_turnover_ratio": 0.19,
            "account_receivable_turnover_ratio": 3.13,
            "reinvestment_rate": -4.2,
            "research_to_sale_ratio": null,
            "price_fair": 34.42,
            "eps_avg_yearly": 0.98,
            "eps_latest_yearly": 0.44,
            "eps_growth_yearly": 65.26
        },
        "20224": {
            "year_quarter": 20224,
            "year": 2022,
            "quarter": 4,
            "eps": 0.26,
            "eps_growth_year": 13.7,
            "eps_4q": 0.91,
            "eps_4q_growth_year": -3.91,
            "roe": 1.61,
            "roe_4q": 5.57,
            "gross_profit": 666766,
            "gross_margin": 28.29,
            "gross_margin_4q_avg": 31.18,
            "net_income": 415823,
            "net_income_4q": null,
            "revenue": 2356984,
            "revenue_4q": null,
            "common_shares": 16233261,
            "book_valuer_per_share": 15.85,
            "book_valuer_per_share_4q_avg": 15.8,
            "equity": 25984347,
            "current_ratio": 216.37,
            "debt_ratio": 45.81,
            "inventory_turnover_ratio": 0.25,
            "account_receivable_turnover_ratio": 3.17,
            "reinvestment_rate": -5.74,
            "research_to_sale_ratio": null,
            "price_fair": 33.72,
            "eps_avg_yearly": 0.96,
            "eps_latest_yearly": 1.04,
            "eps_growth_yearly": 77.38
        },
        "20231": {
            "year_quarter": 20231,
            "year": 2023,
            "quarter": 1,
            "eps": 0.1,
            "eps_growth_year": -62.96,
            "eps_4q": 0.74,
            "eps_4q_growth_year": 5.79,
            "roe": 0.63,
            "roe_4q": 4.550000000000001,
            "gross_profit": 590448,
            "gross_margin": 27.28,
            "gross_margin_4q_avg": 31.03,
            "net_income": 164190,
            "net_income_4q": null,
            "revenue": 2164127,
            "revenue_4q": null,
            "common_shares": 16233261,
            "book_valuer_per_share": 15.99,
            "book_valuer_per_share_4q_avg": 15.81,
            "equity": 26213130,
            "current_ratio": 223.86,
            "debt_ratio": 44.48,
            "inventory_turnover_ratio": 0.23,
            "account_receivable_turnover_ratio": 2.65,
            "reinvestment_rate": -4.58,
            "research_to_sale_ratio": null,
            "price_fair": 32.67,
            "eps_avg_yearly": 0.93,
            "eps_latest_yearly": 0.4,
            "eps_growth_yearly": 70.41
        },
        "20232": {
            "year_quarter": 20232,
            "year": 2023,
            "quarter": 2,
            "eps": 0.08,
            "eps_growth_year": -70.37,
            "eps_4q": 0.55,
            "eps_4q_growth_year": 10.71,
            "roe": 0.5,
            "roe_4q": 3.45,
            "gross_profit": 591733,
            "gross_margin": 27.56,
            "gross_margin_4q_avg": 29.22,
            "net_income": 128809,
            "net_income_4q": null,
            "revenue": 2147245,
            "revenue_4q": null,
            "common_shares": 16233261,
            "book_valuer_per_share": 15.63,
            "book_valuer_per_share_4q_avg": 15.81,
            "equity": 25621282,
            "current_ratio": 286.43,
            "debt_ratio": 45.1,
            "inventory_turnover_ratio": 0.23,
            "account_receivable_turnover_ratio": 2.7,
            "reinvestment_rate": -4.66,
            "research_to_sale_ratio": null,
            "price_fair": 31.62,
            "eps_avg_yearly": 0.9,
            "eps_latest_yearly": 0.32,
            "eps_growth_yearly": 67.25
        },
        "20233": {
            "year_quarter": 20233,
            "year": 2023,
            "quarter": 3,
            "eps": 0.05,
            "eps_growth_year": -54.55,
            "eps_4q": 0.5,
            "eps_4q_growth_year": -43.61,
            "roe": 0.31,
            "roe_4q": 3.05,
            "gross_profit": 584507,
            "gross_margin": 29.89,
            "gross_margin_4q_avg": 28.26,
            "net_income": 80159,
            "net_income_4q": null,
            "revenue": 1955703,
            "revenue_4q": null,
            "common_shares": 16233261,
            "book_valuer_per_share": 15.65,
            "book_valuer_per_share_4q_avg": 15.78,
            "equity": 25652139,
            "current_ratio": 307.76,
            "debt_ratio": 43.93,
            "inventory_turnover_ratio": 0.2,
            "account_receivable_turnover_ratio": 2.81,
            "reinvestment_rate": -4.5,
            "research_to_sale_ratio": null,
            "price_fair": 30.57,
            "eps_avg_yearly": 0.87,
            "eps_latest_yearly": 0.2,
            "eps_growth_yearly": 60.63
        },
        "20234": {
            "year_quarter": 20234,
            "year": 2023,
            "quarter": 4,
            "eps": 0.13,
            "eps_growth_year": -50.46,
            "eps_4q": 0.37,
            "eps_4q_growth_year": -59.82,
            "roe": 0.82,
            "roe_4q": 2.26,
            "gross_profit": 736837,
            "gross_margin": 33.22,
            "gross_margin_4q_avg": 29.49,
            "net_income": 211829,
            "net_income_4q": null,
            "revenue": 2218154,
            "revenue_4q": null,
            "common_shares": 16233261,
            "book_valuer_per_share": 15.85,
            "book_valuer_per_share_4q_avg": 15.78,
            "equity": 25976532,
            "current_ratio": 485.08,
            "debt_ratio": 43.84,
            "inventory_turnover_ratio": 0.22,
            "account_receivable_turnover_ratio": 3.12,
            "reinvestment_rate": -18.25,
            "research_to_sale_ratio": null,
            "price_fair": 31.15,
            "eps_avg_yearly": 0.89,
            "eps_latest_yearly": 0.52,
            "eps_growth_yearly": 128.25
        }
    },
    "months": {
        "2001-06": {
            "month": "2001-06",
            "price": "2.94",
            "revenue": 259756
        },
        "2001-07": {
            "month": "2001-07",
            "price": "2.57",
            "revenue": 384175
        },
        "2001-08": {
            "month": "2001-08",
            "price": "2.68",
            "revenue": 227248
        },
        "2001-09": {
            "month": "2001-09",
            "price": "2.51",
            "revenue": 129582
        },
        "2001-10": {
            "month": "2001-10",
            "price": "2.27",
            "revenue": 529444
        },
        "2001-11": {
            "month": "2001-11",
            "price": "2.23",
            "revenue": 272331
        },
        "2001-12": {
            "month": "2001-12",
            "price": "2.48",
            "revenue": 799215
        },
        "2002-01": {
            "month": "2002-01",
            "price": "2.97",
            "revenue": 220985
        },
        "2002-02": {
            "month": "2002-02",
            "price": "2.95",
            "revenue": 206551
        },
        "2002-03": {
            "month": "2002-03",
            "price": "3.36",
            "revenue": 137639
        },
        "2002-04": {
            "month": "2002-04",
            "price": "4.84",
            "revenue": 493335
        },
        "2002-05": {
            "month": "2002-05",
            "price": "4.42",
            "revenue": 166829
        },
        "2002-06": {
            "month": "2002-06",
            "price": "4.29",
            "revenue": 82080
        },
        "2002-07": {
            "month": "2002-07",
            "price": "4.03",
            "revenue": 133997
        },
        "2002-08": {
            "month": "2002-08",
            "price": "3.42",
            "revenue": 156984
        },
        "2002-09": {
            "month": "2002-09",
            "price": "3.03",
            "revenue": 399145
        },
        "2002-10": {
            "month": "2002-10",
            "price": "3.09",
            "revenue": 313759
        },
        "2002-11": {
            "month": "2002-11",
            "price": "3.44",
            "revenue": 187980
        },
        "2002-12": {
            "month": "2002-12",
            "price": "3.68",
            "revenue": 524965
        },
        "2003-01": {
            "month": "2003-01",
            "price": "4.39",
            "revenue": 165096
        },
        "2003-02": {
            "month": "2003-02",
            "price": "3.91",
            "revenue": 65539
        },
        "2003-03": {
            "month": "2003-03",
            "price": "3.56",
            "revenue": 72691
        },
        "2003-04": {
            "month": "2003-04",
            "price": "3.41",
            "revenue": 221259
        },
        "2003-05": {
            "month": "2003-05",
            "price": "2.88",
            "revenue": 187490
        },
        "2003-06": {
            "month": "2003-06",
            "price": "3.34",
            "revenue": 163385
        },
        "2003-07": {
            "month": "2003-07",
            "price": "4.10",
            "revenue": 278503
        },
        "2003-08": {
            "month": "2003-08",
            "price": "4.37",
            "revenue": 143313
        },
        "2003-09": {
            "month": "2003-09",
            "price": "4.48",
            "revenue": 335892
        },
        "2003-10": {
            "month": "2003-10",
            "price": "5.00",
            "revenue": 151222
        },
        "2003-11": {
            "month": "2003-11",
            "price": "6.22",
            "revenue": 390932
        },
        "2003-12": {
            "month": "2003-12",
            "price": "6.15",
            "revenue": 2833263
        },
        "2004-01": {
            "month": "2004-01",
            "price": "7.56",
            "revenue": 187970
        },
        "2004-02": {
            "month": "2004-02",
            "price": "9.68",
            "revenue": 190869
        },
        "2004-03": {
            "month": "2004-03",
            "price": "11.08",
            "revenue": 122500
        },
        "2004-04": {
            "month": "2004-04",
            "price": "9.90",
            "revenue": 533167
        },
        "2004-05": {
            "month": "2004-05",
            "price": "7.85",
            "revenue": 95954
        },
        "2004-06": {
            "month": "2004-06",
            "price": "8.06",
            "revenue": 198225
        },
        "2004-07": {
            "month": "2004-07",
            "price": "8.00",
            "revenue": 57393
        },
        "2004-08": {
            "month": "2004-08",
            "price": "8.22",
            "revenue": 9503
        },
        "2004-09": {
            "month": "2004-09",
            "price": "9.27",
            "revenue": 1352646
        },
        "2004-10": {
            "month": "2004-10",
            "price": "8.91",
            "revenue": 177882
        },
        "2004-11": {
            "month": "2004-11",
            "price": "8.23",
            "revenue": 82656
        },
        "2004-12": {
            "month": "2004-12",
            "price": "8.73",
            "revenue": 3793561
        },
        "2005-01": {
            "month": "2005-01",
            "price": "9.05",
            "revenue": 637749
        },
        "2005-02": {
            "month": "2005-02",
            "price": "8.43",
            "revenue": 174324
        },
        "2005-03": {
            "month": "2005-03",
            "price": "8.25",
            "revenue": 162367
        },
        "2005-04": {
            "month": "2005-04",
            "price": "7.69",
            "revenue": 402863
        },
        "2005-05": {
            "month": "2005-05",
            "price": "7.93",
            "revenue": 122177
        },
        "2005-06": {
            "month": "2005-06",
            "price": "8.70",
            "revenue": 1388654
        },
        "2005-07": {
            "month": "2005-07",
            "price": "8.32",
            "revenue": 349025
        },
        "2005-08": {
            "month": "2005-08",
            "price": "7.81",
            "revenue": 172623
        },
        "2005-09": {
            "month": "2005-09",
            "price": "6.98",
            "revenue": 174870
        },
        "2005-10": {
            "month": "2005-10",
            "price": "6.45",
            "revenue": 146050
        },
        "2005-11": {
            "month": "2005-11",
            "price": "6.16",
            "revenue": 301687
        },
        "2005-12": {
            "month": "2005-12",
            "price": "7.11",
            "revenue": 4289940
        },
        "2006-01": {
            "month": "2006-01",
            "price": "8.63",
            "revenue": 151711
        },
        "2006-02": {
            "month": "2006-02",
            "price": "8.79",
            "revenue": 172845
        },
        "2006-03": {
            "month": "2006-03",
            "price": "8.05",
            "revenue": 350138
        },
        "2006-04": {
            "month": "2006-04",
            "price": "9.13",
            "revenue": 171553
        },
        "2006-05": {
            "month": "2006-05",
            "price": "12.83",
            "revenue": 114681
        },
        "2006-06": {
            "month": "2006-06",
            "price": "13.10",
            "revenue": 340081
        },
        "2006-07": {
            "month": "2006-07",
            "price": "14.28",
            "revenue": 174787
        },
        "2006-08": {
            "month": "2006-08",
            "price": "15.40",
            "revenue": 108111
        },
        "2006-09": {
            "month": "2006-09",
            "price": "16.40",
            "revenue": 715615
        },
        "2006-10": {
            "month": "2006-10",
            "price": "21.59",
            "revenue": 216594
        },
        "2006-11": {
            "month": "2006-11",
            "price": "22.19",
            "revenue": 192930
        },
        "2006-12": {
            "month": "2006-12",
            "price": "22.05",
            "revenue": 5713698
        },
        "2007-01": {
            "month": "2007-01",
            "price": "21.56",
            "revenue": 486219
        },
        "2007-02": {
            "month": "2007-02",
            "price": "22.08",
            "revenue": 319991
        },
        "2007-03": {
            "month": "2007-03",
            "price": "22.13",
            "revenue": 306704
        },
        "2007-04": {
            "month": "2007-04",
            "price": "21.94",
            "revenue": 389909
        },
        "2007-05": {
            "month": "2007-05",
            "price": "21.38",
            "revenue": 377554
        },
        "2007-06": {
            "month": "2007-06",
            "price": "21.35",
            "revenue": 561758
        },
        "2007-07": {
            "month": "2007-07",
            "price": "24.70",
            "revenue": 153564
        },
        "2007-08": {
            "month": "2007-08",
            "price": "22.68",
            "revenue": 240894
        },
        "2007-09": {
            "month": "2007-09",
            "price": "21.79",
            "revenue": 224515
        },
        "2007-10": {
            "month": "2007-10",
            "price": "21.35",
            "revenue": 105780
        },
        "2007-11": {
            "month": "2007-11",
            "price": "18.49",
            "revenue": 595292
        },
        "2007-12": {
            "month": "2007-12",
            "price": "17.34",
            "revenue": 3053272
        },
        "2008-01": {
            "month": "2008-01",
            "price": "16.85",
            "revenue": 173367
        },
        "2008-02": {
            "month": "2008-02",
            "price": "16.55",
            "revenue": 240429
        },
        "2008-03": {
            "month": "2008-03",
            "price": "22.33",
            "revenue": 211468
        },
        "2008-04": {
            "month": "2008-04",
            "price": "27.62",
            "revenue": 999307
        },
        "2008-05": {
            "month": "2008-05",
            "price": "27.80",
            "revenue": 202991
        },
        "2008-06": {
            "month": "2008-06",
            "price": "23.67",
            "revenue": 1546504
        },
        "2008-07": {
            "month": "2008-07",
            "price": "16.81",
            "revenue": 237241
        },
        "2008-08": {
            "month": "2008-08",
            "price": "12.39",
            "revenue": 74615
        },
        "2008-09": {
            "month": "2008-09",
            "price": "8.11",
            "revenue": 1238673
        },
        "2008-10": {
            "month": "2008-10",
            "price": "5.88",
            "revenue": 465478
        },
        "2008-11": {
            "month": "2008-11",
            "price": "4.65",
            "revenue": 191580
        },
        "2008-12": {
            "month": "2008-12",
            "price": "4.54",
            "revenue": 1156071
        },
        "2009-01": {
            "month": "2009-01",
            "price": "4.67",
            "revenue": 610882
        },
        "2009-02": {
            "month": "2009-02",
            "price": "4.65",
            "revenue": 222862
        },
        "2009-03": {
            "month": "2009-03",
            "price": "5.70",
            "revenue": 274883
        },
        "2009-04": {
            "month": "2009-04",
            "price": "9.05",
            "revenue": 374290
        },
        "2009-05": {
            "month": "2009-05",
            "price": "14.81",
            "revenue": 302037
        },
        "2009-06": {
            "month": "2009-06",
            "price": "15.14",
            "revenue": 443360
        },
        "2009-07": {
            "month": "2009-07",
            "price": "15.37",
            "revenue": 239270
        },
        "2009-08": {
            "month": "2009-08",
            "price": "13.59",
            "revenue": 740651
        },
        "2009-09": {
            "month": "2009-09",
            "price": "14.72",
            "revenue": 1504676
        },
        "2009-10": {
            "month": "2009-10",
            "price": "16.21",
            "revenue": 710205
        },
        "2009-11": {
            "month": "2009-11",
            "price": "14.92",
            "revenue": 913882
        },
        "2009-12": {
            "month": "2009-12",
            "price": "14.79",
            "revenue": 1782098
        },
        "2010-01": {
            "month": "2010-01",
            "price": "16.23",
            "revenue": 363679
        },
        "2010-02": {
            "month": "2010-02",
            "price": "13.58",
            "revenue": 757416
        },
        "2010-03": {
            "month": "2010-03",
            "price": "14.13",
            "revenue": 468856
        },
        "2010-04": {
            "month": "2010-04",
            "price": "15.10",
            "revenue": 743792
        },
        "2010-05": {
            "month": "2010-05",
            "price": "13.65",
            "revenue": 703773
        },
        "2010-06": {
            "month": "2010-06",
            "price": "14.18",
            "revenue": 1316985
        },
        "2010-07": {
            "month": "2010-07",
            "price": "14.15",
            "revenue": 1027297
        },
        "2010-08": {
            "month": "2010-08",
            "price": "16.93",
            "revenue": 1097719
        },
        "2010-09": {
            "month": "2010-09",
            "price": "21.24",
            "revenue": 772671
        },
        "2010-10": {
            "month": "2010-10",
            "price": "23.41",
            "revenue": 796067
        },
        "2010-11": {
            "month": "2010-11",
            "price": "24.91",
            "revenue": 715170
        },
        "2010-12": {
            "month": "2010-12",
            "price": "25.09",
            "revenue": 1802510
        },
        "2011-01": {
            "month": "2011-01",
            "price": "22.26",
            "revenue": 720621
        },
        "2011-02": {
            "month": "2011-02",
            "price": "20.99",
            "revenue": 692884
        },
        "2011-03": {
            "month": "2011-03",
            "price": "18.11",
            "revenue": 764768
        },
        "2011-04": {
            "month": "2011-04",
            "price": "19.88",
            "revenue": 661423
        },
        "2011-05": {
            "month": "2011-05",
            "price": "23.68",
            "revenue": 713129
        },
        "2011-06": {
            "month": "2011-06",
            "price": "26.52",
            "revenue": 645754
        },
        "2011-07": {
            "month": "2011-07",
            "price": "29.25",
            "revenue": 620346
        },
        "2011-08": {
            "month": "2011-08",
            "price": "27.46",
            "revenue": 874331
        },
        "2011-09": {
            "month": "2011-09",
            "price": "23.78",
            "revenue": 557611
        },
        "2011-10": {
            "month": "2011-10",
            "price": "22.22",
            "revenue": 607291
        },
        "2011-11": {
            "month": "2011-11",
            "price": "19.21",
            "revenue": 497272
        },
        "2011-12": {
            "month": "2011-12",
            "price": "15.47",
            "revenue": 1655349
        },
        "2012-01": {
            "month": "2012-01",
            "price": "17.43",
            "revenue": 546128
        },
        "2012-02": {
            "month": "2012-02",
            "price": "22.04",
            "revenue": 522538
        },
        "2012-03": {
            "month": "2012-03",
            "price": "23.12",
            "revenue": 542409
        },
        "2012-04": {
            "month": "2012-04",
            "price": "21.39",
            "revenue": 455474
        },
        "2012-05": {
            "month": "2012-05",
            "price": "20.64",
            "revenue": 812400
        },
        "2012-06": {
            "month": "2012-06",
            "price": "19.89",
            "revenue": 317961
        },
        "2012-07": {
            "month": "2012-07",
            "price": "19.60",
            "revenue": 202604
        },
        "2012-08": {
            "month": "2012-08",
            "price": "19.71",
            "revenue": 186647
        },
        "2012-09": {
            "month": "2012-09",
            "price": "21.64",
            "revenue": 393957
        },
        "2012-10": {
            "month": "2012-10",
            "price": "20.86",
            "revenue": 724941
        },
        "2012-11": {
            "month": "2012-11",
            "price": "19.87",
            "revenue": 823527
        },
        "2012-12": {
            "month": "2012-12",
            "price": "20.57",
            "revenue": 2392475
        },
        "2013-01": {
            "month": "2013-01",
            "price": "20.89",
            "revenue": 719020
        },
        "2013-02": {
            "month": "2013-02",
            "price": "20.78",
            "revenue": 674784
        },
        "2013-03": {
            "month": "2013-03",
            "price": "20.72",
            "revenue": 1166415
        },
        "2013-04": {
            "month": "2013-04",
            "price": "21.36",
            "revenue": 966665
        },
        "2013-05": {
            "month": "2013-05",
            "price": "21.06",
            "revenue": 971954
        },
        "2013-06": {
            "month": "2013-06",
            "price": "20.16",
            "revenue": 814687
        },
        "2013-07": {
            "month": "2013-07",
            "price": "20.58",
            "revenue": 966290
        },
        "2013-08": {
            "month": "2013-08",
            "price": "20.09",
            "revenue": 543413
        },
        "2013-09": {
            "month": "2013-09",
            "price": "17.08",
            "revenue": 965088
        },
        "2013-10": {
            "month": "2013-10",
            "price": "18.96",
            "revenue": 974230
        },
        "2013-11": {
            "month": "2013-11",
            "price": "18.13",
            "revenue": 788177
        },
        "2013-12": {
            "month": "2013-12",
            "price": "17.50",
            "revenue": 7687350
        },
        "2014-01": {
            "month": "2014-01",
            "price": "16.51",
            "revenue": 685382
        },
        "2014-02": {
            "month": "2014-02",
            "price": "15.89",
            "revenue": 1015851
        },
        "2014-03": {
            "month": "2014-03",
            "price": "14.81",
            "revenue": 768143
        },
        "2014-04": {
            "month": "2014-04",
            "price": "14.96",
            "revenue": 1523002
        },
        "2014-05": {
            "month": "2014-05",
            "price": "14.17",
            "revenue": 1044495
        },
        "2014-06": {
            "month": "2014-06",
            "price": "14.02",
            "revenue": 1440400
        },
        "2014-07": {
            "month": "2014-07",
            "price": "13.29",
            "revenue": 1067839
        },
        "2014-08": {
            "month": "2014-08",
            "price": "13.15",
            "revenue": 1016164
        },
        "2014-09": {
            "month": "2014-09",
            "price": "12.68",
            "revenue": 1118567
        },
        "2014-10": {
            "month": "2014-10",
            "price": "11.61",
            "revenue": 1191503
        },
        "2014-11": {
            "month": "2014-11",
            "price": "11.70",
            "revenue": 998597
        },
        "2014-12": {
            "month": "2014-12",
            "price": "12.62",
            "revenue": 7446804
        },
        "2015-01": {
            "month": "2015-01",
            "price": "12.28",
            "revenue": 646081
        },
        "2015-02": {
            "month": "2015-02",
            "price": "12.27",
            "revenue": 709944
        },
        "2015-03": {
            "month": "2015-03",
            "price": "12.65",
            "revenue": 1370436
        },
        "2015-04": {
            "month": "2015-04",
            "price": "12.97",
            "revenue": 862509
        },
        "2015-05": {
            "month": "2015-05",
            "price": "12.36",
            "revenue": 1221740
        },
        "2015-06": {
            "month": "2015-06",
            "price": "11.67",
            "revenue": 946784
        },
        "2015-07": {
            "month": "2015-07",
            "price": "11.08",
            "revenue": 785433
        },
        "2015-08": {
            "month": "2015-08",
            "price": "9.64",
            "revenue": 674808
        },
        "2015-09": {
            "month": "2015-09",
            "price": "9.86",
            "revenue": 821696
        },
        "2015-10": {
            "month": "2015-10",
            "price": "10.09",
            "revenue": 1016042
        },
        "2015-11": {
            "month": "2015-11",
            "price": "9.61",
            "revenue": 1207314
        },
        "2015-12": {
            "month": "2015-12",
            "price": "9.07",
            "revenue": 5906226
        },
        "2016-01": {
            "month": "2016-01",
            "price": "8.85",
            "revenue": 470390
        },
        "2016-02": {
            "month": "2016-02",
            "price": "9.35",
            "revenue": 610463
        },
        "2016-03": {
            "month": "2016-03",
            "price": "10.62",
            "revenue": 727325
        },
        "2016-04": {
            "month": "2016-04",
            "price": "11.93",
            "revenue": 714053
        },
        "2016-05": {
            "month": "2016-05",
            "price": "11.13",
            "revenue": 732200
        },
        "2016-06": {
            "month": "2016-06",
            "price": "11.63",
            "revenue": 843639
        },
        "2016-07": {
            "month": "2016-07",
            "price": "11.43",
            "revenue": 801470
        },
        "2016-08": {
            "month": "2016-08",
            "price": "10.52",
            "revenue": 703922
        },
        "2016-09": {
            "month": "2016-09",
            "price": "10.40",
            "revenue": 959342
        },
        "2016-10": {
            "month": "2016-10",
            "price": "10.14",
            "revenue": 941438
        },
        "2016-11": {
            "month": "2016-11",
            "price": "10.04",
            "revenue": 1946630
        },
        "2016-12": {
            "month": "2016-12",
            "price": "10.46",
            "revenue": 2616947
        },
        "2017-01": {
            "month": "2017-01",
            "price": "10.41",
            "revenue": 891568
        },
        "2017-02": {
            "month": "2017-02",
            "price": "11.05",
            "revenue": 541155
        },
        "2017-03": {
            "month": "2017-03",
            "price": "11.48",
            "revenue": 596001
        },
        "2017-04": {
            "month": "2017-04",
            "price": "11.96",
            "revenue": 611083
        },
        "2017-05": {
            "month": "2017-05",
            "price": "12.02",
            "revenue": 536859
        },
        "2017-06": {
            "month": "2017-06",
            "price": "12.01",
            "revenue": 612100
        },
        "2017-07": {
            "month": "2017-07",
            "price": "11.87",
            "revenue": 3076799
        },
        "2017-08": {
            "month": "2017-08",
            "price": "11.11",
            "revenue": 508271
        },
        "2017-09": {
            "month": "2017-09",
            "price": "11.27",
            "revenue": 530832
        },
        "2017-10": {
            "month": "2017-10",
            "price": "11.17",
            "revenue": 577202
        },
        "2017-11": {
            "month": "2017-11",
            "price": "11.27",
            "revenue": 1320127
        },
        "2017-12": {
            "month": "2017-12",
            "price": "11.96",
            "revenue": 1182608
        },
        "2018-01": {
            "month": "2018-01",
            "price": "12.51",
            "revenue": 760861
        },
        "2018-02": {
            "month": "2018-02",
            "price": "11.98",
            "revenue": 583224
        },
        "2018-03": {
            "month": "2018-03",
            "price": "11.97",
            "revenue": 596470
        },
        "2018-04": {
            "month": "2018-04",
            "price": "11.77",
            "revenue": 648067
        },
        "2018-05": {
            "month": "2018-05",
            "price": "11.46",
            "revenue": 665648
        },
        "2018-06": {
            "month": "2018-06",
            "price": "11.34",
            "revenue": 726767
        },
        "2018-07": {
            "month": "2018-07",
            "price": "11.10",
            "revenue": 860986
        },
        "2018-08": {
            "month": "2018-08",
            "price": "10.93",
            "revenue": 649895
        },
        "2018-09": {
            "month": "2018-09",
            "price": "10.96",
            "revenue": 925698
        },
        "2018-10": {
            "month": "2018-10",
            "price": "10.35",
            "revenue": 972062
        },
        "2018-11": {
            "month": "2018-11",
            "price": "10.26",
            "revenue": 1154082
        },
        "2018-12": {
            "month": "2018-12",
            "price": "10.33",
            "revenue": 3306059
        },
        "2019-01": {
            "month": "2019-01",
            "price": "10.43",
            "revenue": 1026671
        },
        "2019-02": {
            "month": "2019-02",
            "price": "10.80",
            "revenue": 851409
        },
        "2019-03": {
            "month": "2019-03",
            "price": "11.12",
            "revenue": 1031576
        },
        "2019-04": {
            "month": "2019-04",
            "price": "11.26",
            "revenue": 1017576
        },
        "2019-05": {
            "month": "2019-05",
            "price": "11.30",
            "revenue": 1152314
        },
        "2019-06": {
            "month": "2019-06",
            "price": "11.82",
            "revenue": 978653
        },
        "2019-07": {
            "month": "2019-07",
            "price": "11.77",
            "revenue": 1070852
        },
        "2019-08": {
            "month": "2019-08",
            "price": "10.91",
            "revenue": 891447
        },
        "2019-09": {
            "month": "2019-09",
            "price": "11.08",
            "revenue": 753537
        },
        "2019-10": {
            "month": "2019-10",
            "price": "11.18",
            "revenue": 1006033
        },
        "2019-11": {
            "month": "2019-11",
            "price": "11.20",
            "revenue": 1083504
        },
        "2019-12": {
            "month": "2019-12",
            "price": "11.25",
            "revenue": 1339089
        },
        "2020-01": {
            "month": "2020-01",
            "price": "11.11",
            "revenue": 852850
        },
        "2020-02": {
            "month": "2020-02",
            "price": "10.81",
            "revenue": 814702
        },
        "2020-03": {
            "month": "2020-03",
            "price": "9.63",
            "revenue": 956001
        },
        "2020-04": {
            "month": "2020-04",
            "price": "9.52",
            "revenue": 747117
        },
        "2020-05": {
            "month": "2020-05",
            "price": "9.76",
            "revenue": 730797
        },
        "2020-06": {
            "month": "2020-06",
            "price": "9.84",
            "revenue": 657290
        },
        "2020-07": {
            "month": "2020-07",
            "price": "10.15",
            "revenue": 972913
        },
        "2020-08": {
            "month": "2020-08",
            "price": "9.89",
            "revenue": 1049393
        },
        "2020-09": {
            "month": "2020-09",
            "price": "10.58",
            "revenue": 903053
        },
        "2020-10": {
            "month": "2020-10",
            "price": "10.78",
            "revenue": 1272842
        },
        "2020-11": {
            "month": "2020-11",
            "price": "11.03",
            "revenue": 1267435
        },
        "2020-12": {
            "month": "2020-12",
            "price": "11.34",
            "revenue": 1652105
        },
        "2021-01": {
            "month": "2021-01",
            "price": "11.17",
            "revenue": 1268289
        },
        "2021-02": {
            "month": "2021-02",
            "price": "11.20",
            "revenue": 846950
        },
        "2021-03": {
            "month": "2021-03",
            "price": "11.18",
            "revenue": 1113554
        },
        "2021-04": {
            "month": "2021-04",
            "price": "11.88",
            "revenue": 954929
        },
        "2021-05": {
            "month": "2021-05",
            "price": "11.89",
            "revenue": 959566
        },
        "2021-06": {
            "month": "2021-06",
            "price": "11.93",
            "revenue": 762786
        },
        "2021-07": {
            "month": "2021-07",
            "price": "11.98",
            "revenue": 810251
        },
        "2021-08": {
            "month": "2021-08",
            "price": "12.84",
            "revenue": 839679
        },
        "2021-09": {
            "month": "2021-09",
            "price": "13.82",
            "revenue": 788779
        },
        "2021-10": {
            "month": "2021-10",
            "price": "13.02",
            "revenue": 712387
        },
        "2021-11": {
            "month": "2021-11",
            "price": "13.31",
            "revenue": 1572558
        },
        "2021-12": {
            "month": "2021-12",
            "price": "13.30",
            "revenue": 1883963
        },
        "2022-01": {
            "month": "2022-01",
            "price": "13.41",
            "revenue": 1932070
        },
        "2022-02": {
            "month": "2022-02",
            "price": "13.54",
            "revenue": 1286002
        },
        "2022-03": {
            "month": "2022-03",
            "price": "13.43",
            "revenue": 1503650
        },
        "2022-04": {
            "month": "2022-04",
            "price": "12.90",
            "revenue": 1238954
        },
        "2022-05": {
            "month": "2022-05",
            "price": "12.07",
            "revenue": 1207283
        },
        "2022-06": {
            "month": "2022-06",
            "price": "11.98",
            "revenue": 1182717
        },
        "2022-07": {
            "month": "2022-07",
            "price": "11.72",
            "revenue": 1006171
        },
        "2022-08": {
            "month": "2022-08",
            "price": "11.83",
            "revenue": 507511
        },
        "2022-09": {
            "month": "2022-09",
            "price": "11.55",
            "revenue": 544686
        },
        "2022-10": {
            "month": "2022-10",
            "price": "10.62",
            "revenue": 690976
        },
        "2022-11": {
            "month": "2022-11",
            "price": "10.59",
            "revenue": 633730
        },
        "2022-12": {
            "month": "2022-12",
            "price": "10.64",
            "revenue": 1028642
        },
        "2023-01": {
            "month": "2023-01",
            "price": "10.97",
            "revenue": 642357
        },
        "2023-02": {
            "month": "2023-02",
            "price": "11.43",
            "revenue": 980361
        },
        "2023-03": {
            "month": "2023-03",
            "price": "11.55",
            "revenue": 540832
        },
        "2023-04": {
            "month": "2023-04",
            "price": "11.74",
            "revenue": 797971
        },
        "2023-05": {
            "month": "2023-05",
            "price": "12.09",
            "revenue": 630994
        },
        "2023-06": {
            "month": "2023-06",
            "price": "12.02",
            "revenue": 718448
        },
        "2023-07": {
            "month": "2023-07",
            "price": "11.80",
            "revenue": 700156
        },
        "2023-08": {
            "month": "2023-08",
            "price": "11.13",
            "revenue": 647999
        },
        "2023-09": {
            "month": "2023-09",
            "price": "10.77",
            "revenue": 607397
        },
        "2023-10": {
            "month": "2023-10",
            "price": "10.71",
            "revenue": 632213
        },
        "2023-11": {
            "month": "2023-11",
            "price": "10.92",
            "revenue": 585436
        },
        "2023-12": {
            "month": "2023-12",
            "price": "11.19",
            "revenue": 1015312
        }
    }
}
