{
    "summary": {
        "stock_name": "龍邦",
        "stock_id": "2514",
        "category": "其他",
        "main_business": "委託營造廠商興建國民住宅,商業大樓出租出售業務<br>投資興闢都市計劃範圍內之市場,公園等公共設施<br>接受委託辦理市地重劃",
        "website_url": "http://www.longbon.com.tw",
        "ceo": "劉偉龍",
        "pe_ratio": 6,
        "report_year_from": 2001,
        "report_year_to": 2023,
        "age": 23,
        "eps_negative_percentage": 22,
        "eps_growth_avg": {
            "last_all": -6.08,
            "last_2y": 5.77,
            "last_4y": 33.27,
            "last_8y": 21.55,
            "last_12y": 11.13,
            "last_16y": 1.92,
            "last_20y": -6.08,
            "at_2006_last_3y": -66.06,
            "at_2007_last_3y": -26.62,
            "at_2008_last_3y": -49.25,
            "at_2009_last_3y": -23.88,
            "at_2010_last_3y": -34.92,
            "at_2011_last_3y": -85.66,
            "at_2012_last_3y": -78.49,
            "at_2013_last_3y": -72.49,
            "at_2014_last_3y": -20.16,
            "at_2015_last_3y": -7.24,
            "at_2016_last_3y": 16.28,
            "at_2017_last_3y": 56.4,
            "at_2018_last_3y": 6.92,
            "at_2019_last_3y": 47.22,
            "at_2020_last_3y": 37.77,
            "at_2021_last_3y": 7.88,
            "at_2022_last_3y": 16.58,
            "at_2023_last_3y": 16.58,
            "at_2024_last_3y": 16.58,
            "at_2006_last_all": -66.06,
            "at_2007_last_all": -26.62,
            "at_2008_last_all": -44.97,
            "at_2009_last_all": -44.97,
            "at_2010_last_all": -47.37,
            "at_2011_last_all": -56.14,
            "at_2012_last_all": -56.14,
            "at_2013_last_all": -56.76,
            "at_2014_last_all": -37.17,
            "at_2015_last_all": -39.84,
            "at_2016_last_all": -27.17,
            "at_2017_last_all": -15.61,
            "at_2018_last_all": -22.47,
            "at_2019_last_all": -13.05,
            "at_2020_last_all": -8.62,
            "at_2021_last_all": -9.35,
            "at_2022_last_all": -12.71,
            "at_2023_last_all": -6.08,
            "at_2024_last_all": -6.08
        },
        "latest_eps": 2.47,
        "latest_price": 15.35,
        "latest_roe": 6.47,
        "latest_gross_margin": 5.09,
        "latest_equity": 19879391,
        "latest_revenue": 6177716,
        "latest_gross_profit": 314368,
        "latest_net_income": 541293,
        "latest_debt_ratio": 51.3,
        "latest_current_ratio": 112.12,
        "latest_account_receivable_turnover_ratio": 2.73,
        "latest_inventory_turnover_ratio": 1.11,
        "latest_reinvestment_rate": 382.18,
        "latest_research_to_sale_ratio": null
    },
    "eps_dividends": {
        "1990": {
            "cash": 1,
            "stock": 1.5,
            "eps": 0
        },
        "1991": {
            "cash": 1,
            "stock": 1,
            "eps": 0
        },
        "1992": {
            "cash": 1,
            "stock": 3,
            "eps": 0
        },
        "1993": {
            "cash": 0,
            "stock": 4.5,
            "eps": 0
        },
        "1994": {
            "cash": 0,
            "stock": 2,
            "eps": 0
        },
        "1996": {
            "cash": 0.5,
            "stock": 1,
            "eps": 0
        },
        "1998": {
            "cash": 0,
            "stock": 3.5,
            "eps": 0
        },
        "2000": {
            "cash": 0,
            "stock": 1,
            "eps": 0
        },
        "2001": {
            "cash": 0,
            "stock": 0,
            "eps": -0.6
        },
        "2002": {
            "cash": 0,
            "stock": 0,
            "eps": -0.39
        },
        "2003": {
            "cash": 0,
            "stock": 0,
            "eps": 1.09
        },
        "2004": {
            "cash": 0.4,
            "stock": 0,
            "eps": 0.74
        },
        "2005": {
            "cash": 0.1,
            "stock": 0,
            "eps": -0.58
        },
        "2006": {
            "cash": 0.2,
            "stock": 0,
            "eps": 0.67
        },
        "2007": {
            "cash": 0.6,
            "stock": 0,
            "eps": 1.02
        },
        "2008": {
            "cash": 0.5,
            "stock": 0.5,
            "eps": -4.15
        },
        "2009": {
            "cash": 0,
            "stock": 0,
            "eps": 3.72
        },
        "2010": {
            "cash": 0.5,
            "stock": 0,
            "eps": 1.6
        },
        "2011": {
            "cash": 0.6,
            "stock": 0,
            "eps": -0.01
        },
        "2012": {
            "cash": 0,
            "stock": 0,
            "eps": 1.24
        },
        "2013": {
            "cash": 0.2,
            "stock": 0,
            "eps": 0.49
        },
        "2014": {
            "cash": 0.4,
            "stock": 0,
            "eps": 0.98
        },
        "2015": {
            "cash": 0.3,
            "stock": 0,
            "eps": 0.38
        },
        "2016": {
            "cash": 0.2,
            "stock": 0,
            "eps": 0.71
        },
        "2017": {
            "cash": 0.35,
            "stock": 0,
            "eps": 2.44
        },
        "2018": {
            "cash": 0.25,
            "stock": 0.25,
            "eps": 0.05
        },
        "2019": {
            "cash": 0.25,
            "stock": 0,
            "eps": 2.06
        },
        "2020": {
            "cash": 0,
            "stock": 0,
            "eps": 3.07
        },
        "2021": {
            "cash": 0,
            "stock": 0,
            "eps": 2.47
        },
        "2022": {
            "cash": 0,
            "stock": 0,
            "eps": 0.91
        },
        "2023": {
            "cash": 0,
            "stock": 0,
            "eps": 2.46
        }
    },
    "dividends": {
        "1990-06-05": {
            "cash": 1,
            "stock": 1.5
        },
        "1991-03-29": {
            "cash": 1,
            "stock": 1
        },
        "1992-03-28": {
            "cash": 1,
            "stock": 3
        },
        "1993-04-29": {
            "cash": 0,
            "stock": 4.5
        },
        "1994-04-23": {
            "cash": 0,
            "stock": 2
        },
        "1996-05-04": {
            "cash": 0.5,
            "stock": 1
        },
        "1998-04-10": {
            "cash": 0,
            "stock": 3.5
        },
        "2000-06-23": {
            "cash": 0,
            "stock": 1
        },
        "2004-04-01": {
            "cash": 0.4,
            "stock": 0
        },
        "2005-04-01": {
            "cash": 0.1,
            "stock": 0
        },
        "2006-04-21": {
            "cash": 0.2,
            "stock": 0
        },
        "2007-04-26": {
            "cash": 0.6,
            "stock": 0
        },
        "2008-04-25": {
            "cash": 0.5,
            "stock": 0.5
        },
        "2010-03-26": {
            "cash": 0.5,
            "stock": 0
        },
        "2011-04-22": {
            "cash": 0.6,
            "stock": 0
        },
        "2013-03-27": {
            "cash": 0.2,
            "stock": 0
        },
        "2014-06-24": {
            "cash": 0.4,
            "stock": 0
        },
        "2015-08-11": {
            "cash": 0.3,
            "stock": 0
        },
        "2016-12-01": {
            "cash": 0.2,
            "stock": 0
        },
        "2017-09-27": {
            "cash": 0.35,
            "stock": 0
        },
        "2018-10-31": {
            "cash": 0.25,
            "stock": 0.25
        },
        "2019-09-25": {
            "cash": 0.25,
            "stock": 0
        }
    },
    "prices": {
        "200101": "4.95",
        "200102": "5.70",
        "200103": "5.53",
        "200104": "4.54",
        "200105": "3.60",
        "200106": "3.69",
        "200107": "3.66",
        "200108": "3.90",
        "200109": "3.66",
        "200110": "3.04",
        "200111": "2.84",
        "200112": "3.43",
        "200201": "4.06",
        "200202": "4.05",
        "200203": "4.47",
        "200204": "7.22",
        "200205": "5.80",
        "200206": "6.26",
        "200207": "6.43",
        "200208": "5.36",
        "200209": "4.00",
        "200210": "3.87",
        "200211": "4.30",
        "200212": "4.62",
        "200301": "5.96",
        "200302": "5.76",
        "200303": "5.64",
        "200304": "5.57",
        "200305": "5.18",
        "200306": "5.80",
        "200307": "6.56",
        "200308": "7.02",
        "200309": "7.74",
        "200310": "9.78",
        "200311": "10.20",
        "200312": "9.71",
        "200401": "11.75",
        "200402": "14.70",
        "200403": "14.69",
        "200404": "13.33",
        "200405": "11.00",
        "200406": "11.08",
        "200407": "10.19",
        "200408": "9.27",
        "200409": "10.43",
        "200410": "11.08",
        "200411": "10.47",
        "200412": "11.17",
        "200501": "11.72",
        "200502": "10.97",
        "200503": "10.52",
        "200504": "9.16",
        "200505": "8.97",
        "200506": "9.29",
        "200507": "9.49",
        "200508": "10.66",
        "200509": "11.52",
        "200510": "11.97",
        "200511": "13.30",
        "200512": "14.44",
        "200601": "14.30",
        "200602": "14.22",
        "200603": "14.51",
        "200604": "15.27",
        "200605": "17.41",
        "200606": "17.32",
        "200607": "17.66",
        "200608": "17.66",
        "200609": "17.30",
        "200610": "17.38",
        "200611": "17.80",
        "200612": "20.27",
        "200701": "24.64",
        "200702": "26.51",
        "200703": "27.33",
        "200704": "20.71",
        "200705": "19.89",
        "200706": "20.17",
        "200707": "21.90",
        "200708": "19.25",
        "200709": "18.98",
        "200710": "19.54",
        "200711": "18.57",
        "200712": "17.79",
        "200801": "17.81",
        "200802": "17.86",
        "200803": "18.53",
        "200804": "19.55",
        "200805": "17.52",
        "200806": "15.07",
        "200807": "13.99",
        "200808": "14.27",
        "200809": "12.83",
        "200810": "9.72",
        "200811": "6.75",
        "200812": "5.70",
        "200901": "5.97",
        "200902": "5.97",
        "200903": "6.16",
        "200904": "7.27",
        "200905": "10.99",
        "200906": "10.98",
        "200907": "12.11",
        "200908": "10.44",
        "200909": "10.43",
        "200910": "11.61",
        "200911": "12.02",
        "200912": "14.75",
        "201001": "16.97",
        "201002": "17.19",
        "201003": "17.76",
        "201004": "16.61",
        "201005": "13.31",
        "201006": "12.55",
        "201007": "12.88",
        "201008": "13.67",
        "201009": "12.69",
        "201010": "12.74",
        "201011": "12.24",
        "201012": "13.17",
        "201101": "13.24",
        "201102": "12.18",
        "201103": "10.77",
        "201104": "10.88",
        "201105": "11.33",
        "201106": "11.74",
        "201107": "12.86",
        "201108": "11.42",
        "201109": "11.35",
        "201110": "11.09",
        "201111": "10.83",
        "201112": "10.55",
        "201201": "10.99",
        "201202": "13.06",
        "201203": "15.72",
        "201204": "13.08",
        "201205": "12.56",
        "201206": "12.18",
        "201207": "12.42",
        "201208": "15.81",
        "201209": "17.82",
        "201210": "19.27",
        "201211": "19.58",
        "201212": "26.49",
        "201301": "33.78",
        "201302": "34.60",
        "201303": "23.25",
        "201304": "20.94",
        "201305": "22.86",
        "201306": "21.40",
        "201307": "20.13",
        "201308": "19.75",
        "201309": "20.85",
        "201310": "22.50",
        "201311": "20.23",
        "201312": "19.18",
        "201401": "18.57",
        "201402": "17.10",
        "201403": "18.97",
        "201404": "19.36",
        "201405": "19.85",
        "201406": "21.24",
        "201407": "20.88",
        "201408": "20.58",
        "201409": "19.46",
        "201410": "18.94",
        "201411": "19.44",
        "201412": "19.47",
        "201501": "22.62",
        "201502": "23.26",
        "201503": "23.08",
        "201504": "23.88",
        "201505": "24.08",
        "201506": "23.65",
        "201507": "23.49",
        "201508": "22.44",
        "201509": "21.63",
        "201510": "20.92",
        "201511": "20.54",
        "201512": "20.52",
        "201601": "19.04",
        "201602": "18.47",
        "201603": "19.14",
        "201604": "18.50",
        "201605": "18.43",
        "201606": "18.28",
        "201607": "16.80",
        "201608": "16.45",
        "201609": "17.27",
        "201610": "17.22",
        "201611": "16.70",
        "201612": "17.35",
        "201701": "16.79",
        "201702": "16.26",
        "201703": "16.08",
        "201704": "16.54",
        "201705": "16.10",
        "201706": "15.78",
        "201707": "15.71",
        "201708": "15.66",
        "201709": "14.80",
        "201710": "14.10",
        "201711": "14.41",
        "201712": "14.61",
        "201801": "15.52",
        "201802": "14.28",
        "201803": "14.26",
        "201804": "14.11",
        "201805": "13.81",
        "201806": "13.69",
        "201807": "13.61",
        "201808": "14.40",
        "201809": "15.16",
        "201810": "15.71",
        "201811": "16.08",
        "201812": "17.99",
        "201901": "17.58",
        "201902": "17.25",
        "201903": "16.46",
        "201904": "16.49",
        "201905": "16.49",
        "201906": "16.23",
        "201907": "16.07",
        "201908": "15.24",
        "201909": "15.51",
        "201910": "15.88",
        "201911": "16.00",
        "201912": "15.92",
        "202001": "14.91",
        "202002": "13.94",
        "202003": "13.97",
        "202004": "13.62",
        "202005": "14.61",
        "202006": "14.36",
        "202007": "14.12",
        "202008": "14.07",
        "202009": "14.02",
        "202010": "13.83",
        "202011": "13.61",
        "202012": "13.94",
        "202101": "14.28",
        "202102": "14.24",
        "202103": "14.78",
        "202104": "17.40",
        "202105": "17.74",
        "202106": "17.67",
        "202107": "18.29",
        "202108": "18.46",
        "202109": "18.38",
        "202110": "17.67",
        "202111": "18.07",
        "202112": "17.74",
        "202201": "17.54",
        "202202": "17.76",
        "202203": "17.58",
        "202204": "17.37",
        "202205": "16.92",
        "202206": "16.87",
        "202207": "16.89",
        "202208": "17.02",
        "202209": "16.81",
        "202210": "16.60",
        "202211": "16.77",
        "202212": "17.34",
        "202301": "16.83",
        "202302": "16.83",
        "202303": "17.23",
        "202304": "17.28",
        "202305": "17.01",
        "202306": "16.90",
        "202307": "16.54",
        "202308": "16.37",
        "202309": "16.12",
        "202310": "15.80",
        "202311": "15.90",
        "202312": "15.85"
    },
    "quarters": {
        "20011": {
            "year_quarter": 20011,
            "year": 2001,
            "quarter": 1,
            "eps": -0.09,
            "eps_growth_year": -169.23,
            "eps_4q": -0.5,
            "eps_4q_growth_year": -404.06,
            "roe": -0.69,
            "roe_4q": -0.69,
            "gross_profit": -3772,
            "gross_margin": -1.44,
            "gross_margin_4q_avg": -1.44,
            "net_income": -50725,
            "net_income_4q": null,
            "revenue": 262163,
            "revenue_4q": null,
            "common_shares": 5807177,
            "book_valuer_per_share": 12.38,
            "book_valuer_per_share_4q_avg": 12.38,
            "equity": 7190103,
            "current_ratio": 92.35,
            "debt_ratio": 35.53,
            "inventory_turnover_ratio": 0.11,
            "account_receivable_turnover_ratio": null,
            "reinvestment_rate": null,
            "research_to_sale_ratio": null,
            "price_fair": 0,
            "eps_avg_yearly": 0,
            "eps_latest_yearly": 0,
            "eps_growth_yearly": 0
        },
        "20012": {
            "year_quarter": 20012,
            "year": 2001,
            "quarter": 2,
            "eps": -0.21,
            "eps_growth_year": -261.54,
            "eps_4q": -0.81,
            "eps_4q_growth_year": -1761.52,
            "roe": -1.69,
            "roe_4q": -2.38,
            "gross_profit": -8102,
            "gross_margin": -3.23,
            "gross_margin_4q_avg": -2.34,
            "net_income": -120207,
            "net_income_4q": null,
            "revenue": 250845,
            "revenue_4q": null,
            "common_shares": 5807177,
            "book_valuer_per_share": 12.05,
            "book_valuer_per_share_4q_avg": 12.22,
            "equity": 6997525,
            "current_ratio": 99.47,
            "debt_ratio": 34.8,
            "inventory_turnover_ratio": 0.17,
            "account_receivable_turnover_ratio": null,
            "reinvestment_rate": null,
            "research_to_sale_ratio": null,
            "price_fair": 0,
            "eps_avg_yearly": 0,
            "eps_latest_yearly": 0,
            "eps_growth_yearly": 0
        },
        "20013": {
            "year_quarter": 20013,
            "year": 2001,
            "quarter": 3,
            "eps": -0.03,
            "eps_growth_year": null,
            "eps_4q": -0.68,
            "eps_4q_growth_year": -458.99,
            "roe": -0.25,
            "roe_4q": -2.63,
            "gross_profit": -31572,
            "gross_margin": -10.48,
            "gross_margin_4q_avg": -5.05,
            "net_income": -17475,
            "net_income_4q": null,
            "revenue": 301309,
            "revenue_4q": null,
            "common_shares": 5807177,
            "book_valuer_per_share": 11.95,
            "book_valuer_per_share_4q_avg": 12.13,
            "equity": 6938401,
            "current_ratio": 93.63,
            "debt_ratio": 32.71,
            "inventory_turnover_ratio": 0.27,
            "account_receivable_turnover_ratio": null,
            "reinvestment_rate": null,
            "research_to_sale_ratio": null,
            "price_fair": 0,
            "eps_avg_yearly": 0,
            "eps_latest_yearly": 0,
            "eps_growth_yearly": 0
        },
        "20014": {
            "year_quarter": 20014,
            "year": 2001,
            "quarter": 4,
            "eps": -0.27,
            "eps_growth_year": null,
            "eps_4q": -0.66,
            "eps_4q_growth_year": null,
            "roe": -2.12,
            "roe_4q": -4.75,
            "gross_profit": -17794,
            "gross_margin": -19.11,
            "gross_margin_4q_avg": -8.57,
            "net_income": -149118,
            "net_income_4q": null,
            "revenue": 93128,
            "revenue_4q": null,
            "common_shares": 5807177,
            "book_valuer_per_share": 11.57,
            "book_valuer_per_share_4q_avg": 11.99,
            "equity": 7118696,
            "current_ratio": 129.96,
            "debt_ratio": 40.72,
            "inventory_turnover_ratio": 0.06,
            "account_receivable_turnover_ratio": null,
            "reinvestment_rate": null,
            "research_to_sale_ratio": null,
            "price_fair": 0,
            "eps_avg_yearly": 0,
            "eps_latest_yearly": 0,
            "eps_growth_yearly": 0
        },
        "20021": {
            "year_quarter": 20021,
            "year": 2002,
            "quarter": 1,
            "eps": 0.12,
            "eps_growth_year": null,
            "eps_4q": -0.38,
            "eps_4q_growth_year": null,
            "roe": 0.99,
            "roe_4q": -3.0700000000000003,
            "gross_profit": -12930,
            "gross_margin": -45.43,
            "gross_margin_4q_avg": -19.56,
            "net_income": 68843,
            "net_income_4q": null,
            "revenue": 28461,
            "revenue_4q": null,
            "common_shares": 5807177,
            "book_valuer_per_share": 11.7,
            "book_valuer_per_share_4q_avg": 11.82,
            "equity": 6795713,
            "current_ratio": 100.46,
            "debt_ratio": 30.14,
            "inventory_turnover_ratio": 0.02,
            "account_receivable_turnover_ratio": null,
            "reinvestment_rate": null,
            "research_to_sale_ratio": null,
            "price_fair": 0,
            "eps_avg_yearly": 0,
            "eps_latest_yearly": 0,
            "eps_growth_yearly": 0
        },
        "20022": {
            "year_quarter": 20022,
            "year": 2002,
            "quarter": 2,
            "eps": -0.39,
            "eps_growth_year": null,
            "eps_4q": -0.53,
            "eps_4q_growth_year": null,
            "roe": -3.14,
            "roe_4q": -4.5200000000000005,
            "gross_profit": -31652,
            "gross_margin": -41.35,
            "gross_margin_4q_avg": -29.09,
            "net_income": -209521,
            "net_income_4q": null,
            "revenue": 76546,
            "revenue_4q": null,
            "common_shares": 5807177,
            "book_valuer_per_share": 11.31,
            "book_valuer_per_share_4q_avg": 11.63,
            "equity": 6568067,
            "current_ratio": 85.39,
            "debt_ratio": 31.57,
            "inventory_turnover_ratio": 0.12,
            "account_receivable_turnover_ratio": null,
            "reinvestment_rate": null,
            "research_to_sale_ratio": null,
            "price_fair": 0,
            "eps_avg_yearly": 0,
            "eps_latest_yearly": 0,
            "eps_growth_yearly": 0
        },
        "20023": {
            "year_quarter": 20023,
            "year": 2002,
            "quarter": 3,
            "eps": -0.02,
            "eps_growth_year": null,
            "eps_4q": -0.52,
            "eps_4q_growth_year": null,
            "roe": -0.18,
            "roe_4q": -4.45,
            "gross_profit": -35872,
            "gross_margin": -27.8,
            "gross_margin_4q_avg": -33.42,
            "net_income": -11942,
            "net_income_4q": null,
            "revenue": 129013,
            "revenue_4q": null,
            "common_shares": 5807177,
            "book_valuer_per_share": 11.31,
            "book_valuer_per_share_4q_avg": 11.47,
            "equity": 6566030,
            "current_ratio": 91.89,
            "debt_ratio": 30.18,
            "inventory_turnover_ratio": 0.21,
            "account_receivable_turnover_ratio": null,
            "reinvestment_rate": null,
            "research_to_sale_ratio": null,
            "price_fair": 0,
            "eps_avg_yearly": 0,
            "eps_latest_yearly": 0,
            "eps_growth_yearly": 0
        },
        "20024": {
            "year_quarter": 20024,
            "year": 2002,
            "quarter": 4,
            "eps": -0.1,
            "eps_growth_year": null,
            "eps_4q": -0.18,
            "eps_4q_growth_year": null,
            "roe": -0.82,
            "roe_4q": -3.1500000000000004,
            "gross_profit": -1864,
            "gross_margin": -13.99,
            "gross_margin_4q_avg": -32.14,
            "net_income": -55246,
            "net_income_4q": null,
            "revenue": 13327,
            "revenue_4q": null,
            "common_shares": 5807177,
            "book_valuer_per_share": 11.25,
            "book_valuer_per_share_4q_avg": 11.39,
            "equity": 6898213,
            "current_ratio": 81.48,
            "debt_ratio": 41.46,
            "inventory_turnover_ratio": 0.01,
            "account_receivable_turnover_ratio": null,
            "reinvestment_rate": null,
            "research_to_sale_ratio": null,
            "price_fair": 0,
            "eps_avg_yearly": 0,
            "eps_latest_yearly": 0,
            "eps_growth_yearly": 0
        },
        "20031": {
            "year_quarter": 20031,
            "year": 2003,
            "quarter": 1,
            "eps": 0.12,
            "eps_growth_year": 0,
            "eps_4q": -0.4,
            "eps_4q_growth_year": null,
            "roe": 0.94,
            "roe_4q": -3.2,
            "gross_profit": 361,
            "gross_margin": 6.69,
            "gross_margin_4q_avg": -19.11,
            "net_income": 63580,
            "net_income_4q": null,
            "revenue": 5393,
            "revenue_4q": null,
            "common_shares": 5807177,
            "book_valuer_per_share": 11.36,
            "book_valuer_per_share_4q_avg": 11.31,
            "equity": 6597537,
            "current_ratio": 68.74,
            "debt_ratio": 31.42,
            "inventory_turnover_ratio": 0,
            "account_receivable_turnover_ratio": null,
            "reinvestment_rate": null,
            "research_to_sale_ratio": null,
            "price_fair": 0,
            "eps_avg_yearly": 0,
            "eps_latest_yearly": 0,
            "eps_growth_yearly": 0
        },
        "20032": {
            "year_quarter": 20032,
            "year": 2003,
            "quarter": 2,
            "eps": 0.28,
            "eps_growth_year": null,
            "eps_4q": 0.27,
            "eps_4q_growth_year": null,
            "roe": 2.27,
            "roe_4q": 2.21,
            "gross_profit": -38957,
            "gross_margin": -81.6,
            "gross_margin_4q_avg": -29.18,
            "net_income": 151499,
            "net_income_4q": null,
            "revenue": 47740,
            "revenue_4q": null,
            "common_shares": 5807177,
            "book_valuer_per_share": 11.67,
            "book_valuer_per_share_4q_avg": 11.4,
            "equity": 6775128,
            "current_ratio": 77.63,
            "debt_ratio": 27.02,
            "inventory_turnover_ratio": 0.12,
            "account_receivable_turnover_ratio": null,
            "reinvestment_rate": null,
            "research_to_sale_ratio": null,
            "price_fair": 39.2,
            "eps_avg_yearly": 1.12,
            "eps_latest_yearly": 1.12,
            "eps_growth_yearly": 533.33
        },
        "20033": {
            "year_quarter": 20033,
            "year": 2003,
            "quarter": 3,
            "eps": 0.61,
            "eps_growth_year": null,
            "eps_4q": 0.9,
            "eps_4q_growth_year": null,
            "roe": 4.79,
            "roe_4q": 7.18,
            "gross_profit": 1046,
            "gross_margin": 19.01,
            "gross_margin_4q_avg": -17.47,
            "net_income": 332476,
            "net_income_4q": null,
            "revenue": 5502,
            "revenue_4q": null,
            "common_shares": 5807177,
            "book_valuer_per_share": 12.22,
            "book_valuer_per_share_4q_avg": 11.63,
            "equity": 7095694,
            "current_ratio": 86.21,
            "debt_ratio": 25.31,
            "inventory_turnover_ratio": 0.01,
            "account_receivable_turnover_ratio": null,
            "reinvestment_rate": null,
            "research_to_sale_ratio": null,
            "price_fair": 62.3,
            "eps_avg_yearly": 1.78,
            "eps_latest_yearly": 2.44,
            "eps_growth_yearly": 502.38
        },
        "20034": {
            "year_quarter": 20034,
            "year": 2003,
            "quarter": 4,
            "eps": 0.08,
            "eps_growth_year": null,
            "eps_4q": 1.07,
            "eps_4q_growth_year": null,
            "roe": 0.58,
            "roe_4q": 8.58,
            "gross_profit": 3594,
            "gross_margin": 51.56,
            "gross_margin_4q_avg": -1.09,
            "net_income": 44326,
            "net_income_4q": null,
            "revenue": 6971,
            "revenue_4q": null,
            "common_shares": 5526857,
            "book_valuer_per_share": 13.07,
            "book_valuer_per_share_4q_avg": 12.08,
            "equity": 8269842,
            "current_ratio": 117.57,
            "debt_ratio": 35.42,
            "inventory_turnover_ratio": 0,
            "account_receivable_turnover_ratio": null,
            "reinvestment_rate": null,
            "research_to_sale_ratio": null,
            "price_fair": 45.27,
            "eps_avg_yearly": 1.29,
            "eps_latest_yearly": 0.32,
            "eps_growth_yearly": 219.07
        },
        "20041": {
            "year_quarter": 20041,
            "year": 2004,
            "quarter": 1,
            "eps": 0.33,
            "eps_growth_year": 175,
            "eps_4q": 1.29,
            "eps_4q_growth_year": null,
            "roe": 2.31,
            "roe_4q": 9.95,
            "gross_profit": 2745,
            "gross_margin": 6.16,
            "gross_margin_4q_avg": -1.22,
            "net_income": 181060,
            "net_income_4q": null,
            "revenue": 44591,
            "revenue_4q": null,
            "common_shares": 5526857,
            "book_valuer_per_share": 13.41,
            "book_valuer_per_share_4q_avg": 12.59,
            "equity": 7408967,
            "current_ratio": 114.22,
            "debt_ratio": 23.08,
            "inventory_turnover_ratio": 0.04,
            "account_receivable_turnover_ratio": null,
            "reinvestment_rate": null,
            "research_to_sale_ratio": null,
            "price_fair": 45.5,
            "eps_avg_yearly": 1.3,
            "eps_latest_yearly": 1.32,
            "eps_growth_yearly": 476.81
        },
        "20042": {
            "year_quarter": 20042,
            "year": 2004,
            "quarter": 2,
            "eps": 0.17,
            "eps_growth_year": -39.29,
            "eps_4q": 1.17,
            "eps_4q_growth_year": 329.51,
            "roe": 1.28,
            "roe_4q": 8.96,
            "gross_profit": -10265,
            "gross_margin": -110.9,
            "gross_margin_4q_avg": -8.54,
            "net_income": 94459,
            "net_income_4q": null,
            "revenue": 9256,
            "revenue_4q": null,
            "common_shares": 5526857,
            "book_valuer_per_share": 13.21,
            "book_valuer_per_share_4q_avg": 12.98,
            "equity": 7300212,
            "current_ratio": 101.87,
            "debt_ratio": 24.79,
            "inventory_turnover_ratio": 0.03,
            "account_receivable_turnover_ratio": null,
            "reinvestment_rate": -327.53,
            "research_to_sale_ratio": null,
            "price_fair": 41.16,
            "eps_avg_yearly": 1.18,
            "eps_latest_yearly": 0.68,
            "eps_growth_yearly": 342.66
        },
        "20043": {
            "year_quarter": 20043,
            "year": 2004,
            "quarter": 3,
            "eps": 0.31,
            "eps_growth_year": -49.18,
            "eps_4q": 0.9,
            "eps_4q_growth_year": -0.56,
            "roe": 2.28,
            "roe_4q": 6.449999999999999,
            "gross_profit": 254,
            "gross_margin": 3.52,
            "gross_margin_4q_avg": -12.42,
            "net_income": 168568,
            "net_income_4q": null,
            "revenue": 7210,
            "revenue_4q": null,
            "common_shares": 5526857,
            "book_valuer_per_share": 13.49,
            "book_valuer_per_share_4q_avg": 13.3,
            "equity": 7456594,
            "current_ratio": 135.61,
            "debt_ratio": 23.79,
            "inventory_turnover_ratio": 0.01,
            "account_receivable_turnover_ratio": null,
            "reinvestment_rate": -25.16,
            "research_to_sale_ratio": null,
            "price_fair": 41.53,
            "eps_avg_yearly": 1.19,
            "eps_latest_yearly": 1.24,
            "eps_growth_yearly": 340.45
        },
        "20044": {
            "year_quarter": 20044,
            "year": 2004,
            "quarter": 4,
            "eps": -0.07,
            "eps_growth_year": -187.5,
            "eps_4q": 0.62,
            "eps_4q_growth_year": -42.06,
            "roe": -0.47,
            "roe_4q": 5.4,
            "gross_profit": -1712,
            "gross_margin": -24.31,
            "gross_margin_4q_avg": -31.38,
            "net_income": -37490,
            "net_income_4q": null,
            "revenue": 7042,
            "revenue_4q": null,
            "common_shares": 5526857,
            "book_valuer_per_share": 13.48,
            "book_valuer_per_share_4q_avg": 13.4,
            "equity": 8418945,
            "current_ratio": 125.85,
            "debt_ratio": 34.82,
            "inventory_turnover_ratio": 0.01,
            "account_receivable_turnover_ratio": null,
            "reinvestment_rate": 329.86,
            "research_to_sale_ratio": null,
            "price_fair": 41.53,
            "eps_avg_yearly": 1.19,
            "eps_latest_yearly": 1.24,
            "eps_growth_yearly": 340.45
        },
        "20051": {
            "year_quarter": 20051,
            "year": 2005,
            "quarter": 1,
            "eps": -0.25,
            "eps_growth_year": -175.76,
            "eps_4q": 0.17,
            "eps_4q_growth_year": -87.17,
            "roe": -1.71,
            "roe_4q": 1.3800000000000001,
            "gross_profit": 3220,
            "gross_margin": 37.35,
            "gross_margin_4q_avg": -23.59,
            "net_income": -135599,
            "net_income_4q": null,
            "revenue": 8622,
            "revenue_4q": null,
            "common_shares": 5526857,
            "book_valuer_per_share": 13.46,
            "book_valuer_per_share_4q_avg": 13.41,
            "equity": 7438472,
            "current_ratio": 93.67,
            "debt_ratio": 22.74,
            "inventory_turnover_ratio": 0,
            "account_receivable_turnover_ratio": null,
            "reinvestment_rate": -51.85,
            "research_to_sale_ratio": null,
            "price_fair": 41.53,
            "eps_avg_yearly": 1.19,
            "eps_latest_yearly": 1.24,
            "eps_growth_yearly": 340.45
        },
        "20052": {
            "year_quarter": 20052,
            "year": 2005,
            "quarter": 2,
            "eps": -0.31,
            "eps_growth_year": -282.35,
            "eps_4q": -0.32,
            "eps_4q_growth_year": -127.26,
            "roe": -2.36,
            "roe_4q": -2.2600000000000002,
            "gross_profit": -45626,
            "gross_margin": -17.43,
            "gross_margin_4q_avg": -0.22,
            "net_income": -172361,
            "net_income_4q": null,
            "revenue": 261824,
            "revenue_4q": null,
            "common_shares": 5526857,
            "book_valuer_per_share": 13.01,
            "book_valuer_per_share_4q_avg": 13.36,
            "equity": 7188162,
            "current_ratio": 357.61,
            "debt_ratio": 26.58,
            "inventory_turnover_ratio": 0.95,
            "account_receivable_turnover_ratio": null,
            "reinvestment_rate": -55.95,
            "research_to_sale_ratio": null,
            "price_fair": 41.53,
            "eps_avg_yearly": 1.19,
            "eps_latest_yearly": 1.24,
            "eps_growth_yearly": 340.45
        },
        "20053": {
            "year_quarter": 20053,
            "year": 2005,
            "quarter": 3,
            "eps": 0.06,
            "eps_growth_year": -80.65,
            "eps_4q": -0.6,
            "eps_4q_growth_year": -166.38,
            "roe": 0.45,
            "roe_4q": -4.09,
            "gross_profit": 1969,
            "gross_margin": 28.64,
            "gross_margin_4q_avg": 6.06,
            "net_income": 31583,
            "net_income_4q": null,
            "revenue": 6876,
            "revenue_4q": null,
            "common_shares": 5026857,
            "book_valuer_per_share": 13.36,
            "book_valuer_per_share_4q_avg": 13.33,
            "equity": 6717035,
            "current_ratio": 119.47,
            "debt_ratio": 29.96,
            "inventory_turnover_ratio": 0.04,
            "account_receivable_turnover_ratio": null,
            "reinvestment_rate": -49.37,
            "research_to_sale_ratio": null,
            "price_fair": 41.53,
            "eps_avg_yearly": 1.19,
            "eps_latest_yearly": 1.24,
            "eps_growth_yearly": 340.45
        },
        "20054": {
            "year_quarter": 20054,
            "year": 2005,
            "quarter": 4,
            "eps": -0.08,
            "eps_growth_year": null,
            "eps_4q": -0.51,
            "eps_4q_growth_year": -182.31,
            "roe": -0.47,
            "roe_4q": -4.09,
            "gross_profit": 365,
            "gross_margin": 6.72,
            "gross_margin_4q_avg": 13.82,
            "net_income": -45422,
            "net_income_4q": null,
            "revenue": 5435,
            "revenue_4q": null,
            "common_shares": 5026857,
            "book_valuer_per_share": 13.24,
            "book_valuer_per_share_4q_avg": 13.27,
            "equity": 12789852,
            "current_ratio": 202.75,
            "debt_ratio": 93.3,
            "inventory_turnover_ratio": 0.02,
            "account_receivable_turnover_ratio": null,
            "reinvestment_rate": 720.78,
            "research_to_sale_ratio": null,
            "price_fair": 41.53,
            "eps_avg_yearly": 1.19,
            "eps_latest_yearly": 1.24,
            "eps_growth_yearly": 340.45
        },
        "20061": {
            "year_quarter": 20061,
            "year": 2006,
            "quarter": 1,
            "eps": 0.24,
            "eps_growth_year": null,
            "eps_4q": -0.13,
            "eps_4q_growth_year": -181.1,
            "roe": 1.2,
            "roe_4q": -1.18,
            "gross_profit": 2660,
            "gross_margin": 46.81,
            "gross_margin_4q_avg": 16.19,
            "net_income": 119335,
            "net_income_4q": null,
            "revenue": 5682,
            "revenue_4q": null,
            "common_shares": 5026857,
            "book_valuer_per_share": 14.18,
            "book_valuer_per_share_4q_avg": 13.45,
            "equity": 7127029,
            "current_ratio": 127.9,
            "debt_ratio": 24.78,
            "inventory_turnover_ratio": 0.01,
            "account_receivable_turnover_ratio": null,
            "reinvestment_rate": -33.36,
            "research_to_sale_ratio": null,
            "price_fair": 41.53,
            "eps_avg_yearly": 1.19,
            "eps_latest_yearly": 1.24,
            "eps_growth_yearly": 340.45
        },
        "20062": {
            "year_quarter": 20062,
            "year": 2006,
            "quarter": 2,
            "eps": -0.14,
            "eps_growth_year": null,
            "eps_4q": 0.07,
            "eps_4q_growth_year": null,
            "roe": -0.99,
            "roe_4q": 0.19,
            "gross_profit": -1873,
            "gross_margin": -26.25,
            "gross_margin_4q_avg": 13.98,
            "net_income": -69855,
            "net_income_4q": null,
            "revenue": 7136,
            "revenue_4q": null,
            "common_shares": 5026857,
            "book_valuer_per_share": 13.94,
            "book_valuer_per_share_4q_avg": 13.68,
            "equity": 7007049,
            "current_ratio": 94.63,
            "debt_ratio": 27.02,
            "inventory_turnover_ratio": 0.07,
            "account_receivable_turnover_ratio": null,
            "reinvestment_rate": -31.54,
            "research_to_sale_ratio": null,
            "price_fair": 41.53,
            "eps_avg_yearly": 1.19,
            "eps_latest_yearly": 1.24,
            "eps_growth_yearly": 340.45
        },
        "20063": {
            "year_quarter": 20063,
            "year": 2006,
            "quarter": 3,
            "eps": 0.37,
            "eps_growth_year": 516.67,
            "eps_4q": 0.38,
            "eps_4q_growth_year": null,
            "roe": 2.62,
            "roe_4q": 2.3600000000000003,
            "gross_profit": 2009,
            "gross_margin": 28.61,
            "gross_margin_4q_avg": 13.97,
            "net_income": 186861,
            "net_income_4q": null,
            "revenue": 7022,
            "revenue_4q": null,
            "common_shares": 5026857,
            "book_valuer_per_share": 14.45,
            "book_valuer_per_share_4q_avg": 13.95,
            "equity": 7262378,
            "current_ratio": 60.62,
            "debt_ratio": 23.3,
            "inventory_turnover_ratio": 0.04,
            "account_receivable_turnover_ratio": null,
            "reinvestment_rate": -23.54,
            "research_to_sale_ratio": null,
            "price_fair": 41.53,
            "eps_avg_yearly": 1.19,
            "eps_latest_yearly": 1.24,
            "eps_growth_yearly": 340.45
        },
        "20064": {
            "year_quarter": 20064,
            "year": 2006,
            "quarter": 4,
            "eps": 0.2,
            "eps_growth_year": null,
            "eps_4q": 0.67,
            "eps_4q_growth_year": null,
            "roe": 0.89,
            "roe_4q": 3.7200000000000006,
            "gross_profit": 2720,
            "gross_margin": 48.4,
            "gross_margin_4q_avg": 24.39,
            "net_income": 100374,
            "net_income_4q": null,
            "revenue": 5620,
            "revenue_4q": null,
            "common_shares": 5026857,
            "book_valuer_per_share": 15.32,
            "book_valuer_per_share_4q_avg": 14.47,
            "equity": 15329303,
            "current_ratio": 500.69,
            "debt_ratio": 92.96,
            "inventory_turnover_ratio": 0.02,
            "account_receivable_turnover_ratio": null,
            "reinvestment_rate": 147.76,
            "research_to_sale_ratio": null,
            "price_fair": 39.6,
            "eps_avg_yearly": 1.13,
            "eps_latest_yearly": 0.8,
            "eps_growth_yearly": 265.56
        },
        "20071": {
            "year_quarter": 20071,
            "year": 2007,
            "quarter": 1,
            "eps": 0.63,
            "eps_growth_year": 162.5,
            "eps_4q": 1.07,
            "eps_4q_growth_year": null,
            "roe": 2.71,
            "roe_4q": 5.23,
            "gross_profit": 2013,
            "gross_margin": 33.02,
            "gross_margin_4q_avg": 20.95,
            "net_income": 309051,
            "net_income_4q": null,
            "revenue": 6097,
            "revenue_4q": null,
            "common_shares": 5026857,
            "book_valuer_per_share": 14.8,
            "book_valuer_per_share_4q_avg": 14.63,
            "equity": 7440945,
            "current_ratio": 92.06,
            "debt_ratio": 21.03,
            "inventory_turnover_ratio": 0.03,
            "account_receivable_turnover_ratio": null,
            "reinvestment_rate": -12.38,
            "research_to_sale_ratio": null,
            "price_fair": 45.68,
            "eps_avg_yearly": 1.31,
            "eps_latest_yearly": 2.52,
            "eps_growth_yearly": 339.86
        },
        "20072": {
            "year_quarter": 20072,
            "year": 2007,
            "quarter": 2,
            "eps": 0.74,
            "eps_growth_year": null,
            "eps_4q": 1.98,
            "eps_4q_growth_year": 2688.6,
            "roe": 4.76,
            "roe_4q": 10.98,
            "gross_profit": -1765,
            "gross_margin": -19.29,
            "gross_margin_4q_avg": 22.69,
            "net_income": 356670,
            "net_income_4q": null,
            "revenue": 9152,
            "revenue_4q": null,
            "common_shares": 5026857,
            "book_valuer_per_share": 15.03,
            "book_valuer_per_share_4q_avg": 14.9,
            "equity": 7553716,
            "current_ratio": 88.41,
            "debt_ratio": 22.22,
            "inventory_turnover_ratio": 0.1,
            "account_receivable_turnover_ratio": null,
            "reinvestment_rate": -19.95,
            "research_to_sale_ratio": null,
            "price_fair": 53.73,
            "eps_avg_yearly": 1.54,
            "eps_latest_yearly": 2.96,
            "eps_growth_yearly": 281.93
        },
        "20073": {
            "year_quarter": 20073,
            "year": 2007,
            "quarter": 3,
            "eps": 0.61,
            "eps_growth_year": 64.86,
            "eps_4q": 2.23,
            "eps_4q_growth_year": 488.62,
            "roe": 3.82,
            "roe_4q": 12.18,
            "gross_profit": 1606,
            "gross_margin": 20.01,
            "gross_margin_4q_avg": 20.54,
            "net_income": 289324,
            "net_income_4q": null,
            "revenue": 8025,
            "revenue_4q": null,
            "common_shares": 5026857,
            "book_valuer_per_share": 15.11,
            "book_valuer_per_share_4q_avg": 15.07,
            "equity": 7593710,
            "current_ratio": 63.66,
            "debt_ratio": 16.64,
            "inventory_turnover_ratio": 0.06,
            "account_receivable_turnover_ratio": null,
            "reinvestment_rate": -20.17,
            "research_to_sale_ratio": null,
            "price_fair": 53.73,
            "eps_avg_yearly": 1.54,
            "eps_latest_yearly": 2.44,
            "eps_growth_yearly": 214.21
        },
        "20074": {
            "year_quarter": 20074,
            "year": 2007,
            "quarter": 4,
            "eps": -0.96,
            "eps_growth_year": -580,
            "eps_4q": 0.39,
            "eps_4q_growth_year": -41.7,
            "roe": -4.6,
            "roe_4q": 6.6899999999999995,
            "gross_profit": -1546,
            "gross_margin": -9.31,
            "gross_margin_4q_avg": 6.11,
            "net_income": -469695,
            "net_income_4q": null,
            "revenue": 16598,
            "revenue_4q": null,
            "common_shares": 5026857,
            "book_valuer_per_share": 13.03,
            "book_valuer_per_share_4q_avg": 14.49,
            "equity": 12813234,
            "current_ratio": 703.16,
            "debt_ratio": 94.75,
            "inventory_turnover_ratio": 0.17,
            "account_receivable_turnover_ratio": null,
            "reinvestment_rate": 618.65,
            "research_to_sale_ratio": null,
            "price_fair": 59.8,
            "eps_avg_yearly": 1.71,
            "eps_latest_yearly": 2.44,
            "eps_growth_yearly": 294.47
        },
        "20081": {
            "year_quarter": 20081,
            "year": 2008,
            "quarter": 1,
            "eps": -0.38,
            "eps_growth_year": -160.32,
            "eps_4q": -0.01,
            "eps_4q_growth_year": -100.91,
            "roe": -2.96,
            "roe_4q": 1.02,
            "gross_profit": -2590695,
            "gross_margin": -11.71,
            "gross_margin_4q_avg": -5.08,
            "net_income": -366804,
            "net_income_4q": null,
            "revenue": 22121110,
            "revenue_4q": null,
            "common_shares": 5026857,
            "book_valuer_per_share": 12.2,
            "book_valuer_per_share_4q_avg": 13.84,
            "equity": 11971761,
            "current_ratio": 445.08,
            "debt_ratio": 95.29,
            "inventory_turnover_ratio": 246.89,
            "account_receivable_turnover_ratio": null,
            "reinvestment_rate": 2052.86,
            "research_to_sale_ratio": null,
            "price_fair": 62.07,
            "eps_avg_yearly": 1.77,
            "eps_latest_yearly": 2.44,
            "eps_growth_yearly": 135.21
        },
        "20082": {
            "year_quarter": 20082,
            "year": 2008,
            "quarter": 2,
            "eps": -0.3,
            "eps_growth_year": -140.54,
            "eps_4q": -1.02,
            "eps_4q_growth_year": -151.41,
            "roe": -2.19,
            "roe_4q": -5.93,
            "gross_profit": 643752,
            "gross_margin": 3.22,
            "gross_margin_4q_avg": 0.55,
            "net_income": -236462,
            "net_income_4q": null,
            "revenue": 19980569,
            "revenue_4q": null,
            "common_shares": 5026857,
            "book_valuer_per_share": 10.17,
            "book_valuer_per_share_4q_avg": 12.63,
            "equity": 9622649,
            "current_ratio": 902.96,
            "debt_ratio": 96.12,
            "inventory_turnover_ratio": 195.86,
            "account_receivable_turnover_ratio": null,
            "reinvestment_rate": 25453.52,
            "research_to_sale_ratio": null,
            "price_fair": 69.72,
            "eps_avg_yearly": 1.99,
            "eps_latest_yearly": 2.44,
            "eps_growth_yearly": 201.04
        },
        "20083": {
            "year_quarter": 20083,
            "year": 2008,
            "quarter": 3,
            "eps": -0.64,
            "eps_growth_year": -204.92,
            "eps_4q": -2.24,
            "eps_4q_growth_year": -200.53,
            "roe": -8.61,
            "roe_4q": -18.36,
            "gross_profit": 4205858,
            "gross_margin": 14.41,
            "gross_margin_4q_avg": -0.85,
            "net_income": -697356,
            "net_income_4q": null,
            "revenue": 29187323,
            "revenue_4q": null,
            "common_shares": 5026857,
            "book_valuer_per_share": 7.18,
            "book_valuer_per_share_4q_avg": 10.65,
            "equity": 6573004,
            "current_ratio": 574.43,
            "debt_ratio": 97.4,
            "inventory_turnover_ratio": 255.38,
            "account_receivable_turnover_ratio": null,
            "reinvestment_rate": null,
            "research_to_sale_ratio": null,
            "price_fair": 76.3,
            "eps_avg_yearly": 2.18,
            "eps_latest_yearly": 2.44,
            "eps_growth_yearly": 168.95
        },
        "20084": {
            "year_quarter": 20084,
            "year": 2008,
            "quarter": 4,
            "eps": -2.83,
            "eps_growth_year": null,
            "eps_4q": -1.89,
            "eps_4q_growth_year": -583.85,
            "roe": -55.83,
            "roe_4q": -69.58999999999999,
            "gross_profit": 2400444,
            "gross_margin": 10.86,
            "gross_margin_4q_avg": 4.2,
            "net_income": -3233649,
            "net_income_4q": null,
            "revenue": 22099928,
            "revenue_4q": null,
            "common_shares": 5277540,
            "book_valuer_per_share": 5.52,
            "book_valuer_per_share_4q_avg": 8.77,
            "equity": 5011497,
            "current_ratio": 647.43,
            "debt_ratio": 98.05,
            "inventory_turnover_ratio": 202.33,
            "account_receivable_turnover_ratio": 37.52,
            "reinvestment_rate": null,
            "research_to_sale_ratio": null,
            "price_fair": 76.3,
            "eps_avg_yearly": 2.18,
            "eps_latest_yearly": 2.44,
            "eps_growth_yearly": 168.95
        },
        "20091": {
            "year_quarter": 20091,
            "year": 2009,
            "quarter": 1,
            "eps": 0.51,
            "eps_growth_year": null,
            "eps_4q": -1.37,
            "eps_4q_growth_year": null,
            "roe": 10.08,
            "roe_4q": -56.55,
            "gross_profit": 2709985,
            "gross_margin": 14.42,
            "gross_margin_4q_avg": 10.73,
            "net_income": 611001,
            "net_income_4q": null,
            "revenue": 18790073,
            "revenue_4q": null,
            "common_shares": 5277540,
            "book_valuer_per_share": 6.74,
            "book_valuer_per_share_4q_avg": 7.4,
            "equity": 7115270,
            "current_ratio": 1108.3,
            "debt_ratio": 97.3,
            "inventory_turnover_ratio": 165.17,
            "account_receivable_turnover_ratio": 18.12,
            "reinvestment_rate": null,
            "research_to_sale_ratio": null,
            "price_fair": 76.3,
            "eps_avg_yearly": 2.18,
            "eps_latest_yearly": 2.44,
            "eps_growth_yearly": 168.95
        },
        "20092": {
            "year_quarter": 20092,
            "year": 2009,
            "quarter": 2,
            "eps": 0.01,
            "eps_growth_year": null,
            "eps_4q": -2.82,
            "eps_4q_growth_year": null,
            "roe": 0.02,
            "roe_4q": -54.339999999999996,
            "gross_profit": -1957548,
            "gross_margin": -11.21,
            "gross_margin_4q_avg": 7.12,
            "net_income": 1349,
            "net_income_4q": null,
            "revenue": 17459492,
            "revenue_4q": null,
            "common_shares": 5277540,
            "book_valuer_per_share": 7.03,
            "book_valuer_per_share_4q_avg": 6.62,
            "equity": 7478882,
            "current_ratio": 1370.05,
            "debt_ratio": 97.28,
            "inventory_turnover_ratio": 201.32,
            "account_receivable_turnover_ratio": 19.37,
            "reinvestment_rate": null,
            "research_to_sale_ratio": null,
            "price_fair": 61.32,
            "eps_avg_yearly": 1.75,
            "eps_latest_yearly": 0.04,
            "eps_growth_yearly": 56.73
        },
        "20093": {
            "year_quarter": 20093,
            "year": 2009,
            "quarter": 3,
            "eps": 0.8,
            "eps_growth_year": null,
            "eps_4q": -0.62,
            "eps_4q_growth_year": null,
            "roe": 11.45,
            "roe_4q": -34.28,
            "gross_profit": -797051,
            "gross_margin": -4.03,
            "gross_margin_4q_avg": 2.51,
            "net_income": 990661,
            "net_income_4q": null,
            "revenue": 19778322,
            "revenue_4q": null,
            "common_shares": 5277540,
            "book_valuer_per_share": 9.05,
            "book_valuer_per_share_4q_avg": 7.09,
            "equity": 9825719,
            "current_ratio": 1420.08,
            "debt_ratio": 96.58,
            "inventory_turnover_ratio": 221.68,
            "account_receivable_turnover_ratio": 23.05,
            "reinvestment_rate": null,
            "research_to_sale_ratio": null,
            "price_fair": 69.77,
            "eps_avg_yearly": 1.99,
            "eps_latest_yearly": 3.2,
            "eps_growth_yearly": 5313.94
        },
        "20094": {
            "year_quarter": 20094,
            "year": 2009,
            "quarter": 4,
            "eps": 2.4,
            "eps_growth_year": null,
            "eps_4q": 3.93,
            "eps_4q_growth_year": null,
            "roe": 25.93,
            "roe_4q": 47.48,
            "gross_profit": 2243173,
            "gross_margin": 10.67,
            "gross_margin_4q_avg": 2.46,
            "net_income": 2922780,
            "net_income_4q": null,
            "revenue": 21026642,
            "revenue_4q": null,
            "common_shares": 5277540,
            "book_valuer_per_share": 12.67,
            "book_valuer_per_share_4q_avg": 8.87,
            "equity": 12719448,
            "current_ratio": 1265.62,
            "debt_ratio": 95.74,
            "inventory_turnover_ratio": 230.15,
            "account_receivable_turnover_ratio": 43.91,
            "reinvestment_rate": null,
            "research_to_sale_ratio": null,
            "price_fair": 107.8,
            "eps_avg_yearly": 3.08,
            "eps_latest_yearly": 9.6,
            "eps_growth_yearly": 4669.09
        },
        "20101": {
            "year_quarter": 20101,
            "year": 2010,
            "quarter": 1,
            "eps": 0.03,
            "eps_growth_year": -94.12,
            "eps_4q": 3.42,
            "eps_4q_growth_year": null,
            "roe": 0.29,
            "roe_4q": 37.690000000000005,
            "gross_profit": 9042,
            "gross_margin": 0.04,
            "gross_margin_4q_avg": -1.13,
            "net_income": 36239,
            "net_income_4q": null,
            "revenue": 20503072,
            "revenue_4q": null,
            "common_shares": 5277540,
            "book_valuer_per_share": 12.62,
            "book_valuer_per_share_4q_avg": 10.34,
            "equity": 12460384,
            "current_ratio": 1095.35,
            "debt_ratio": 95.95,
            "inventory_turnover_ratio": 281.95,
            "account_receivable_turnover_ratio": 24.39,
            "reinvestment_rate": null,
            "research_to_sale_ratio": null,
            "price_fair": 94.85,
            "eps_avg_yearly": 2.71,
            "eps_latest_yearly": 0.12,
            "eps_growth_yearly": 4036.08
        },
        "20102": {
            "year_quarter": 20102,
            "year": 2010,
            "quarter": 2,
            "eps": -0.48,
            "eps_growth_year": -4919.82,
            "eps_4q": 2.93,
            "eps_4q_growth_year": null,
            "roe": -5.27,
            "roe_4q": 32.4,
            "gross_profit": 3433,
            "gross_margin": 0.01,
            "gross_margin_4q_avg": 1.67,
            "net_income": -595091,
            "net_income_4q": null,
            "revenue": 23251745,
            "revenue_4q": null,
            "common_shares": 5277540,
            "book_valuer_per_share": 10.39,
            "book_valuer_per_share_4q_avg": 11.18,
            "equity": 10143333,
            "current_ratio": 942.96,
            "debt_ratio": 96.77,
            "inventory_turnover_ratio": 330.16,
            "account_receivable_turnover_ratio": 33.01,
            "reinvestment_rate": null,
            "research_to_sale_ratio": null,
            "price_fair": 94.85,
            "eps_avg_yearly": 2.71,
            "eps_latest_yearly": 0.12,
            "eps_growth_yearly": 4036.08
        },
        "20103": {
            "year_quarter": 20103,
            "year": 2010,
            "quarter": 3,
            "eps": 0.3,
            "eps_growth_year": -62.5,
            "eps_4q": 2.38,
            "eps_4q_growth_year": null,
            "roe": 1.65,
            "roe_4q": 22.6,
            "gross_profit": 4312,
            "gross_margin": 0.02,
            "gross_margin_4q_avg": 2.69,
            "net_income": 183071,
            "net_income_4q": null,
            "revenue": 22771650,
            "revenue_4q": null,
            "common_shares": 5277540,
            "book_valuer_per_share": 12.06,
            "book_valuer_per_share_4q_avg": 11.94,
            "equity": 12006635,
            "current_ratio": 784.64,
            "debt_ratio": 96.34,
            "inventory_turnover_ratio": 348.87,
            "account_receivable_turnover_ratio": 31.89,
            "reinvestment_rate": null,
            "research_to_sale_ratio": null,
            "price_fair": 94.85,
            "eps_avg_yearly": 2.71,
            "eps_latest_yearly": 0.12,
            "eps_growth_yearly": 4036.08
        },
        "20104": {
            "year_quarter": 20104,
            "year": 2010,
            "quarter": 4,
            "eps": 1.75,
            "eps_growth_year": -27.07,
            "eps_4q": 1.6,
            "eps_4q_growth_year": -59.37,
            "roe": 16.11,
            "roe_4q": 12.779999999999998,
            "gross_profit": -5687836,
            "gross_margin": -17.79,
            "gross_margin_4q_avg": -4.43,
            "net_income": 1993467,
            "net_income_4q": null,
            "revenue": 31972486,
            "revenue_4q": null,
            "common_shares": 5277540,
            "book_valuer_per_share": 12.67,
            "book_valuer_per_share_4q_avg": 11.94,
            "equity": 12734026,
            "current_ratio": 1151.52,
            "debt_ratio": 96.17,
            "inventory_turnover_ratio": 753.55,
            "account_receivable_turnover_ratio": 40.26,
            "reinvestment_rate": null,
            "research_to_sale_ratio": null,
            "price_fair": 121.98,
            "eps_avg_yearly": 3.49,
            "eps_latest_yearly": 7,
            "eps_growth_yearly": 4300.72
        },
        "20111": {
            "year_quarter": 20111,
            "year": 2011,
            "quarter": 1,
            "eps": 0.42,
            "eps_growth_year": 1300,
            "eps_4q": 2.01,
            "eps_4q_growth_year": -41.3,
            "roe": 4.15,
            "roe_4q": 16.639999999999997,
            "gross_profit": 8893,
            "gross_margin": 0.05,
            "gross_margin_4q_avg": -4.43,
            "net_income": 528713,
            "net_income_4q": null,
            "revenue": 19167874,
            "revenue_4q": null,
            "common_shares": 5264340,
            "book_valuer_per_share": 12.64,
            "book_valuer_per_share_4q_avg": 11.94,
            "equity": 12768987,
            "current_ratio": 2135.2,
            "debt_ratio": 96.25,
            "inventory_turnover_ratio": 515.97,
            "account_receivable_turnover_ratio": 23.02,
            "reinvestment_rate": null,
            "research_to_sale_ratio": null,
            "price_fair": 118.3,
            "eps_avg_yearly": 3.38,
            "eps_latest_yearly": 1.68,
            "eps_growth_yearly": 4155.22
        },
        "20112": {
            "year_quarter": 20112,
            "year": 2011,
            "quarter": 2,
            "eps": -0.25,
            "eps_growth_year": null,
            "eps_4q": 2.24,
            "eps_4q_growth_year": -23.42,
            "roe": -1.99,
            "roe_4q": 19.919999999999998,
            "gross_profit": 3616,
            "gross_margin": 0.02,
            "gross_margin_4q_avg": -4.43,
            "net_income": -243200,
            "net_income_4q": null,
            "revenue": 19029562,
            "revenue_4q": null,
            "common_shares": 5264340,
            "book_valuer_per_share": 11.8,
            "book_valuer_per_share_4q_avg": 12.29,
            "equity": 11680035,
            "current_ratio": 4019.94,
            "debt_ratio": 96.66,
            "inventory_turnover_ratio": 541.56,
            "account_receivable_turnover_ratio": 22.39,
            "reinvestment_rate": null,
            "research_to_sale_ratio": null,
            "price_fair": 120.4,
            "eps_avg_yearly": 3.44,
            "eps_latest_yearly": 1.68,
            "eps_growth_yearly": 4738.84
        },
        "20113": {
            "year_quarter": 20113,
            "year": 2011,
            "quarter": 3,
            "eps": -0.09,
            "eps_growth_year": -129.25,
            "eps_4q": 1.85,
            "eps_4q_growth_year": -22.17,
            "roe": -0.98,
            "roe_4q": 17.29,
            "gross_profit": 7659,
            "gross_margin": 0.04,
            "gross_margin_4q_avg": -4.42,
            "net_income": -101859,
            "net_income_4q": null,
            "revenue": 19622909,
            "revenue_4q": null,
            "common_shares": 5144340,
            "book_valuer_per_share": 9.5,
            "book_valuer_per_share_4q_avg": 11.65,
            "equity": 9076666,
            "current_ratio": 4232.82,
            "debt_ratio": 97.43,
            "inventory_turnover_ratio": 586.72,
            "account_receivable_turnover_ratio": 22.13,
            "reinvestment_rate": null,
            "research_to_sale_ratio": null,
            "price_fair": 126.23,
            "eps_avg_yearly": 3.61,
            "eps_latest_yearly": 1.68,
            "eps_growth_yearly": 5540.36
        },
        "20114": {
            "year_quarter": 20114,
            "year": 2011,
            "quarter": 4,
            "eps": -0.09,
            "eps_growth_year": -105.08,
            "eps_4q": 0.01,
            "eps_4q_growth_year": -99.08,
            "roe": -0.02,
            "roe_4q": 1.1600000000000001,
            "gross_profit": 5406364,
            "gross_margin": 29.92,
            "gross_margin_4q_avg": 7.51,
            "net_income": -1733,
            "net_income_4q": null,
            "revenue": 18068144,
            "revenue_4q": null,
            "common_shares": 5144340,
            "book_valuer_per_share": 9.65,
            "book_valuer_per_share_4q_avg": 10.9,
            "equity": 10293695,
            "current_ratio": 571.18,
            "debt_ratio": 97.17,
            "inventory_turnover_ratio": 335.36,
            "account_receivable_turnover_ratio": 18.52,
            "reinvestment_rate": null,
            "research_to_sale_ratio": null,
            "price_fair": 126.23,
            "eps_avg_yearly": 3.61,
            "eps_latest_yearly": 1.68,
            "eps_growth_yearly": 5540.36
        },
        "20121": {
            "year_quarter": 20121,
            "year": 2012,
            "quarter": 1,
            "eps": 0.37,
            "eps_growth_year": -11.9,
            "eps_4q": -0.03,
            "eps_4q_growth_year": -101.68,
            "roe": 4.68,
            "roe_4q": 1.6900000000000002,
            "gross_profit": 9446,
            "gross_margin": 0.04,
            "gross_margin_4q_avg": 7.51,
            "net_income": 541750,
            "net_income_4q": null,
            "revenue": 25920052,
            "revenue_4q": null,
            "common_shares": 5144340,
            "book_valuer_per_share": 11.64,
            "book_valuer_per_share_4q_avg": 10.65,
            "equity": 12837839,
            "current_ratio": 1948.4,
            "debt_ratio": 96.6,
            "inventory_turnover_ratio": 612.85,
            "account_receivable_turnover_ratio": 26.37,
            "reinvestment_rate": null,
            "research_to_sale_ratio": 0.01,
            "price_fair": 126.23,
            "eps_avg_yearly": 3.61,
            "eps_latest_yearly": 1.68,
            "eps_growth_yearly": 5540.36
        },
        "20122": {
            "year_quarter": 20122,
            "year": 2012,
            "quarter": 2,
            "eps": -0.07,
            "eps_growth_year": null,
            "eps_4q": 0.15,
            "eps_4q_growth_year": -93.53,
            "roe": -0.74,
            "roe_4q": 2.9399999999999995,
            "gross_profit": 9040,
            "gross_margin": 0.04,
            "gross_margin_4q_avg": 7.51,
            "net_income": -90562,
            "net_income_4q": null,
            "revenue": 24936798,
            "revenue_4q": null,
            "common_shares": 5144340,
            "book_valuer_per_share": 10.74,
            "book_valuer_per_share_4q_avg": 10.38,
            "equity": 11805292,
            "current_ratio": 2732.9,
            "debt_ratio": 97.03,
            "inventory_turnover_ratio": 600.97,
            "account_receivable_turnover_ratio": 26.06,
            "reinvestment_rate": null,
            "research_to_sale_ratio": null,
            "price_fair": 126.23,
            "eps_avg_yearly": 3.61,
            "eps_latest_yearly": 1.68,
            "eps_growth_yearly": 5540.36
        },
        "20123": {
            "year_quarter": 20123,
            "year": 2012,
            "quarter": 3,
            "eps": 0.37,
            "eps_growth_year": null,
            "eps_4q": 0.58,
            "eps_4q_growth_year": -68.69,
            "roe": 3.99,
            "roe_4q": 7.91,
            "gross_profit": 9132,
            "gross_margin": 0.03,
            "gross_margin_4q_avg": 7.51,
            "net_income": 528262,
            "net_income_4q": null,
            "revenue": 26751439,
            "revenue_4q": null,
            "common_shares": 5580923,
            "book_valuer_per_share": 12.48,
            "book_valuer_per_share_4q_avg": 11.13,
            "equity": 14656427,
            "current_ratio": 1622.43,
            "debt_ratio": 96.42,
            "inventory_turnover_ratio": 663.93,
            "account_receivable_turnover_ratio": 26.54,
            "reinvestment_rate": null,
            "research_to_sale_ratio": null,
            "price_fair": 126.23,
            "eps_avg_yearly": 3.61,
            "eps_latest_yearly": 1.68,
            "eps_growth_yearly": 5540.36
        },
        "20124": {
            "year_quarter": 20124,
            "year": 2012,
            "quarter": 4,
            "eps": 0.57,
            "eps_growth_year": null,
            "eps_4q": 1.23,
            "eps_4q_growth_year": 8267.93,
            "roe": 5.54,
            "roe_4q": 13.47,
            "gross_profit": -2987670,
            "gross_margin": -13.11,
            "gross_margin_4q_avg": -3.25,
            "net_income": 919038,
            "net_income_4q": null,
            "revenue": 22783365,
            "revenue_4q": null,
            "common_shares": 5632143,
            "book_valuer_per_share": 15.35,
            "book_valuer_per_share_4q_avg": 12.55,
            "equity": 18531518,
            "current_ratio": 724,
            "debt_ratio": 95.59,
            "inventory_turnover_ratio": 523.86,
            "account_receivable_turnover_ratio": 21.4,
            "reinvestment_rate": 342.85,
            "research_to_sale_ratio": null,
            "price_fair": 119.6,
            "eps_avg_yearly": 3.42,
            "eps_latest_yearly": 2.28,
            "eps_growth_yearly": 4779.77
        },
        "20131": {
            "year_quarter": 20131,
            "year": 2013,
            "quarter": 1,
            "eps": 0.83,
            "eps_growth_year": 124.32,
            "eps_4q": 1.71,
            "eps_4q_growth_year": null,
            "roe": 4.6,
            "roe_4q": 13.39,
            "gross_profit": 920750,
            "gross_margin": null,
            "gross_margin_4q_avg": -3.26,
            "net_income": 844981,
            "net_income_4q": null,
            "revenue": 18644952,
            "revenue_4q": null,
            "common_shares": 5632143,
            "book_valuer_per_share": 14.9,
            "book_valuer_per_share_4q_avg": 13.37,
            "equity": 18177301,
            "current_ratio": 1360.02,
            "debt_ratio": 95.81,
            "inventory_turnover_ratio": null,
            "account_receivable_turnover_ratio": 17.14,
            "reinvestment_rate": 124.5,
            "research_to_sale_ratio": 0.02,
            "price_fair": 119.18,
            "eps_avg_yearly": 3.41,
            "eps_latest_yearly": 3.32,
            "eps_growth_yearly": 4205.11
        },
        "20132": {
            "year_quarter": 20132,
            "year": 2013,
            "quarter": 2,
            "eps": -0.47,
            "eps_growth_year": null,
            "eps_4q": 1.3,
            "eps_4q_growth_year": 799.58,
            "roe": -2.86,
            "roe_4q": 11.27,
            "gross_profit": 287522,
            "gross_margin": null,
            "gross_margin_4q_avg": -3.27,
            "net_income": -465333,
            "net_income_4q": null,
            "revenue": 15484032,
            "revenue_4q": null,
            "common_shares": 5632143,
            "book_valuer_per_share": 11.86,
            "book_valuer_per_share_4q_avg": 13.65,
            "equity": 14391201,
            "current_ratio": 1003.62,
            "debt_ratio": 96.71,
            "inventory_turnover_ratio": null,
            "account_receivable_turnover_ratio": 13.78,
            "reinvestment_rate": 116.22,
            "research_to_sale_ratio": 0.04,
            "price_fair": 136,
            "eps_avg_yearly": 3.89,
            "eps_latest_yearly": 3.32,
            "eps_growth_yearly": 4861.86
        },
        "20133": {
            "year_quarter": 20133,
            "year": 2013,
            "quarter": 3,
            "eps": 0.49,
            "eps_growth_year": 33.38,
            "eps_4q": 1.43,
            "eps_4q_growth_year": 145.82,
            "roe": 4.75,
            "roe_4q": 12.030000000000001,
            "gross_profit": 612621,
            "gross_margin": null,
            "gross_margin_4q_avg": -3.28,
            "net_income": 673764,
            "net_income_4q": null,
            "revenue": 20162341,
            "revenue_4q": null,
            "common_shares": 5632143,
            "book_valuer_per_share": 11.57,
            "book_valuer_per_share_4q_avg": 13.42,
            "equity": 13999015,
            "current_ratio": 1342.37,
            "debt_ratio": 96.83,
            "inventory_turnover_ratio": null,
            "account_receivable_turnover_ratio": 16.48,
            "reinvestment_rate": 124.67,
            "research_to_sale_ratio": 0.03,
            "price_fair": 140,
            "eps_avg_yearly": 4,
            "eps_latest_yearly": 3.32,
            "eps_growth_yearly": 405.5
        },
        "20134": {
            "year_quarter": 20134,
            "year": 2013,
            "quarter": 4,
            "eps": -0.36,
            "eps_growth_year": -162.25,
            "eps_4q": 0.5,
            "eps_4q_growth_year": -59.49,
            "roe": -3.56,
            "roe_4q": 2.9299999999999997,
            "gross_profit": 343306,
            "gross_margin": null,
            "gross_margin_4q_avg": 0,
            "net_income": -503288,
            "net_income_4q": null,
            "revenue": 22841348,
            "revenue_4q": null,
            "common_shares": 5632143,
            "book_valuer_per_share": 11.7,
            "book_valuer_per_share_4q_avg": 12.51,
            "equity": 14254203,
            "current_ratio": 1593.78,
            "debt_ratio": 96.87,
            "inventory_turnover_ratio": null,
            "account_receivable_turnover_ratio": 17.01,
            "reinvestment_rate": 254.57,
            "research_to_sale_ratio": 0.05,
            "price_fair": 100.8,
            "eps_avg_yearly": 2.88,
            "eps_latest_yearly": 3.32,
            "eps_growth_yearly": 326.6
        },
        "20141": {
            "year_quarter": 20141,
            "year": 2014,
            "quarter": 1,
            "eps": 0.36,
            "eps_growth_year": -56.63,
            "eps_4q": 0.02,
            "eps_4q_growth_year": -98.82,
            "roe": 3.23,
            "roe_4q": 1.56,
            "gross_profit": 950589,
            "gross_margin": null,
            "gross_margin_4q_avg": 0,
            "net_income": 485178,
            "net_income_4q": null,
            "revenue": 23008909,
            "revenue_4q": null,
            "common_shares": 5632143,
            "book_valuer_per_share": 12.73,
            "book_valuer_per_share_4q_avg": 11.97,
            "equity": 15779520,
            "current_ratio": 1489.1,
            "debt_ratio": 96.65,
            "inventory_turnover_ratio": null,
            "account_receivable_turnover_ratio": 16.23,
            "reinvestment_rate": 212.14,
            "research_to_sale_ratio": 0.01,
            "price_fair": 124.95,
            "eps_avg_yearly": 3.57,
            "eps_latest_yearly": 3.32,
            "eps_growth_yearly": 507
        },
        "20142": {
            "year_quarter": 20142,
            "year": 2014,
            "quarter": 2,
            "eps": -0.01,
            "eps_growth_year": null,
            "eps_4q": 0.47,
            "eps_4q_growth_year": -63.69,
            "roe": -0.11,
            "roe_4q": 4.3100000000000005,
            "gross_profit": 104964,
            "gross_margin": null,
            "gross_margin_4q_avg": 0,
            "net_income": -17193,
            "net_income_4q": null,
            "revenue": 23947831,
            "revenue_4q": null,
            "common_shares": 5632143,
            "book_valuer_per_share": 12.76,
            "book_valuer_per_share_4q_avg": 12.19,
            "equity": 16308513,
            "current_ratio": 1360.28,
            "debt_ratio": 96.62,
            "inventory_turnover_ratio": null,
            "account_receivable_turnover_ratio": 17.05,
            "reinvestment_rate": -151.19,
            "research_to_sale_ratio": 0.03,
            "price_fair": 124.95,
            "eps_avg_yearly": 3.57,
            "eps_latest_yearly": 3.32,
            "eps_growth_yearly": 507
        },
        "20143": {
            "year_quarter": 20143,
            "year": 2014,
            "quarter": 3,
            "eps": 1,
            "eps_growth_year": 104.08,
            "eps_4q": 0.98,
            "eps_4q_growth_year": -31.02,
            "roe": 9.37,
            "roe_4q": 8.93,
            "gross_profit": 776791,
            "gross_margin": null,
            "gross_margin_4q_avg": 0,
            "net_income": 1477231,
            "net_income_4q": null,
            "revenue": 22452136,
            "revenue_4q": null,
            "common_shares": 5632143,
            "book_valuer_per_share": 12.04,
            "book_valuer_per_share_4q_avg": 12.31,
            "equity": 15227928,
            "current_ratio": 936.54,
            "debt_ratio": 96.94,
            "inventory_turnover_ratio": null,
            "account_receivable_turnover_ratio": 15.17,
            "reinvestment_rate": -154.59,
            "research_to_sale_ratio": 0.03,
            "price_fair": 124.95,
            "eps_avg_yearly": 3.57,
            "eps_latest_yearly": 3.32,
            "eps_growth_yearly": 507
        },
        "20144": {
            "year_quarter": 20144,
            "year": 2014,
            "quarter": 4,
            "eps": -0.37,
            "eps_growth_year": null,
            "eps_4q": 0.97,
            "eps_4q_growth_year": 94.28,
            "roe": -1.88,
            "roe_4q": 10.61,
            "gross_profit": -1834178,
            "gross_margin": null,
            "gross_margin_4q_avg": 0,
            "net_income": -303056,
            "net_income_4q": null,
            "revenue": 20590845,
            "revenue_4q": null,
            "common_shares": 5632143,
            "book_valuer_per_share": 13.13,
            "book_valuer_per_share_4q_avg": 12.67,
            "equity": 16949907,
            "current_ratio": 1469.02,
            "debt_ratio": 96.7,
            "inventory_turnover_ratio": null,
            "account_receivable_turnover_ratio": 12.33,
            "reinvestment_rate": -196.73,
            "research_to_sale_ratio": 0.04,
            "price_fair": 84.93,
            "eps_avg_yearly": 2.43,
            "eps_latest_yearly": 3.32,
            "eps_growth_yearly": 31.56
        },
        "20151": {
            "year_quarter": 20151,
            "year": 2015,
            "quarter": 1,
            "eps": 0.74,
            "eps_growth_year": 105.56,
            "eps_4q": 1.35,
            "eps_4q_growth_year": 6603.72,
            "roe": 6.34,
            "roe_4q": 13.719999999999999,
            "gross_profit": 4487,
            "gross_margin": null,
            "gross_margin_4q_avg": 0,
            "net_income": 1114376,
            "net_income_4q": null,
            "revenue": 19424596,
            "revenue_4q": null,
            "common_shares": 5632143,
            "book_valuer_per_share": 13.92,
            "book_valuer_per_share_4q_avg": 12.96,
            "equity": 18217069,
            "current_ratio": 1156.56,
            "debt_ratio": 96.51,
            "inventory_turnover_ratio": null,
            "account_receivable_turnover_ratio": 10.69,
            "reinvestment_rate": -184.73,
            "research_to_sale_ratio": 0.01,
            "price_fair": 98,
            "eps_avg_yearly": 2.8,
            "eps_latest_yearly": 3.32,
            "eps_growth_yearly": 199.34
        },
        "20152": {
            "year_quarter": 20152,
            "year": 2015,
            "quarter": 2,
            "eps": -0.11,
            "eps_growth_year": null,
            "eps_4q": 1.24,
            "eps_4q_growth_year": 162.65,
            "roe": -0.42,
            "roe_4q": 13.41,
            "gross_profit": 763,
            "gross_margin": null,
            "gross_margin_4q_avg": 0,
            "net_income": -74044,
            "net_income_4q": null,
            "revenue": 19687597,
            "revenue_4q": null,
            "common_shares": 5632143,
            "book_valuer_per_share": 12.53,
            "book_valuer_per_share_4q_avg": 12.91,
            "equity": 16665392,
            "current_ratio": 775.73,
            "debt_ratio": 96.85,
            "inventory_turnover_ratio": null,
            "account_receivable_turnover_ratio": 9.77,
            "reinvestment_rate": -164.02,
            "research_to_sale_ratio": 0.02,
            "price_fair": 98,
            "eps_avg_yearly": 2.8,
            "eps_latest_yearly": 3.32,
            "eps_growth_yearly": 199.34
        },
        "20153": {
            "year_quarter": 20153,
            "year": 2015,
            "quarter": 3,
            "eps": -1.4,
            "eps_growth_year": -240,
            "eps_4q": -1.15,
            "eps_4q_growth_year": -216.65,
            "roe": -12.6,
            "roe_4q": -8.559999999999999,
            "gross_profit": -185,
            "gross_margin": null,
            "gross_margin_4q_avg": 0,
            "net_income": -1880471,
            "net_income_4q": null,
            "revenue": 16953129,
            "revenue_4q": null,
            "common_shares": 5632143,
            "book_valuer_per_share": 10.07,
            "book_valuer_per_share_4q_avg": 12.41,
            "equity": 13188301,
            "current_ratio": 1346.89,
            "debt_ratio": 97.56,
            "inventory_turnover_ratio": null,
            "account_receivable_turnover_ratio": 7.57,
            "reinvestment_rate": -338.73,
            "research_to_sale_ratio": 0.04,
            "price_fair": 98,
            "eps_avg_yearly": 2.8,
            "eps_latest_yearly": 3.32,
            "eps_growth_yearly": 199.34
        },
        "20154": {
            "year_quarter": 20154,
            "year": 2015,
            "quarter": 4,
            "eps": 1.15,
            "eps_growth_year": null,
            "eps_4q": 0.43,
            "eps_4q_growth_year": -55.69,
            "roe": 5.71,
            "roe_4q": -0.9699999999999998,
            "gross_profit": 3785,
            "gross_margin": null,
            "gross_margin_4q_avg": 0,
            "net_income": 609418,
            "net_income_4q": null,
            "revenue": -55175732,
            "revenue_4q": null,
            "common_shares": 5632143,
            "book_valuer_per_share": 14.54,
            "book_valuer_per_share_4q_avg": 12.77,
            "equity": 8152451,
            "current_ratio": 26.93,
            "debt_ratio": 38.03,
            "inventory_turnover_ratio": null,
            "account_receivable_turnover_ratio": -47.99,
            "reinvestment_rate": -853.16,
            "research_to_sale_ratio": null,
            "price_fair": 98,
            "eps_avg_yearly": 2.8,
            "eps_latest_yearly": 3.32,
            "eps_growth_yearly": 199.34
        },
        "20161": {
            "year_quarter": 20161,
            "year": 2016,
            "quarter": 1,
            "eps": -0.12,
            "eps_growth_year": -116.22,
            "eps_4q": -0.37,
            "eps_4q_growth_year": -127.71,
            "roe": -0.82,
            "roe_4q": -8.13,
            "gross_profit": 5218,
            "gross_margin": null,
            "gross_margin_4q_avg": 0,
            "net_income": -66015,
            "net_income_4q": null,
            "revenue": 28696,
            "revenue_4q": null,
            "common_shares": 5632143,
            "book_valuer_per_share": 14.45,
            "book_valuer_per_share_4q_avg": 12.9,
            "equity": 8046548,
            "current_ratio": 30.86,
            "debt_ratio": 41.12,
            "inventory_turnover_ratio": null,
            "account_receivable_turnover_ratio": null,
            "reinvestment_rate": -1140.5,
            "research_to_sale_ratio": null,
            "price_fair": 98,
            "eps_avg_yearly": 2.8,
            "eps_latest_yearly": 3.32,
            "eps_growth_yearly": 199.34
        },
        "20162": {
            "year_quarter": 20162,
            "year": 2016,
            "quarter": 2,
            "eps": -0.04,
            "eps_growth_year": null,
            "eps_4q": -0.3,
            "eps_4q_growth_year": -124.51,
            "roe": -0.25,
            "roe_4q": -7.959999999999999,
            "gross_profit": 20070,
            "gross_margin": null,
            "gross_margin_4q_avg": 0,
            "net_income": -19724,
            "net_income_4q": null,
            "revenue": 73041,
            "revenue_4q": null,
            "common_shares": 5569233,
            "book_valuer_per_share": 13.95,
            "book_valuer_per_share_4q_avg": 13.25,
            "equity": 7709709,
            "current_ratio": 27.33,
            "debt_ratio": 42.99,
            "inventory_turnover_ratio": null,
            "account_receivable_turnover_ratio": null,
            "reinvestment_rate": -1101.62,
            "research_to_sale_ratio": null,
            "price_fair": 98,
            "eps_avg_yearly": 2.8,
            "eps_latest_yearly": 3.32,
            "eps_growth_yearly": 199.34
        },
        "20163": {
            "year_quarter": 20163,
            "year": 2016,
            "quarter": 3,
            "eps": 0.93,
            "eps_growth_year": null,
            "eps_4q": 1.98,
            "eps_4q_growth_year": null,
            "roe": 6.19,
            "roe_4q": 10.83,
            "gross_profit": -4812,
            "gross_margin": null,
            "gross_margin_4q_avg": 0,
            "net_income": 508687,
            "net_income_4q": null,
            "revenue": 622551,
            "revenue_4q": null,
            "common_shares": 5569233,
            "book_valuer_per_share": 16.19,
            "book_valuer_per_share_4q_avg": 14.78,
            "equity": 8728293,
            "current_ratio": 25.92,
            "debt_ratio": 35.9,
            "inventory_turnover_ratio": null,
            "account_receivable_turnover_ratio": null,
            "reinvestment_rate": -958.26,
            "research_to_sale_ratio": null,
            "price_fair": 98,
            "eps_avg_yearly": 2.8,
            "eps_latest_yearly": 3.32,
            "eps_growth_yearly": 199.34
        },
        "20164": {
            "year_quarter": 20164,
            "year": 2016,
            "quarter": 4,
            "eps": -0.06,
            "eps_growth_year": -105.29,
            "eps_4q": 0.78,
            "eps_4q_growth_year": 81.02,
            "roe": -0.36,
            "roe_4q": 4.76,
            "gross_profit": null,
            "gross_margin": null,
            "gross_margin_4q_avg": 0,
            "net_income": -30714,
            "net_income_4q": null,
            "revenue": 26079,
            "revenue_4q": null,
            "common_shares": 5066133,
            "book_valuer_per_share": 16.89,
            "book_valuer_per_share_4q_avg": 15.37,
            "equity": 8554734,
            "current_ratio": 370.73,
            "debt_ratio": 37.36,
            "inventory_turnover_ratio": null,
            "account_receivable_turnover_ratio": 0.89,
            "reinvestment_rate": -1272.92,
            "research_to_sale_ratio": null,
            "price_fair": 116.2,
            "eps_avg_yearly": 3.32,
            "eps_latest_yearly": 3.32,
            "eps_growth_yearly": 182.46
        },
        "20171": {
            "year_quarter": 20171,
            "year": 2017,
            "quarter": 1,
            "eps": 0.3,
            "eps_growth_year": null,
            "eps_4q": 1.23,
            "eps_4q_growth_year": null,
            "roe": 1.74,
            "roe_4q": 7.32,
            "gross_profit": 224345,
            "gross_margin": 98.81,
            "gross_margin_4q_avg": 24.7,
            "net_income": 151148,
            "net_income_4q": null,
            "revenue": 227049,
            "revenue_4q": null,
            "common_shares": 4990533,
            "book_valuer_per_share": 17.74,
            "book_valuer_per_share_4q_avg": 16.19,
            "equity": 8796027,
            "current_ratio": 516.21,
            "debt_ratio": 33.72,
            "inventory_turnover_ratio": 0,
            "account_receivable_turnover_ratio": 2.64,
            "reinvestment_rate": -981.1,
            "research_to_sale_ratio": null,
            "price_fair": 0,
            "eps_avg_yearly": 0,
            "eps_latest_yearly": 0,
            "eps_growth_yearly": 0
        },
        "20172": {
            "year_quarter": 20172,
            "year": 2017,
            "quarter": 2,
            "eps": 1.29,
            "eps_growth_year": null,
            "eps_4q": 2.57,
            "eps_4q_growth_year": null,
            "roe": 7.09,
            "roe_4q": 14.66,
            "gross_profit": 866966,
            "gross_margin": 99.1,
            "gross_margin_4q_avg": 49.48,
            "net_income": 638873,
            "net_income_4q": null,
            "revenue": 874831,
            "revenue_4q": null,
            "common_shares": 4935723,
            "book_valuer_per_share": 18.71,
            "book_valuer_per_share_4q_avg": 17.38,
            "equity": 9233312,
            "current_ratio": 655.44,
            "debt_ratio": 29.96,
            "inventory_turnover_ratio": 0.01,
            "account_receivable_turnover_ratio": 7.37,
            "reinvestment_rate": -499.89,
            "research_to_sale_ratio": null,
            "price_fair": 180.6,
            "eps_avg_yearly": 5.16,
            "eps_latest_yearly": 5.16,
            "eps_growth_yearly": 1320
        },
        "20173": {
            "year_quarter": 20173,
            "year": 2017,
            "quarter": 3,
            "eps": 0.76,
            "eps_growth_year": -18.28,
            "eps_4q": 2.3,
            "eps_4q_growth_year": 16.37,
            "roe": 4.06,
            "roe_4q": 12.53,
            "gross_profit": 480044,
            "gross_margin": 99.06,
            "gross_margin_4q_avg": 74.24,
            "net_income": 375903,
            "net_income_4q": null,
            "revenue": 484594,
            "revenue_4q": null,
            "common_shares": 4935723,
            "book_valuer_per_share": 18.79,
            "book_valuer_per_share_4q_avg": 18.03,
            "equity": 9275613,
            "current_ratio": 754.48,
            "debt_ratio": 28.79,
            "inventory_turnover_ratio": 0,
            "account_receivable_turnover_ratio": 4.3,
            "reinvestment_rate": -466.77,
            "research_to_sale_ratio": null,
            "price_fair": 143.5,
            "eps_avg_yearly": 4.1,
            "eps_latest_yearly": 3.04,
            "eps_growth_yearly": 577.83
        },
        "20174": {
            "year_quarter": 20174,
            "year": 2017,
            "quarter": 4,
            "eps": 0.09,
            "eps_growth_year": null,
            "eps_4q": 2.45,
            "eps_4q_growth_year": 216.11,
            "roe": 0.46,
            "roe_4q": 13.35,
            "gross_profit": 101833,
            "gross_margin": 95.41,
            "gross_margin_4q_avg": 98.1,
            "net_income": 43767,
            "net_income_4q": null,
            "revenue": 106730,
            "revenue_4q": null,
            "common_shares": 4935723,
            "book_valuer_per_share": 19.57,
            "book_valuer_per_share_4q_avg": 18.7,
            "equity": 9658181,
            "current_ratio": 772.04,
            "debt_ratio": 28.6,
            "inventory_turnover_ratio": 0,
            "account_receivable_turnover_ratio": 1.37,
            "reinvestment_rate": -417.64,
            "research_to_sale_ratio": null,
            "price_fair": 99.87,
            "eps_avg_yearly": 2.85,
            "eps_latest_yearly": 0.36,
            "eps_growth_yearly": 267.68
        },
        "20181": {
            "year_quarter": 20181,
            "year": 2018,
            "quarter": 1,
            "eps": -0.04,
            "eps_growth_year": -113.33,
            "eps_4q": 2.1,
            "eps_4q_growth_year": 70.95,
            "roe": -0.22,
            "roe_4q": 11.39,
            "gross_profit": 14808,
            "gross_margin": 59.25,
            "gross_margin_4q_avg": 88.21,
            "net_income": -21743,
            "net_income_4q": null,
            "revenue": 24993,
            "revenue_4q": null,
            "common_shares": 4935723,
            "book_valuer_per_share": 19.58,
            "book_valuer_per_share_4q_avg": 19.16,
            "equity": 9666187,
            "current_ratio": 900.43,
            "debt_ratio": 25.8,
            "inventory_turnover_ratio": 0.01,
            "account_receivable_turnover_ratio": 0.9,
            "reinvestment_rate": -464.77,
            "research_to_sale_ratio": null,
            "price_fair": 99.87,
            "eps_avg_yearly": 2.85,
            "eps_latest_yearly": 0.36,
            "eps_growth_yearly": 267.68
        },
        "20182": {
            "year_quarter": 20182,
            "year": 2018,
            "quarter": 2,
            "eps": -0.01,
            "eps_growth_year": -100.78,
            "eps_4q": 0.77,
            "eps_4q_growth_year": -69.88,
            "roe": -0.07,
            "roe_4q": 4.2299999999999995,
            "gross_profit": 17995,
            "gross_margin": 50.03,
            "gross_margin_4q_avg": 75.94,
            "net_income": -6449,
            "net_income_4q": null,
            "revenue": 35966,
            "revenue_4q": null,
            "common_shares": 4935723,
            "book_valuer_per_share": 19.28,
            "book_valuer_per_share_4q_avg": 19.31,
            "equity": 9518874,
            "current_ratio": 681.66,
            "debt_ratio": 28,
            "inventory_turnover_ratio": 0.01,
            "account_receivable_turnover_ratio": 29.36,
            "reinvestment_rate": -463.46,
            "research_to_sale_ratio": null,
            "price_fair": 99.87,
            "eps_avg_yearly": 2.85,
            "eps_latest_yearly": 0.36,
            "eps_growth_yearly": 267.68
        },
        "20183": {
            "year_quarter": 20183,
            "year": 2018,
            "quarter": 3,
            "eps": 0.6,
            "eps_growth_year": -21.05,
            "eps_4q": 0.63,
            "eps_4q_growth_year": -72.42,
            "roe": 3.12,
            "roe_4q": 3.29,
            "gross_profit": 14408,
            "gross_margin": 59.49,
            "gross_margin_4q_avg": 66.05,
            "net_income": 305269,
            "net_income_4q": null,
            "revenue": 24219,
            "revenue_4q": null,
            "common_shares": 5059116,
            "book_valuer_per_share": 19.93,
            "book_valuer_per_share_4q_avg": 19.59,
            "equity": 10081093,
            "current_ratio": 452.23,
            "debt_ratio": 30.31,
            "inventory_turnover_ratio": 0.01,
            "account_receivable_turnover_ratio": 23.03,
            "reinvestment_rate": -511.63,
            "research_to_sale_ratio": null,
            "price_fair": 99.87,
            "eps_avg_yearly": 2.85,
            "eps_latest_yearly": 0.36,
            "eps_growth_yearly": 267.68
        },
        "20184": {
            "year_quarter": 20184,
            "year": 2018,
            "quarter": 4,
            "eps": -0.5,
            "eps_growth_year": -661.2,
            "eps_4q": 0.05,
            "eps_4q_growth_year": -97.98,
            "roe": -2.6,
            "roe_4q": 0.23,
            "gross_profit": 228,
            "gross_margin": 0.85,
            "gross_margin_4q_avg": 42.41,
            "net_income": -251980,
            "net_income_4q": null,
            "revenue": 26816,
            "revenue_4q": null,
            "common_shares": 5059116,
            "book_valuer_per_share": 18.33,
            "book_valuer_per_share_4q_avg": 19.28,
            "equity": 9273824,
            "current_ratio": 930.37,
            "debt_ratio": 26.53,
            "inventory_turnover_ratio": 0.01,
            "account_receivable_turnover_ratio": 60.46,
            "reinvestment_rate": -530.02,
            "research_to_sale_ratio": null,
            "price_fair": 99.87,
            "eps_avg_yearly": 2.85,
            "eps_latest_yearly": 0.36,
            "eps_growth_yearly": 267.68
        },
        "20191": {
            "year_quarter": 20191,
            "year": 2019,
            "quarter": 1,
            "eps": -0.07,
            "eps_growth_year": null,
            "eps_4q": 0.03,
            "eps_4q_growth_year": -98.71,
            "roe": -0.34,
            "roe_4q": 0.11000000000000015,
            "gross_profit": 41202,
            "gross_margin": 7.27,
            "gross_margin_4q_avg": 29.41,
            "net_income": -30938,
            "net_income_4q": null,
            "revenue": 566888,
            "revenue_4q": null,
            "common_shares": 5059116,
            "book_valuer_per_share": 18.5,
            "book_valuer_per_share_4q_avg": 19.01,
            "equity": 9069726,
            "current_ratio": 205.35,
            "debt_ratio": 49.62,
            "inventory_turnover_ratio": 0.2,
            "account_receivable_turnover_ratio": 1.26,
            "reinvestment_rate": -711.28,
            "research_to_sale_ratio": null,
            "price_fair": 99.87,
            "eps_avg_yearly": 2.85,
            "eps_latest_yearly": 0.36,
            "eps_growth_yearly": 267.68
        },
        "20192": {
            "year_quarter": 20192,
            "year": 2019,
            "quarter": 2,
            "eps": 1.77,
            "eps_growth_year": null,
            "eps_4q": 1.81,
            "eps_4q_growth_year": 134.5,
            "roe": 8.88,
            "roe_4q": 9.060000000000002,
            "gross_profit": 101745,
            "gross_margin": 4.57,
            "gross_margin_4q_avg": 18.05,
            "net_income": 824104,
            "net_income_4q": null,
            "revenue": 2225619,
            "revenue_4q": null,
            "common_shares": 5059116,
            "book_valuer_per_share": 19.91,
            "book_valuer_per_share_4q_avg": 19.17,
            "equity": 9493161,
            "current_ratio": 225.47,
            "debt_ratio": 52.76,
            "inventory_turnover_ratio": 0.7,
            "account_receivable_turnover_ratio": 2.16,
            "reinvestment_rate": -501.7,
            "research_to_sale_ratio": null,
            "price_fair": 99.87,
            "eps_avg_yearly": 2.85,
            "eps_latest_yearly": 0.36,
            "eps_growth_yearly": 267.68
        },
        "20193": {
            "year_quarter": 20193,
            "year": 2019,
            "quarter": 3,
            "eps": -0.53,
            "eps_growth_year": -188.33,
            "eps_4q": 0.62,
            "eps_4q_growth_year": -2.65,
            "roe": -2.56,
            "roe_4q": 3.3800000000000003,
            "gross_profit": 136572,
            "gross_margin": 5.33,
            "gross_margin_4q_avg": 4.51,
            "net_income": -238560,
            "net_income_4q": null,
            "revenue": 2563623,
            "revenue_4q": null,
            "common_shares": 5059116,
            "book_valuer_per_share": 19.3,
            "book_valuer_per_share_4q_avg": 19.01,
            "equity": 9143597,
            "current_ratio": 253.61,
            "debt_ratio": 51.45,
            "inventory_turnover_ratio": 0.8,
            "account_receivable_turnover_ratio": 2.51,
            "reinvestment_rate": -417.08,
            "research_to_sale_ratio": null,
            "price_fair": 99.87,
            "eps_avg_yearly": 2.85,
            "eps_latest_yearly": 0.36,
            "eps_growth_yearly": 267.68
        },
        "20194": {
            "year_quarter": 20194,
            "year": 2019,
            "quarter": 4,
            "eps": 0.89,
            "eps_growth_year": null,
            "eps_4q": 2.35,
            "eps_4q_growth_year": 4637.2,
            "roe": 3.75,
            "roe_4q": 9.73,
            "gross_profit": 184653,
            "gross_margin": 4.69,
            "gross_margin_4q_avg": 5.47,
            "net_income": 332587,
            "net_income_4q": null,
            "revenue": 3939483,
            "revenue_4q": null,
            "common_shares": 4047293,
            "book_valuer_per_share": 22.58,
            "book_valuer_per_share_4q_avg": 20.07,
            "equity": 8578553,
            "current_ratio": 246.21,
            "debt_ratio": 54.16,
            "inventory_turnover_ratio": 1.23,
            "account_receivable_turnover_ratio": 3.71,
            "reinvestment_rate": -47.85,
            "research_to_sale_ratio": null,
            "price_fair": 99.87,
            "eps_avg_yearly": 2.85,
            "eps_latest_yearly": 0.36,
            "eps_growth_yearly": 267.68
        },
        "20201": {
            "year_quarter": 20201,
            "year": 2020,
            "quarter": 1,
            "eps": -0.15,
            "eps_growth_year": null,
            "eps_4q": 2.09,
            "eps_4q_growth_year": 7631.95,
            "roe": -0.63,
            "roe_4q": 9.440000000000001,
            "gross_profit": 97905,
            "gross_margin": 6.08,
            "gross_margin_4q_avg": 5.17,
            "net_income": -53048,
            "net_income_4q": null,
            "revenue": 1609870,
            "revenue_4q": null,
            "common_shares": 4047293,
            "book_valuer_per_share": 20,
            "book_valuer_per_share_4q_avg": 20.45,
            "equity": 8363719,
            "current_ratio": 229.81,
            "debt_ratio": 53.41,
            "inventory_turnover_ratio": 0.44,
            "account_receivable_turnover_ratio": 1.26,
            "reinvestment_rate": -45.84,
            "research_to_sale_ratio": null,
            "price_fair": 99.87,
            "eps_avg_yearly": 2.85,
            "eps_latest_yearly": 0.36,
            "eps_growth_yearly": 267.68
        },
        "20202": {
            "year_quarter": 20202,
            "year": 2020,
            "quarter": 2,
            "eps": 0.48,
            "eps_growth_year": -72.88,
            "eps_4q": 0.57,
            "eps_4q_growth_year": -68.83,
            "roe": 2.11,
            "roe_4q": 2.6700000000000004,
            "gross_profit": 174733,
            "gross_margin": 6.18,
            "gross_margin_4q_avg": 5.57,
            "net_income": 178208,
            "net_income_4q": null,
            "revenue": 2829648,
            "revenue_4q": null,
            "common_shares": 3947293,
            "book_valuer_per_share": 23.17,
            "book_valuer_per_share_4q_avg": 21.26,
            "equity": 8561505,
            "current_ratio": 228.8,
            "debt_ratio": 53.55,
            "inventory_turnover_ratio": 0.7,
            "account_receivable_turnover_ratio": 2.35,
            "reinvestment_rate": 14.31,
            "research_to_sale_ratio": null,
            "price_fair": 99.87,
            "eps_avg_yearly": 2.85,
            "eps_latest_yearly": 0.36,
            "eps_growth_yearly": 267.68
        },
        "20203": {
            "year_quarter": 20203,
            "year": 2020,
            "quarter": 3,
            "eps": -0.98,
            "eps_growth_year": null,
            "eps_4q": 0.28,
            "eps_4q_growth_year": -55.39,
            "roe": -3.99,
            "roe_4q": 1.2399999999999998,
            "gross_profit": 235695,
            "gross_margin": 8.45,
            "gross_margin_4q_avg": 6.35,
            "net_income": -337489,
            "net_income_4q": null,
            "revenue": 2788585,
            "revenue_4q": null,
            "common_shares": 3947293,
            "book_valuer_per_share": 22.3,
            "book_valuer_per_share_4q_avg": 22.01,
            "equity": 8356520,
            "current_ratio": 191.95,
            "debt_ratio": 61.5,
            "inventory_turnover_ratio": 0.67,
            "account_receivable_turnover_ratio": 2.43,
            "reinvestment_rate": 210,
            "research_to_sale_ratio": null,
            "price_fair": 99.87,
            "eps_avg_yearly": 2.85,
            "eps_latest_yearly": 0.36,
            "eps_growth_yearly": 267.68
        },
        "20204": {
            "year_quarter": 20204,
            "year": 2020,
            "quarter": 4,
            "eps": 3.72,
            "eps_growth_year": 315.72,
            "eps_4q": 3.07,
            "eps_4q_growth_year": 30.76,
            "roe": 14.99,
            "roe_4q": 12.479999999999999,
            "gross_profit": 271340,
            "gross_margin": 7.65,
            "gross_margin_4q_avg": 7.09,
            "net_income": 1340666,
            "net_income_4q": null,
            "revenue": 3548221,
            "revenue_4q": null,
            "common_shares": 3947293,
            "book_valuer_per_share": 25.86,
            "book_valuer_per_share_4q_avg": 22.83,
            "equity": 9533970,
            "current_ratio": 172.6,
            "debt_ratio": 60.65,
            "inventory_turnover_ratio": 0.86,
            "account_receivable_turnover_ratio": 3.66,
            "reinvestment_rate": 114.57,
            "research_to_sale_ratio": null,
            "price_fair": 99.87,
            "eps_avg_yearly": 2.85,
            "eps_latest_yearly": 0.36,
            "eps_growth_yearly": 267.68
        },
        "20211": {
            "year_quarter": 20211,
            "year": 2021,
            "quarter": 1,
            "eps": 1.09,
            "eps_growth_year": null,
            "eps_4q": 4.31,
            "eps_4q_growth_year": 106.11,
            "roe": 4.08,
            "roe_4q": 17.19,
            "gross_profit": 215858,
            "gross_margin": 9.17,
            "gross_margin_4q_avg": 7.86,
            "net_income": 395797,
            "net_income_4q": null,
            "revenue": 2353163,
            "revenue_4q": null,
            "common_shares": 3947293,
            "book_valuer_per_share": 26.83,
            "book_valuer_per_share_4q_avg": 24.54,
            "equity": 9886842,
            "current_ratio": 179.41,
            "debt_ratio": 59.71,
            "inventory_turnover_ratio": 0.55,
            "account_receivable_turnover_ratio": 2.49,
            "reinvestment_rate": 107.64,
            "research_to_sale_ratio": null,
            "price_fair": 113.05,
            "eps_avg_yearly": 3.23,
            "eps_latest_yearly": 4.36,
            "eps_growth_yearly": 130.06
        },
        "20212": {
            "year_quarter": 20212,
            "year": 2021,
            "quarter": 2,
            "eps": 1.85,
            "eps_growth_year": 285.42,
            "eps_4q": 5.69,
            "eps_4q_growth_year": 906.14,
            "roe": 6.61,
            "roe_4q": 21.689999999999998,
            "gross_profit": 212773,
            "gross_margin": 6.93,
            "gross_margin_4q_avg": 8.05,
            "net_income": 674496,
            "net_income_4q": null,
            "revenue": 3070340,
            "revenue_4q": null,
            "common_shares": 3947293,
            "book_valuer_per_share": 28.86,
            "book_valuer_per_share_4q_avg": 25.96,
            "equity": 10528359,
            "current_ratio": 165.85,
            "debt_ratio": 58.93,
            "inventory_turnover_ratio": 0.73,
            "account_receivable_turnover_ratio": 2.39,
            "reinvestment_rate": 97.71,
            "research_to_sale_ratio": null,
            "price_fair": 11.37,
            "eps_avg_yearly": 3.79,
            "eps_latest_yearly": 7.4,
            "eps_growth_yearly": -130.22
        },
        "20213": {
            "year_quarter": 20213,
            "year": 2021,
            "quarter": 3,
            "eps": -0.6,
            "eps_growth_year": null,
            "eps_4q": 6.06,
            "eps_4q_growth_year": 2101.46,
            "roe": -2,
            "roe_4q": 23.68,
            "gross_profit": 239076,
            "gross_margin": 8.86,
            "gross_margin_4q_avg": 8.15,
            "net_income": -207484,
            "net_income_4q": null,
            "revenue": 2697044,
            "revenue_4q": null,
            "common_shares": 3947293,
            "book_valuer_per_share": 28.25,
            "book_valuer_per_share_4q_avg": 27.45,
            "equity": 10221665,
            "current_ratio": 160.72,
            "debt_ratio": 57.51,
            "inventory_turnover_ratio": 0.62,
            "account_receivable_turnover_ratio": 1.93,
            "reinvestment_rate": 116.35,
            "research_to_sale_ratio": null,
            "price_fair": 12.12,
            "eps_avg_yearly": 4.04,
            "eps_latest_yearly": 7.4,
            "eps_growth_yearly": -118.84
        },
        "20214": {
            "year_quarter": 20214,
            "year": 2021,
            "quarter": 4,
            "eps": 0.13,
            "eps_growth_year": -96.56,
            "eps_4q": 2.48,
            "eps_4q_growth_year": -19.47,
            "roe": 0.46,
            "roe_4q": 9.15,
            "gross_profit": 142233,
            "gross_margin": 4.3,
            "gross_margin_4q_avg": 7.32,
            "net_income": 47603,
            "net_income_4q": null,
            "revenue": 3305077,
            "revenue_4q": null,
            "common_shares": 3947293,
            "book_valuer_per_share": 28.38,
            "book_valuer_per_share_4q_avg": 28.08,
            "equity": 10270581,
            "current_ratio": 117.43,
            "debt_ratio": 58.05,
            "inventory_turnover_ratio": 0.81,
            "account_receivable_turnover_ratio": 2.5,
            "reinvestment_rate": 266.09,
            "research_to_sale_ratio": null,
            "price_fair": 17.64,
            "eps_avg_yearly": 5.88,
            "eps_latest_yearly": 7.4,
            "eps_growth_yearly": -1.95
        },
        "20221": {
            "year_quarter": 20221,
            "year": 2022,
            "quarter": 1,
            "eps": 0.15,
            "eps_growth_year": -86.24,
            "eps_4q": 1.54,
            "eps_4q_growth_year": -64.23,
            "roe": 0.54,
            "roe_4q": 5.61,
            "gross_profit": 106412,
            "gross_margin": 5.32,
            "gross_margin_4q_avg": 6.35,
            "net_income": 56156,
            "net_income_4q": null,
            "revenue": 2000504,
            "revenue_4q": null,
            "common_shares": 3947293,
            "book_valuer_per_share": 28.57,
            "book_valuer_per_share_4q_avg": 28.52,
            "equity": 10338948,
            "current_ratio": 118.98,
            "debt_ratio": 56.15,
            "inventory_turnover_ratio": 0.47,
            "account_receivable_turnover_ratio": 1.78,
            "reinvestment_rate": 280.02,
            "research_to_sale_ratio": null,
            "price_fair": 120.36,
            "eps_avg_yearly": 4.12,
            "eps_latest_yearly": 0.6,
            "eps_growth_yearly": 19.21
        },
        "20222": {
            "year_quarter": 20222,
            "year": 2022,
            "quarter": 2,
            "eps": 0.15,
            "eps_growth_year": -91.89,
            "eps_4q": -0.17,
            "eps_4q_growth_year": -102.96,
            "roe": 0.56,
            "roe_4q": -0.43999999999999995,
            "gross_profit": 148267,
            "gross_margin": 7.54,
            "gross_margin_4q_avg": 6.51,
            "net_income": 57758,
            "net_income_4q": null,
            "revenue": 1966873,
            "revenue_4q": null,
            "common_shares": 3947293,
            "book_valuer_per_share": 28.9,
            "book_valuer_per_share_4q_avg": 28.53,
            "equity": 10445646,
            "current_ratio": 116.86,
            "debt_ratio": 56.02,
            "inventory_turnover_ratio": 0.44,
            "account_receivable_turnover_ratio": 2.38,
            "reinvestment_rate": 289.67,
            "research_to_sale_ratio": null,
            "price_fair": 79.09,
            "eps_avg_yearly": 3.24,
            "eps_latest_yearly": 0.6,
            "eps_growth_yearly": 14.41
        },
        "20223": {
            "year_quarter": 20223,
            "year": 2022,
            "quarter": 3,
            "eps": 0.45,
            "eps_growth_year": null,
            "eps_4q": 0.89,
            "eps_4q_growth_year": -85.38,
            "roe": 1.55,
            "roe_4q": 3.1100000000000003,
            "gross_profit": 215788,
            "gross_margin": 8.18,
            "gross_margin_4q_avg": 6.34,
            "net_income": 163166,
            "net_income_4q": null,
            "revenue": 2639298,
            "revenue_4q": null,
            "common_shares": 3947293,
            "book_valuer_per_share": 29.23,
            "book_valuer_per_share_4q_avg": 28.77,
            "equity": 10567331,
            "current_ratio": 108.55,
            "debt_ratio": 55.97,
            "inventory_turnover_ratio": 0.61,
            "account_receivable_turnover_ratio": 3.3,
            "reinvestment_rate": 320.52,
            "research_to_sale_ratio": null,
            "price_fair": 103.32,
            "eps_avg_yearly": 2.95,
            "eps_latest_yearly": 1.8,
            "eps_growth_yearly": 171.53
        },
        "20224": {
            "year_quarter": 20224,
            "year": 2022,
            "quarter": 4,
            "eps": 0.16,
            "eps_growth_year": 21.94,
            "eps_4q": 0.91,
            "eps_4q_growth_year": -63.06,
            "roe": 0.51,
            "roe_4q": 3.16,
            "gross_profit": 135646,
            "gross_margin": 5.29,
            "gross_margin_4q_avg": 6.58,
            "net_income": 54569,
            "net_income_4q": null,
            "revenue": 2562119,
            "revenue_4q": null,
            "common_shares": 3947293,
            "book_valuer_per_share": 29.57,
            "book_valuer_per_share_4q_avg": 29.07,
            "equity": 10686946,
            "current_ratio": 95.48,
            "debt_ratio": 58.66,
            "inventory_turnover_ratio": 0.62,
            "account_receivable_turnover_ratio": 2.93,
            "reinvestment_rate": 343.27,
            "research_to_sale_ratio": null,
            "price_fair": 89.83,
            "eps_avg_yearly": 2.57,
            "eps_latest_yearly": 0.64,
            "eps_growth_yearly": 99.98
        },
        "20231": {
            "year_quarter": 20231,
            "year": 2023,
            "quarter": 1,
            "eps": -0.04,
            "eps_growth_year": -126.67,
            "eps_4q": 0.72,
            "eps_4q_growth_year": -53.29,
            "roe": -0.11,
            "roe_4q": 2.5100000000000002,
            "gross_profit": 176388,
            "gross_margin": 9.61,
            "gross_margin_4q_avg": 7.66,
            "net_income": -12287,
            "net_income_4q": null,
            "revenue": 1835475,
            "revenue_4q": null,
            "common_shares": 3947293,
            "book_valuer_per_share": 29.76,
            "book_valuer_per_share_4q_avg": 29.37,
            "equity": 10759441,
            "current_ratio": 87.77,
            "debt_ratio": 59.15,
            "inventory_turnover_ratio": 0.42,
            "account_receivable_turnover_ratio": 2.2,
            "reinvestment_rate": 362.24,
            "research_to_sale_ratio": null,
            "price_fair": 89.83,
            "eps_avg_yearly": 2.57,
            "eps_latest_yearly": 0.64,
            "eps_growth_yearly": 99.98
        },
        "20232": {
            "year_quarter": 20232,
            "year": 2023,
            "quarter": 2,
            "eps": 0.75,
            "eps_growth_year": 400,
            "eps_4q": 1.2,
            "eps_4q_growth_year": null,
            "roe": 1.24,
            "roe_4q": 3.19,
            "gross_profit": 403192,
            "gross_margin": 11.15,
            "gross_margin_4q_avg": 8.56,
            "net_income": 178774,
            "net_income_4q": null,
            "revenue": 3616767,
            "revenue_4q": null,
            "common_shares": 3947293,
            "book_valuer_per_share": 27.67,
            "book_valuer_per_share_4q_avg": 29.06,
            "equity": 17980906,
            "current_ratio": 120.44,
            "debt_ratio": 52.71,
            "inventory_turnover_ratio": 0.67,
            "account_receivable_turnover_ratio": 1.31,
            "reinvestment_rate": 329.82,
            "research_to_sale_ratio": null,
            "price_fair": 89.83,
            "eps_avg_yearly": 2.57,
            "eps_latest_yearly": 0.64,
            "eps_growth_yearly": 99.98
        },
        "20233": {
            "year_quarter": 20233,
            "year": 2023,
            "quarter": 3,
            "eps": 0.5,
            "eps_growth_year": 11.11,
            "eps_4q": 1.37,
            "eps_4q_growth_year": 55,
            "roe": 1.56,
            "roe_4q": 3.2,
            "gross_profit": 749916,
            "gross_margin": 12.11,
            "gross_margin_4q_avg": 9.54,
            "net_income": 281353,
            "net_income_4q": null,
            "revenue": 6192861,
            "revenue_4q": null,
            "common_shares": 3947293,
            "book_valuer_per_share": 30.82,
            "book_valuer_per_share_4q_avg": 29.46,
            "equity": 18154410,
            "current_ratio": 118.48,
            "debt_ratio": 50.92,
            "inventory_turnover_ratio": 1.01,
            "account_receivable_turnover_ratio": 1.7,
            "reinvestment_rate": 287.26,
            "research_to_sale_ratio": null,
            "price_fair": 87,
            "eps_avg_yearly": 2.49,
            "eps_latest_yearly": 2,
            "eps_growth_yearly": 66.65
        },
        "20234": {
            "year_quarter": 20234,
            "year": 2023,
            "quarter": 4,
            "eps": 1.25,
            "eps_growth_year": 702.19,
            "eps_4q": 2.47,
            "eps_4q_growth_year": 169.97,
            "roe": 2.85,
            "roe_4q": 5.54,
            "gross_profit": 314368,
            "gross_margin": 5.09,
            "gross_margin_4q_avg": 9.49,
            "net_income": 541293,
            "net_income_4q": null,
            "revenue": 6177716,
            "revenue_4q": null,
            "common_shares": 3947293,
            "book_valuer_per_share": 31.92,
            "book_valuer_per_share_4q_avg": 30.04,
            "equity": 19879391,
            "current_ratio": 112.12,
            "debt_ratio": 51.3,
            "inventory_turnover_ratio": 1.11,
            "account_receivable_turnover_ratio": 2.73,
            "reinvestment_rate": 382.18,
            "research_to_sale_ratio": null,
            "price_fair": 98,
            "eps_avg_yearly": 2.8,
            "eps_latest_yearly": 5,
            "eps_growth_yearly": 133.32
        }
    },
    "months": {
        "2001-06": {
            "month": "2001-06",
            "price": "3.69",
            "revenue": 76178
        },
        "2001-07": {
            "month": "2001-07",
            "price": "3.66",
            "revenue": 49773
        },
        "2001-08": {
            "month": "2001-08",
            "price": "3.90",
            "revenue": 103824
        },
        "2001-09": {
            "month": "2001-09",
            "price": "3.66",
            "revenue": 110044
        },
        "2001-10": {
            "month": "2001-10",
            "price": "3.04",
            "revenue": 63755
        },
        "2001-11": {
            "month": "2001-11",
            "price": "2.84",
            "revenue": 12292
        },
        "2001-12": {
            "month": "2001-12",
            "price": "3.43",
            "revenue": 15745
        },
        "2002-01": {
            "month": "2002-01",
            "price": "4.06",
            "revenue": 12930
        },
        "2002-02": {
            "month": "2002-02",
            "price": "4.05",
            "revenue": 2460
        },
        "2002-03": {
            "month": "2002-03",
            "price": "4.47",
            "revenue": 13068
        },
        "2002-04": {
            "month": "2002-04",
            "price": "7.22",
            "revenue": 19182
        },
        "2002-05": {
            "month": "2002-05",
            "price": "5.80",
            "revenue": 21279
        },
        "2002-06": {
            "month": "2002-06",
            "price": "6.26",
            "revenue": 36083
        },
        "2002-07": {
            "month": "2002-07",
            "price": "6.43",
            "revenue": 1932
        },
        "2002-08": {
            "month": "2002-08",
            "price": "5.36",
            "revenue": 124400
        },
        "2002-09": {
            "month": "2002-09",
            "price": "4.00",
            "revenue": 2685
        },
        "2002-10": {
            "month": "2002-10",
            "price": "3.87",
            "revenue": 6450
        },
        "2002-11": {
            "month": "2002-11",
            "price": "4.30",
            "revenue": 3466
        },
        "2002-12": {
            "month": "2002-12",
            "price": "4.62",
            "revenue": 3409
        },
        "2003-01": {
            "month": "2003-01",
            "price": "5.96",
            "revenue": 2108
        },
        "2003-02": {
            "month": "2003-02",
            "price": "5.76",
            "revenue": 1177
        },
        "2003-03": {
            "month": "2003-03",
            "price": "5.64",
            "revenue": 2107
        },
        "2003-04": {
            "month": "2003-04",
            "price": "5.57",
            "revenue": 1227
        },
        "2003-05": {
            "month": "2003-05",
            "price": "5.18",
            "revenue": 2280
        },
        "2003-06": {
            "month": "2003-06",
            "price": "5.80",
            "revenue": 44233
        },
        "2003-07": {
            "month": "2003-07",
            "price": "6.56",
            "revenue": 1668
        },
        "2003-08": {
            "month": "2003-08",
            "price": "7.02",
            "revenue": 2064
        },
        "2003-09": {
            "month": "2003-09",
            "price": "7.74",
            "revenue": 1770
        },
        "2003-10": {
            "month": "2003-10",
            "price": "9.78",
            "revenue": 3900
        },
        "2003-11": {
            "month": "2003-11",
            "price": "10.20",
            "revenue": 1229
        },
        "2003-12": {
            "month": "2003-12",
            "price": "9.71",
            "revenue": 1842
        },
        "2004-01": {
            "month": "2004-01",
            "price": "11.75",
            "revenue": 1637
        },
        "2004-02": {
            "month": "2004-02",
            "price": "14.70",
            "revenue": 38229
        },
        "2004-03": {
            "month": "2004-03",
            "price": "14.69",
            "revenue": 4725
        },
        "2004-04": {
            "month": "2004-04",
            "price": "13.33",
            "revenue": 3784
        },
        "2004-05": {
            "month": "2004-05",
            "price": "11.00",
            "revenue": 1433
        },
        "2004-06": {
            "month": "2004-06",
            "price": "11.08",
            "revenue": 4048
        },
        "2004-07": {
            "month": "2004-07",
            "price": "10.19",
            "revenue": 2399
        },
        "2004-08": {
            "month": "2004-08",
            "price": "9.27",
            "revenue": 3204
        },
        "2004-09": {
            "month": "2004-09",
            "price": "10.43",
            "revenue": 2304
        },
        "2004-10": {
            "month": "2004-10",
            "price": "11.08",
            "revenue": 1879
        },
        "2004-11": {
            "month": "2004-11",
            "price": "10.47",
            "revenue": 2100
        },
        "2004-12": {
            "month": "2004-12",
            "price": "11.17",
            "revenue": 3062
        },
        "2005-01": {
            "month": "2005-01",
            "price": "11.72",
            "revenue": 3653
        },
        "2005-02": {
            "month": "2005-02",
            "price": "10.97",
            "revenue": 2755
        },
        "2005-03": {
            "month": "2005-03",
            "price": "10.52",
            "revenue": 2214
        },
        "2005-04": {
            "month": "2005-04",
            "price": "9.16",
            "revenue": 3463
        },
        "2005-05": {
            "month": "2005-05",
            "price": "8.97",
            "revenue": 2769
        },
        "2005-06": {
            "month": "2005-06",
            "price": "9.29",
            "revenue": 254807
        },
        "2005-07": {
            "month": "2005-07",
            "price": "9.49",
            "revenue": 2075
        },
        "2005-08": {
            "month": "2005-08",
            "price": "10.66",
            "revenue": 2288
        },
        "2005-09": {
            "month": "2005-09",
            "price": "11.52",
            "revenue": 2514
        },
        "2005-10": {
            "month": "2005-10",
            "price": "11.97",
            "revenue": 1987
        },
        "2005-11": {
            "month": "2005-11",
            "price": "13.30",
            "revenue": 1567
        },
        "2005-12": {
            "month": "2005-12",
            "price": "14.44",
            "revenue": 1881
        },
        "2006-01": {
            "month": "2006-01",
            "price": "14.30",
            "revenue": 1935
        },
        "2006-02": {
            "month": "2006-02",
            "price": "14.22",
            "revenue": 2312
        },
        "2006-03": {
            "month": "2006-03",
            "price": "14.51",
            "revenue": 1436
        },
        "2006-04": {
            "month": "2006-04",
            "price": "15.27",
            "revenue": 2557
        },
        "2006-05": {
            "month": "2006-05",
            "price": "17.41",
            "revenue": 2941
        },
        "2006-06": {
            "month": "2006-06",
            "price": "17.32",
            "revenue": 1638
        },
        "2006-07": {
            "month": "2006-07",
            "price": "17.66",
            "revenue": 1729
        },
        "2006-08": {
            "month": "2006-08",
            "price": "17.66",
            "revenue": 3672
        },
        "2006-09": {
            "month": "2006-09",
            "price": "17.30",
            "revenue": 1622
        },
        "2006-10": {
            "month": "2006-10",
            "price": "17.38",
            "revenue": 2353
        },
        "2006-11": {
            "month": "2006-11",
            "price": "17.80",
            "revenue": 1646
        },
        "2006-12": {
            "month": "2006-12",
            "price": "20.27",
            "revenue": 1620
        },
        "2007-01": {
            "month": "2007-01",
            "price": "24.64",
            "revenue": 2151
        },
        "2007-02": {
            "month": "2007-02",
            "price": "26.51",
            "revenue": 1569
        },
        "2007-03": {
            "month": "2007-03",
            "price": "27.33",
            "revenue": 2377
        },
        "2007-04": {
            "month": "2007-04",
            "price": "20.71",
            "revenue": 1596
        },
        "2007-05": {
            "month": "2007-05",
            "price": "19.89",
            "revenue": 1489
        },
        "2007-06": {
            "month": "2007-06",
            "price": "20.17",
            "revenue": 6066
        },
        "2007-07": {
            "month": "2007-07",
            "price": "21.90",
            "revenue": 2618
        },
        "2007-08": {
            "month": "2007-08",
            "price": "19.25",
            "revenue": 2748
        },
        "2007-09": {
            "month": "2007-09",
            "price": "18.98",
            "revenue": 2660
        },
        "2007-10": {
            "month": "2007-10",
            "price": "19.54",
            "revenue": 1078
        },
        "2007-11": {
            "month": "2007-11",
            "price": "18.57",
            "revenue": 1164
        },
        "2007-12": {
            "month": "2007-12",
            "price": "17.79",
            "revenue": 14356
        },
        "2008-01": {
            "month": "2008-01",
            "price": "17.81",
            "revenue": 4554
        },
        "2008-02": {
            "month": "2008-02",
            "price": "17.86",
            "revenue": 4673
        },
        "2008-03": {
            "month": "2008-03",
            "price": "18.53",
            "revenue": 3960
        },
        "2008-04": {
            "month": "2008-04",
            "price": "19.55",
            "revenue": 4618
        },
        "2008-05": {
            "month": "2008-05",
            "price": "17.52",
            "revenue": 4750
        },
        "2008-06": {
            "month": "2008-06",
            "price": "15.07",
            "revenue": 5733
        },
        "2008-07": {
            "month": "2008-07",
            "price": "13.99",
            "revenue": 5602
        },
        "2008-08": {
            "month": "2008-08",
            "price": "14.27",
            "revenue": 6509
        },
        "2008-09": {
            "month": "2008-09",
            "price": "12.83",
            "revenue": 7029
        },
        "2008-10": {
            "month": "2008-10",
            "price": "9.72",
            "revenue": 7163
        },
        "2008-11": {
            "month": "2008-11",
            "price": "6.75",
            "revenue": 7613
        },
        "2008-12": {
            "month": "2008-12",
            "price": "5.70",
            "revenue": 8659
        },
        "2009-01": {
            "month": "2009-01",
            "price": "5.97",
            "revenue": 6093
        },
        "2009-02": {
            "month": "2009-02",
            "price": "5.97",
            "revenue": 3994
        },
        "2009-03": {
            "month": "2009-03",
            "price": "6.16",
            "revenue": 3975
        },
        "2009-04": {
            "month": "2009-04",
            "price": "7.27",
            "revenue": 8213
        },
        "2009-05": {
            "month": "2009-05",
            "price": "10.99",
            "revenue": 5783
        },
        "2009-06": {
            "month": "2009-06",
            "price": "10.98",
            "revenue": 7068
        },
        "2009-07": {
            "month": "2009-07",
            "price": "12.11",
            "revenue": 7475
        },
        "2009-08": {
            "month": "2009-08",
            "price": "10.44",
            "revenue": 5249
        },
        "2009-09": {
            "month": "2009-09",
            "price": "10.43",
            "revenue": 6448
        },
        "2009-10": {
            "month": "2009-10",
            "price": "11.61",
            "revenue": 5332
        },
        "2009-11": {
            "month": "2009-11",
            "price": "12.02",
            "revenue": 7200
        },
        "2009-12": {
            "month": "2009-12",
            "price": "14.75",
            "revenue": 26798
        },
        "2010-01": {
            "month": "2010-01",
            "price": "16.97",
            "revenue": 9728
        },
        "2010-02": {
            "month": "2010-02",
            "price": "17.19",
            "revenue": 8132
        },
        "2010-03": {
            "month": "2010-03",
            "price": "17.76",
            "revenue": 5957
        },
        "2010-04": {
            "month": "2010-04",
            "price": "16.61",
            "revenue": 6850
        },
        "2010-05": {
            "month": "2010-05",
            "price": "13.31",
            "revenue": 7760
        },
        "2010-06": {
            "month": "2010-06",
            "price": "12.55",
            "revenue": 10372
        },
        "2010-07": {
            "month": "2010-07",
            "price": "12.88",
            "revenue": 13296
        },
        "2010-08": {
            "month": "2010-08",
            "price": "13.67",
            "revenue": 5616
        },
        "2010-09": {
            "month": "2010-09",
            "price": "12.69",
            "revenue": 6233
        },
        "2010-10": {
            "month": "2010-10",
            "price": "12.74",
            "revenue": 44501
        },
        "2010-11": {
            "month": "2010-11",
            "price": "12.24",
            "revenue": 9254
        },
        "2010-12": {
            "month": "2010-12",
            "price": "13.17",
            "revenue": 7722
        },
        "2011-01": {
            "month": "2011-01",
            "price": "13.24",
            "revenue": 11115
        },
        "2011-02": {
            "month": "2011-02",
            "price": "12.18",
            "revenue": 7417
        },
        "2011-03": {
            "month": "2011-03",
            "price": "10.77",
            "revenue": 7774
        },
        "2011-04": {
            "month": "2011-04",
            "price": "10.88",
            "revenue": 8740
        },
        "2011-05": {
            "month": "2011-05",
            "price": "11.33",
            "revenue": 7899
        },
        "2011-06": {
            "month": "2011-06",
            "price": "11.74",
            "revenue": 7246
        },
        "2011-07": {
            "month": "2011-07",
            "price": "12.86",
            "revenue": 8269
        },
        "2011-08": {
            "month": "2011-08",
            "price": "11.42",
            "revenue": 7300
        },
        "2011-09": {
            "month": "2011-09",
            "price": "11.35",
            "revenue": 8433
        },
        "2011-10": {
            "month": "2011-10",
            "price": "11.09",
            "revenue": 7444
        },
        "2011-11": {
            "month": "2011-11",
            "price": "10.83",
            "revenue": 8870
        },
        "2011-12": {
            "month": "2011-12",
            "price": "10.55",
            "revenue": 11294
        },
        "2012-01": {
            "month": "2012-01",
            "price": "10.99",
            "revenue": 8008
        },
        "2012-02": {
            "month": "2012-02",
            "price": "13.06",
            "revenue": 8507
        },
        "2012-03": {
            "month": "2012-03",
            "price": "15.72",
            "revenue": 9894
        },
        "2012-04": {
            "month": "2012-04",
            "price": "13.08",
            "revenue": 9159
        },
        "2012-05": {
            "month": "2012-05",
            "price": "12.56",
            "revenue": 7997
        },
        "2012-06": {
            "month": "2012-06",
            "price": "12.18",
            "revenue": 13355
        },
        "2012-07": {
            "month": "2012-07",
            "price": "12.42",
            "revenue": 9718
        },
        "2012-08": {
            "month": "2012-08",
            "price": "15.81",
            "revenue": 8894
        },
        "2012-09": {
            "month": "2012-09",
            "price": "17.82",
            "revenue": 8665
        },
        "2012-10": {
            "month": "2012-10",
            "price": "19.27",
            "revenue": 7916
        },
        "2012-11": {
            "month": "2012-11",
            "price": "19.58",
            "revenue": 9905
        },
        "2012-12": {
            "month": "2012-12",
            "price": "26.49",
            "revenue": 9702
        },
        "2013-01": {
            "month": "2013-01",
            "price": "33.78",
            "revenue": 7872746
        },
        "2013-02": {
            "month": "2013-02",
            "price": "34.60",
            "revenue": 3951753
        },
        "2013-03": {
            "month": "2013-03",
            "price": "23.25",
            "revenue": 6763556
        },
        "2013-04": {
            "month": "2013-04",
            "price": "20.94",
            "revenue": 6408343
        },
        "2013-05": {
            "month": "2013-05",
            "price": "22.86",
            "revenue": 4676695
        },
        "2013-06": {
            "month": "2013-06",
            "price": "21.40",
            "revenue": 4427331
        },
        "2013-07": {
            "month": "2013-07",
            "price": "20.13",
            "revenue": 7948430
        },
        "2013-08": {
            "month": "2013-08",
            "price": "19.75",
            "revenue": 5568713
        },
        "2013-09": {
            "month": "2013-09",
            "price": "20.85",
            "revenue": 6678895
        },
        "2013-10": {
            "month": "2013-10",
            "price": "22.50",
            "revenue": 7648710
        },
        "2013-11": {
            "month": "2013-11",
            "price": "20.23",
            "revenue": 5620358
        },
        "2013-12": {
            "month": "2013-12",
            "price": "19.18",
            "revenue": 9027349
        },
        "2014-01": {
            "month": "2014-01",
            "price": "18.57",
            "revenue": 6837101
        },
        "2014-02": {
            "month": "2014-02",
            "price": "17.10",
            "revenue": 6770116
        },
        "2014-03": {
            "month": "2014-03",
            "price": "18.97",
            "revenue": 9430468
        },
        "2014-04": {
            "month": "2014-04",
            "price": "19.36",
            "revenue": 8565848
        },
        "2014-05": {
            "month": "2014-05",
            "price": "19.85",
            "revenue": 7105310
        },
        "2014-06": {
            "month": "2014-06",
            "price": "21.24",
            "revenue": 8175354
        },
        "2014-07": {
            "month": "2014-07",
            "price": "20.88",
            "revenue": 9396283
        },
        "2014-08": {
            "month": "2014-08",
            "price": "20.58",
            "revenue": 6721026
        },
        "2014-09": {
            "month": "2014-09",
            "price": "19.46",
            "revenue": 6343453
        },
        "2014-10": {
            "month": "2014-10",
            "price": "18.94",
            "revenue": 5648109
        },
        "2014-11": {
            "month": "2014-11",
            "price": "19.44",
            "revenue": 5662581
        },
        "2014-12": {
            "month": "2014-12",
            "price": "19.47",
            "revenue": 8502957
        },
        "2015-01": {
            "month": "2015-01",
            "price": "22.62",
            "revenue": 5604444
        },
        "2015-02": {
            "month": "2015-02",
            "price": "23.26",
            "revenue": 6188171
        },
        "2015-03": {
            "month": "2015-03",
            "price": "23.08",
            "revenue": 7603749
        },
        "2015-04": {
            "month": "2015-04",
            "price": "23.88",
            "revenue": 8778956
        },
        "2015-05": {
            "month": "2015-05",
            "price": "24.08",
            "revenue": 5585947
        },
        "2015-06": {
            "month": "2015-06",
            "price": "23.65",
            "revenue": 5304048
        },
        "2015-07": {
            "month": "2015-07",
            "price": "23.49",
            "revenue": 6859605
        },
        "2015-08": {
            "month": "2015-08",
            "price": "22.44",
            "revenue": 4892706
        },
        "2015-09": {
            "month": "2015-09",
            "price": "21.63",
            "revenue": 2529007
        },
        "2015-10": {
            "month": "2015-10",
            "price": "20.92",
            "revenue": 3452324
        },
        "2015-11": {
            "month": "2015-11",
            "price": "20.54",
            "revenue": 7347
        },
        "2015-12": {
            "month": "2015-12",
            "price": "20.52",
            "revenue": 126937
        },
        "2016-01": {
            "month": "2016-01",
            "price": "19.04",
            "revenue": 7838
        },
        "2016-02": {
            "month": "2016-02",
            "price": "18.47",
            "revenue": 9683
        },
        "2016-03": {
            "month": "2016-03",
            "price": "19.14",
            "revenue": 11175
        },
        "2016-04": {
            "month": "2016-04",
            "price": "18.50",
            "revenue": 4607
        },
        "2016-05": {
            "month": "2016-05",
            "price": "18.43",
            "revenue": 40502
        },
        "2016-06": {
            "month": "2016-06",
            "price": "18.28",
            "revenue": 18037
        },
        "2016-07": {
            "month": "2016-07",
            "price": "16.80",
            "revenue": 11571
        },
        "2016-08": {
            "month": "2016-08",
            "price": "16.45",
            "revenue": 494038
        },
        "2016-09": {
            "month": "2016-09",
            "price": "17.27",
            "revenue": 105397
        },
        "2016-10": {
            "month": "2016-10",
            "price": "17.22",
            "revenue": 16544
        },
        "2016-11": {
            "month": "2016-11",
            "price": "16.70",
            "revenue": 19056
        },
        "2016-12": {
            "month": "2016-12",
            "price": "17.35",
            "revenue": 28088
        },
        "2017-01": {
            "month": "2017-01",
            "price": "16.79",
            "revenue": 10692
        },
        "2017-02": {
            "month": "2017-02",
            "price": "16.26",
            "revenue": 74897
        },
        "2017-03": {
            "month": "2017-03",
            "price": "16.08",
            "revenue": 148905
        },
        "2017-04": {
            "month": "2017-04",
            "price": "16.54",
            "revenue": 83369
        },
        "2017-05": {
            "month": "2017-05",
            "price": "16.10",
            "revenue": 182002
        },
        "2017-06": {
            "month": "2017-06",
            "price": "15.78",
            "revenue": 601835
        },
        "2017-07": {
            "month": "2017-07",
            "price": "15.71",
            "revenue": 304691
        },
        "2017-08": {
            "month": "2017-08",
            "price": "15.66",
            "revenue": 121061
        },
        "2017-09": {
            "month": "2017-09",
            "price": "14.80",
            "revenue": 68662
        },
        "2017-10": {
            "month": "2017-10",
            "price": "14.10",
            "revenue": 2462
        },
        "2017-11": {
            "month": "2017-11",
            "price": "14.41",
            "revenue": 31913
        },
        "2017-12": {
            "month": "2017-12",
            "price": "14.61",
            "revenue": 65142
        },
        "2018-01": {
            "month": "2018-01",
            "price": "15.52",
            "revenue": 5926
        },
        "2018-02": {
            "month": "2018-02",
            "price": "14.28",
            "revenue": 6261
        },
        "2018-03": {
            "month": "2018-03",
            "price": "14.26",
            "revenue": 12807
        },
        "2018-04": {
            "month": "2018-04",
            "price": "14.11",
            "revenue": 9878
        },
        "2018-05": {
            "month": "2018-05",
            "price": "13.81",
            "revenue": 13472
        },
        "2018-06": {
            "month": "2018-06",
            "price": "13.69",
            "revenue": 12616
        },
        "2018-07": {
            "month": "2018-07",
            "price": "13.61",
            "revenue": 7524
        },
        "2018-08": {
            "month": "2018-08",
            "price": "14.40",
            "revenue": 10429
        },
        "2018-09": {
            "month": "2018-09",
            "price": "15.16",
            "revenue": 6266
        },
        "2018-10": {
            "month": "2018-10",
            "price": "15.71",
            "revenue": 7773
        },
        "2018-11": {
            "month": "2018-11",
            "price": "16.08",
            "revenue": 9465
        },
        "2018-12": {
            "month": "2018-12",
            "price": "17.99",
            "revenue": 9489
        },
        "2019-01": {
            "month": "2019-01",
            "price": "17.58",
            "revenue": 10494
        },
        "2019-02": {
            "month": "2019-02",
            "price": "17.25",
            "revenue": 7718
        },
        "2019-03": {
            "month": "2019-03",
            "price": "16.46",
            "revenue": 549176
        },
        "2019-04": {
            "month": "2019-04",
            "price": "16.49",
            "revenue": 627857
        },
        "2019-05": {
            "month": "2019-05",
            "price": "16.49",
            "revenue": 743100
        },
        "2019-06": {
            "month": "2019-06",
            "price": "16.23",
            "revenue": 842961
        },
        "2019-07": {
            "month": "2019-07",
            "price": "16.07",
            "revenue": 701081
        },
        "2019-08": {
            "month": "2019-08",
            "price": "15.24",
            "revenue": 782552
        },
        "2019-09": {
            "month": "2019-09",
            "price": "15.51",
            "revenue": 1084469
        },
        "2019-10": {
            "month": "2019-10",
            "price": "15.88",
            "revenue": 758910
        },
        "2019-11": {
            "month": "2019-11",
            "price": "16.00",
            "revenue": 1059318
        },
        "2019-12": {
            "month": "2019-12",
            "price": "15.92",
            "revenue": 2152257
        },
        "2020-01": {
            "month": "2020-01",
            "price": "14.91",
            "revenue": 386426
        },
        "2020-02": {
            "month": "2020-02",
            "price": "13.94",
            "revenue": 447125
        },
        "2020-03": {
            "month": "2020-03",
            "price": "13.97",
            "revenue": 784055
        },
        "2020-04": {
            "month": "2020-04",
            "price": "13.62",
            "revenue": 821807
        },
        "2020-05": {
            "month": "2020-05",
            "price": "14.61",
            "revenue": 1057731
        },
        "2020-06": {
            "month": "2020-06",
            "price": "14.36",
            "revenue": 942180
        },
        "2020-07": {
            "month": "2020-07",
            "price": "14.12",
            "revenue": 882264
        },
        "2020-08": {
            "month": "2020-08",
            "price": "14.07",
            "revenue": 890802
        },
        "2020-09": {
            "month": "2020-09",
            "price": "14.02",
            "revenue": 1017287
        },
        "2020-10": {
            "month": "2020-10",
            "price": "13.83",
            "revenue": 769730
        },
        "2020-11": {
            "month": "2020-11",
            "price": "13.61",
            "revenue": 1047473
        },
        "2020-12": {
            "month": "2020-12",
            "price": "13.94",
            "revenue": 1668807
        },
        "2021-01": {
            "month": "2021-01",
            "price": "14.28",
            "revenue": 679549
        },
        "2021-02": {
            "month": "2021-02",
            "price": "14.24",
            "revenue": 628609
        },
        "2021-03": {
            "month": "2021-03",
            "price": "14.78",
            "revenue": 1023200
        },
        "2021-04": {
            "month": "2021-04",
            "price": "17.40",
            "revenue": 670879
        },
        "2021-05": {
            "month": "2021-05",
            "price": "17.74",
            "revenue": 987739
        },
        "2021-06": {
            "month": "2021-06",
            "price": "17.67",
            "revenue": 1382251
        },
        "2021-07": {
            "month": "2021-07",
            "price": "18.29",
            "revenue": 707223
        },
        "2021-08": {
            "month": "2021-08",
            "price": "18.46",
            "revenue": 1025808
        },
        "2021-09": {
            "month": "2021-09",
            "price": "18.38",
            "revenue": 912364
        },
        "2021-10": {
            "month": "2021-10",
            "price": "17.67",
            "revenue": 898670
        },
        "2021-11": {
            "month": "2021-11",
            "price": "18.07",
            "revenue": 937522
        },
        "2021-12": {
            "month": "2021-12",
            "price": "17.74",
            "revenue": 1586397
        },
        "2022-01": {
            "month": "2022-01",
            "price": "17.54",
            "revenue": 459395
        },
        "2022-02": {
            "month": "2022-02",
            "price": "17.76",
            "revenue": 746422
        },
        "2022-03": {
            "month": "2022-03",
            "price": "17.58",
            "revenue": 783041
        },
        "2022-04": {
            "month": "2022-04",
            "price": "17.37",
            "revenue": 768975
        },
        "2022-05": {
            "month": "2022-05",
            "price": "16.92",
            "revenue": 640606
        },
        "2022-06": {
            "month": "2022-06",
            "price": "16.87",
            "revenue": 573067
        },
        "2022-07": {
            "month": "2022-07",
            "price": "16.89",
            "revenue": 678320
        },
        "2022-08": {
            "month": "2022-08",
            "price": "17.02",
            "revenue": 1072268
        },
        "2022-09": {
            "month": "2022-09",
            "price": "16.81",
            "revenue": 872736
        },
        "2022-10": {
            "month": "2022-10",
            "price": "16.60",
            "revenue": 631834
        },
        "2022-11": {
            "month": "2022-11",
            "price": "16.77",
            "revenue": 726027
        },
        "2022-12": {
            "month": "2022-12",
            "price": "17.34",
            "revenue": 1249510
        },
        "2023-01": {
            "month": "2023-01",
            "price": "16.83",
            "revenue": 362800
        },
        "2023-02": {
            "month": "2023-02",
            "price": "16.83",
            "revenue": 622205
        },
        "2023-03": {
            "month": "2023-03",
            "price": "17.23",
            "revenue": 850781
        },
        "2023-04": {
            "month": "2023-04",
            "price": "17.28",
            "revenue": 724283
        },
        "2023-05": {
            "month": "2023-05",
            "price": "17.01",
            "revenue": 877734
        },
        "2023-06": {
            "month": "2023-06",
            "price": "16.90",
            "revenue": 2010818
        },
        "2023-07": {
            "month": "2023-07",
            "price": "16.54",
            "revenue": 2021412
        },
        "2023-08": {
            "month": "2023-08",
            "price": "16.37",
            "revenue": 2117014
        },
        "2023-09": {
            "month": "2023-09",
            "price": "16.12",
            "revenue": 2058366
        },
        "2023-10": {
            "month": "2023-10",
            "price": "15.80",
            "revenue": 1958164
        },
        "2023-11": {
            "month": "2023-11",
            "price": "15.90",
            "revenue": 2062838
        },
        "2023-12": {
            "month": "2023-12",
            "price": "15.85",
            "revenue": 2130490
        }
    }
}
