{
    "summary": {
        "stock_name": "中工",
        "stock_id": "2515",
        "category": "建材營造",
        "main_business": "國內外土木工程業務<br>國內外建築工程業務<br>代辦工業區之開發及發展社區工程業務",
        "website_url": "http://www.bes.com.tw",
        "ceo": "周志明",
        "pe_ratio": 32,
        "report_year_from": 2001,
        "report_year_to": 2023,
        "age": 22,
        "eps_negative_percentage": 75,
        "eps_growth_avg": {
            "last_all": 26.58,
            "last_2y": 43.56,
            "last_4y": 29.47,
            "last_8y": 22.25,
            "last_12y": 22,
            "last_16y": 21.35,
            "last_20y": 26.58,
            "at_2006_last_3y": 61.31,
            "at_2007_last_3y": 49.42,
            "at_2008_last_3y": 19.25,
            "at_2009_last_3y": 19.25,
            "at_2010_last_3y": 19.25,
            "at_2011_last_3y": 7.07,
            "at_2012_last_3y": 55.09,
            "at_2013_last_3y": 21.44,
            "at_2014_last_3y": 21.44,
            "at_2015_last_3y": 41.35,
            "at_2016_last_3y": 4.58,
            "at_2017_last_3y": 13.24,
            "at_2018_last_3y": -3.43,
            "at_2019_last_3y": -7.6,
            "at_2020_last_3y": 29.17,
            "at_2021_last_3y": 54.17,
            "at_2022_last_3y": 28.5,
            "at_2023_last_3y": 28.5,
            "at_2006_last_all": 59.05,
            "at_2007_last_all": 44.05,
            "at_2008_last_all": 24.6,
            "at_2009_last_all": 34.03,
            "at_2010_last_all": 41.36,
            "at_2011_last_all": 29.26,
            "at_2012_last_all": 35.69,
            "at_2013_last_all": 29.83,
            "at_2014_last_all": 35.23,
            "at_2015_last_all": 32.71,
            "at_2016_last_all": 27.39,
            "at_2017_last_all": 25.68,
            "at_2018_last_all": 26.13,
            "at_2019_last_all": 23.75,
            "at_2020_last_all": 27.77,
            "at_2021_last_all": 31.38,
            "at_2022_last_all": 26.58,
            "at_2023_last_all": 26.58
        },
        "latest_eps": 0.32,
        "latest_price": 10.35,
        "latest_roe": 2.06,
        "latest_gross_margin": 6.92,
        "latest_equity": 22764504,
        "latest_revenue": 3980050,
        "latest_gross_profit": 275618,
        "latest_net_income": 102612,
        "latest_debt_ratio": 51.8,
        "latest_current_ratio": 234.74,
        "latest_account_receivable_turnover_ratio": 1.2,
        "latest_inventory_turnover_ratio": 0.21,
        "latest_reinvestment_rate": -29.8,
        "latest_research_to_sale_ratio": 0.13
    },
    "eps_dividends": {
        "1993": {
            "cash": 2,
            "stock": 0,
            "eps": 0
        },
        "1995": {
            "cash": 1,
            "stock": 4,
            "eps": 0
        },
        "1996": {
            "cash": 0,
            "stock": 2,
            "eps": 0
        },
        "1998": {
            "cash": 0,
            "stock": 2,
            "eps": 0
        },
        "1999": {
            "cash": 0,
            "stock": 1,
            "eps": 0
        },
        "2001": {
            "cash": 0,
            "stock": 0,
            "eps": 0.04
        },
        "2002": {
            "cash": 0,
            "stock": 0,
            "eps": 0.06
        },
        "2003": {
            "cash": 0,
            "stock": 0,
            "eps": 0.07
        },
        "2004": {
            "cash": 0,
            "stock": 0,
            "eps": 0.09
        },
        "2005": {
            "cash": 0,
            "stock": 0,
            "eps": 0.25
        },
        "2006": {
            "cash": 0,
            "stock": 0,
            "eps": 0.55
        },
        "2007": {
            "cash": 0,
            "stock": 1,
            "eps": 0.38
        },
        "2008": {
            "cash": 0,
            "stock": 0,
            "eps": 0.03
        },
        "2009": {
            "cash": 0,
            "stock": 0,
            "eps": 0.14
        },
        "2010": {
            "cash": 0,
            "stock": 0,
            "eps": 0.54
        },
        "2011": {
            "cash": 0,
            "stock": 0,
            "eps": 0.11
        },
        "2012": {
            "cash": 0,
            "stock": 0,
            "eps": 0.26
        },
        "2013": {
            "cash": 0,
            "stock": 0,
            "eps": 0.17
        },
        "2014": {
            "cash": 0,
            "stock": 0,
            "eps": 0.34
        },
        "2015": {
            "cash": 0,
            "stock": 0,
            "eps": 0.34
        },
        "2016": {
            "cash": 0,
            "stock": 0,
            "eps": 0.18
        },
        "2017": {
            "cash": 0,
            "stock": 0,
            "eps": 0.18
        },
        "2018": {
            "cash": 0,
            "stock": 0,
            "eps": 0.24
        },
        "2019": {
            "cash": 0,
            "stock": 0,
            "eps": 0.2
        },
        "2020": {
            "cash": 0,
            "stock": 0,
            "eps": 0.4
        },
        "2021": {
            "cash": 0,
            "stock": 0,
            "eps": 1.76
        },
        "2022": {
            "cash": 1,
            "stock": 0,
            "eps": 0.54
        },
        "2023": {
            "cash": 1,
            "stock": 0,
            "eps": 0.07
        }
    },
    "dividends": {
        "1993-09-25": {
            "cash": 2.3,
            "stock": 0
        },
        "1995-11-20": {
            "cash": 0.5,
            "stock": 3.5
        },
        "1996-12-30": {
            "cash": 0,
            "stock": 2
        },
        "1998-04-23": {
            "cash": 0,
            "stock": 2
        },
        "1999-06-14": {
            "cash": 0,
            "stock": 0.6
        },
        "2002-06-18": {
            "cash": 0,
            "stock": 0.07
        },
        "2003-03-27": {
            "cash": 0,
            "stock": 0.4
        },
        "2004-03-18": {
            "cash": 0,
            "stock": 0.2
        },
        "2005-03-24": {
            "cash": 0.1,
            "stock": 0
        },
        "2006-03-30": {
            "cash": 0.16,
            "stock": 0
        },
        "2007-04-02": {
            "cash": 0,
            "stock": 0.5
        },
        "2008-04-17": {
            "cash": 0.22,
            "stock": 0
        },
        "2009-03-31": {
            "cash": 0.12,
            "stock": 0
        },
        "2010-04-28": {
            "cash": 0.13,
            "stock": 0
        },
        "2011-01-01": {
            "cash": 0.12,
            "stock": 0
        },
        "2011-04-14": {
            "cash": 0.13,
            "stock": 0
        },
        "2013-03-28": {
            "cash": 0.14,
            "stock": 0
        },
        "2014-10-09": {
            "cash": 0.14,
            "stock": 0
        },
        "2015-10-08": {
            "cash": 0.17,
            "stock": 0
        },
        "2016-10-07": {
            "cash": 0.2,
            "stock": 0
        },
        "2017-10-17": {
            "cash": 0.19,
            "stock": 0
        },
        "2018-11-22": {
            "cash": 0.19,
            "stock": 0
        },
        "2019-11-15": {
            "cash": 0.2,
            "stock": 0
        },
        "2020-10-22": {
            "cash": 0.2,
            "stock": 0
        },
        "2021-10-22": {
            "cash": 0.23,
            "stock": 0
        },
        "2022-10-24": {
            "cash": 0.53,
            "stock": 0
        },
        "2023-03-13": {
            "cash": 0.53,
            "stock": 0
        }
    },
    "prices": {
        "200101": "2.43",
        "200102": "4.19",
        "200103": "4.64",
        "200104": "3.49",
        "200105": "2.84",
        "200106": "2.86",
        "200107": "2.21",
        "200108": "2.39",
        "200109": "2.21",
        "200110": "2.06",
        "200111": "2.17",
        "200112": "2.57",
        "200201": "2.77",
        "200202": "2.75",
        "200203": "3.10",
        "200204": "4.60",
        "200205": "4.25",
        "200206": "4.05",
        "200207": "3.82",
        "200208": "3.25",
        "200209": "2.49",
        "200210": "2.34",
        "200211": "2.80",
        "200212": "3.24",
        "200301": "4.97",
        "200302": "5.27",
        "200303": "4.44",
        "200304": "3.91",
        "200305": "3.06",
        "200306": "3.96",
        "200307": "4.80",
        "200308": "4.53",
        "200309": "4.43",
        "200310": "4.73",
        "200311": "5.11",
        "200312": "5.08",
        "200401": "5.70",
        "200402": "7.70",
        "200403": "7.64",
        "200404": "7.02",
        "200405": "6.34",
        "200406": "6.14",
        "200407": "5.57",
        "200408": "4.51",
        "200409": "5.19",
        "200410": "5.36",
        "200411": "5.50",
        "200412": "6.10",
        "200501": "6.38",
        "200502": "6.13",
        "200503": "5.67",
        "200504": "4.71",
        "200505": "4.70",
        "200506": "4.98",
        "200507": "4.79",
        "200508": "4.52",
        "200509": "4.40",
        "200510": "4.21",
        "200511": "4.17",
        "200512": "4.40",
        "200601": "4.26",
        "200602": "4.06",
        "200603": "3.69",
        "200604": "3.95",
        "200605": "4.82",
        "200606": "4.27",
        "200607": "4.47",
        "200608": "4.23",
        "200609": "4.04",
        "200610": "4.62",
        "200611": "6.31",
        "200612": "8.12",
        "200701": "7.11",
        "200702": "7.17",
        "200703": "7.02",
        "200704": "7.14",
        "200705": "6.69",
        "200706": "6.95",
        "200707": "9.32",
        "200708": "10.57",
        "200709": "10.00",
        "200710": "9.33",
        "200711": "8.47",
        "200712": "7.73",
        "200801": "8.03",
        "200802": "8.59",
        "200803": "10.05",
        "200804": "10.94",
        "200805": "10.72",
        "200806": "9.41",
        "200807": "7.83",
        "200808": "7.44",
        "200809": "6.14",
        "200810": "5.66",
        "200811": "5.67",
        "200812": "6.31",
        "200901": "6.25",
        "200902": "6.15",
        "200903": "6.36",
        "200904": "8.08",
        "200905": "8.72",
        "200906": "8.55",
        "200907": "8.62",
        "200908": "9.00",
        "200909": "9.22",
        "200910": "9.23",
        "200911": "8.92",
        "200912": "8.65",
        "201001": "8.64",
        "201002": "7.50",
        "201003": "7.72",
        "201004": "7.81",
        "201005": "7.17",
        "201006": "7.37",
        "201007": "7.38",
        "201008": "7.68",
        "201009": "7.73",
        "201010": "7.99",
        "201011": "8.84",
        "201012": "9.23",
        "201101": "10.98",
        "201102": "10.19",
        "201103": "8.84",
        "201104": "9.37",
        "201105": "9.95",
        "201106": "9.56",
        "201107": "9.68",
        "201108": "9.04",
        "201109": "7.92",
        "201110": "7.95",
        "201111": "8.54",
        "201112": "7.98",
        "201201": "7.80",
        "201202": "8.61",
        "201203": "8.71",
        "201204": "7.89",
        "201205": "7.17",
        "201206": "6.86",
        "201207": "6.80",
        "201208": "6.95",
        "201209": "7.62",
        "201210": "7.84",
        "201211": "7.28",
        "201212": "7.74",
        "201301": "8.26",
        "201302": "8.61",
        "201303": "8.90",
        "201304": "8.36",
        "201305": "8.54",
        "201306": "8.31",
        "201307": "8.17",
        "201308": "8.26",
        "201309": "8.45",
        "201310": "9.02",
        "201311": "8.98",
        "201312": "9.02",
        "201401": "8.73",
        "201402": "8.54",
        "201403": "8.27",
        "201404": "8.29",
        "201405": "7.91",
        "201406": "8.05",
        "201407": "8.10",
        "201408": "7.93",
        "201409": "7.91",
        "201410": "7.36",
        "201411": "7.83",
        "201412": "7.86",
        "201501": "7.76",
        "201502": "7.55",
        "201503": "7.64",
        "201504": "7.44",
        "201505": "7.60",
        "201506": "8.00",
        "201507": "8.45",
        "201508": "8.30",
        "201509": "7.68",
        "201510": "7.90",
        "201511": "7.40",
        "201512": "6.96",
        "201601": "6.30",
        "201602": "6.17",
        "201603": "6.50",
        "201604": "6.10",
        "201605": "5.52",
        "201606": "5.38",
        "201607": "5.41",
        "201608": "5.44",
        "201609": "5.37",
        "201610": "5.42",
        "201611": "5.72",
        "201612": "6.21",
        "201701": "6.15",
        "201702": "6.79",
        "201703": "6.71",
        "201704": "6.36",
        "201705": "6.13",
        "201706": "6.28",
        "201707": "6.46",
        "201708": "6.36",
        "201709": "6.63",
        "201710": "6.96",
        "201711": "7.08",
        "201712": "8.07",
        "201801": "8.02",
        "201802": "7.47",
        "201803": "7.65",
        "201804": "7.72",
        "201805": "7.87",
        "201806": "8.43",
        "201807": "8.09",
        "201808": "8.10",
        "201809": "8.24",
        "201810": "7.59",
        "201811": "7.26",
        "201812": "7.58",
        "201901": "7.20",
        "201902": "7.59",
        "201903": "7.99",
        "201904": "7.78",
        "201905": "8.10",
        "201906": "8.01",
        "201907": "7.75",
        "201908": "7.44",
        "201909": "7.84",
        "201910": "8.06",
        "201911": "7.91",
        "201912": "7.84",
        "202001": "7.63",
        "202002": "7.24",
        "202003": "6.17",
        "202004": "6.61",
        "202005": "6.84",
        "202006": "7.03",
        "202007": "7.33",
        "202008": "7.93",
        "202009": "8.06",
        "202010": "7.52",
        "202011": "7.72",
        "202012": "9.40",
        "202101": "9.24",
        "202102": "8.84",
        "202103": "8.94",
        "202104": "9.81",
        "202105": "9.32",
        "202106": "9.05",
        "202107": "8.88",
        "202108": "8.71",
        "202109": "8.84",
        "202110": "8.63",
        "202111": "9.01",
        "202112": "8.86",
        "202201": "8.99",
        "202202": "9.01",
        "202203": "9.33",
        "202204": "9.86",
        "202205": "9.18",
        "202206": "8.93",
        "202207": "8.64",
        "202208": "9.13",
        "202209": "8.81",
        "202210": "7.86",
        "202211": "8.15",
        "202212": "8.31",
        "202301": "8.23",
        "202302": "8.63",
        "202303": "9.00",
        "202304": "10.27",
        "202305": "10.33"
    },
    "quarters": {
        "20011": {
            "year_quarter": 20011,
            "year": 2001,
            "quarter": 1,
            "eps": 0.03,
            "eps_growth_year": -62.5,
            "eps_4q": -1.01,
            "eps_4q_growth_year": -450.84,
            "roe": 0.24,
            "gross_profit": 26656,
            "gross_margin": 0.87,
            "net_income": 38680,
            "revenue": 3047060,
            "common_shares": 12761111,
            "equity": 16359424,
            "current_ratio": 136.01,
            "debt_ratio": 64.96,
            "inventory_turnover_ratio": 0.15,
            "account_receivable_turnover_ratio": null,
            "reinvestment_rate": null,
            "research_to_sale_ratio": null,
            "price_fair": 0,
            "eps_avg_yearly": 0,
            "eps_latest_yearly": 0,
            "eps_growth_yearly": 0
        },
        "20012": {
            "year_quarter": 20012,
            "year": 2001,
            "quarter": 2,
            "eps": -0.03,
            "eps_growth_year": -175,
            "eps_4q": -1.08,
            "eps_4q_growth_year": -481.19,
            "roe": -0.21,
            "gross_profit": 75180,
            "gross_margin": 2.4,
            "net_income": -33665,
            "revenue": 3128704,
            "common_shares": 12761111,
            "equity": 16348311,
            "current_ratio": 137.74,
            "debt_ratio": 64.08,
            "inventory_turnover_ratio": 0.15,
            "account_receivable_turnover_ratio": null,
            "reinvestment_rate": null,
            "research_to_sale_ratio": null,
            "price_fair": 0,
            "eps_avg_yearly": 0,
            "eps_latest_yearly": 0,
            "eps_growth_yearly": 0
        },
        "20013": {
            "year_quarter": 20013,
            "year": 2001,
            "quarter": 3,
            "eps": 0,
            "eps_growth_year": null,
            "eps_4q": -1.08,
            "eps_4q_growth_year": -682.46,
            "roe": -0.02,
            "gross_profit": 60163,
            "gross_margin": 2.22,
            "net_income": -3258,
            "revenue": 2706026,
            "common_shares": 12761111,
            "equity": 16344898,
            "current_ratio": 133.06,
            "debt_ratio": 62.93,
            "inventory_turnover_ratio": 0.13,
            "account_receivable_turnover_ratio": null,
            "reinvestment_rate": null,
            "research_to_sale_ratio": null,
            "price_fair": 0,
            "eps_avg_yearly": 0,
            "eps_latest_yearly": 0,
            "eps_growth_yearly": 0
        },
        "20014": {
            "year_quarter": 20014,
            "year": 2001,
            "quarter": 4,
            "eps": 0.04,
            "eps_growth_year": null,
            "eps_4q": 0.04,
            "eps_4q_growth_year": null,
            "roe": 0.3,
            "gross_profit": 95324,
            "gross_margin": 4.1,
            "net_income": 48660,
            "revenue": 2325821,
            "common_shares": 12761111,
            "equity": 16420048,
            "current_ratio": 139.99,
            "debt_ratio": 62.23,
            "inventory_turnover_ratio": 0.11,
            "account_receivable_turnover_ratio": null,
            "reinvestment_rate": null,
            "research_to_sale_ratio": null,
            "price_fair": 0,
            "eps_avg_yearly": 0,
            "eps_latest_yearly": 0,
            "eps_growth_yearly": 0
        },
        "20021": {
            "year_quarter": 20021,
            "year": 2002,
            "quarter": 1,
            "eps": 0.06,
            "eps_growth_year": 100,
            "eps_4q": 0.07,
            "eps_4q_growth_year": null,
            "roe": 0.43,
            "gross_profit": 76428,
            "gross_margin": 2.95,
            "net_income": 70444,
            "revenue": 2592300,
            "common_shares": 12761111,
            "equity": 16447128,
            "current_ratio": 137.42,
            "debt_ratio": 62.54,
            "inventory_turnover_ratio": 0.13,
            "account_receivable_turnover_ratio": null,
            "reinvestment_rate": null,
            "research_to_sale_ratio": null,
            "price_fair": 8.4,
            "eps_avg_yearly": 0.24,
            "eps_latest_yearly": 0.24,
            "eps_growth_yearly": 200
        },
        "20022": {
            "year_quarter": 20022,
            "year": 2002,
            "quarter": 2,
            "eps": -0.05,
            "eps_growth_year": null,
            "eps_4q": 0.04,
            "eps_4q_growth_year": null,
            "roe": -0.36,
            "gross_profit": 35007,
            "gross_margin": 1.3,
            "net_income": -59607,
            "revenue": 2683394,
            "common_shares": 12761111,
            "equity": 16384894,
            "current_ratio": 138.86,
            "debt_ratio": 62.57,
            "inventory_turnover_ratio": 0.13,
            "account_receivable_turnover_ratio": null,
            "reinvestment_rate": null,
            "research_to_sale_ratio": null,
            "price_fair": 8.4,
            "eps_avg_yearly": 0.24,
            "eps_latest_yearly": 0.24,
            "eps_growth_yearly": 200
        },
        "20023": {
            "year_quarter": 20023,
            "year": 2002,
            "quarter": 3,
            "eps": 0,
            "eps_growth_year": null,
            "eps_4q": 0.05,
            "eps_4q_growth_year": null,
            "roe": 0.03,
            "gross_profit": 48869,
            "gross_margin": 1.87,
            "net_income": 4824,
            "revenue": 2613047,
            "common_shares": 13654389,
            "equity": 16392440,
            "current_ratio": 136.09,
            "debt_ratio": 62.31,
            "inventory_turnover_ratio": 0.13,
            "account_receivable_turnover_ratio": null,
            "reinvestment_rate": null,
            "research_to_sale_ratio": null,
            "price_fair": 8.4,
            "eps_avg_yearly": 0.24,
            "eps_latest_yearly": 0.24,
            "eps_growth_yearly": 200
        },
        "20024": {
            "year_quarter": 20024,
            "year": 2002,
            "quarter": 4,
            "eps": 0.05,
            "eps_growth_year": 25,
            "eps_4q": 0.06,
            "eps_4q_growth_year": 50.36,
            "roe": 0.39,
            "gross_profit": 148408,
            "gross_margin": 5.86,
            "net_income": 63586,
            "revenue": 2534409,
            "common_shares": 13654389,
            "equity": 16581676,
            "current_ratio": 141.06,
            "debt_ratio": 60.92,
            "inventory_turnover_ratio": 0.12,
            "account_receivable_turnover_ratio": null,
            "reinvestment_rate": null,
            "research_to_sale_ratio": null,
            "price_fair": 8.4,
            "eps_avg_yearly": 0.24,
            "eps_latest_yearly": 0.24,
            "eps_growth_yearly": 200
        },
        "20031": {
            "year_quarter": 20031,
            "year": 2003,
            "quarter": 1,
            "eps": 0.02,
            "eps_growth_year": -66.67,
            "eps_4q": 0.03,
            "eps_4q_growth_year": -61.45,
            "roe": 0.15,
            "gross_profit": 77817,
            "gross_margin": 3.6,
            "net_income": 25208,
            "revenue": 2161182,
            "common_shares": 13654389,
            "equity": 16579998,
            "current_ratio": 141.93,
            "debt_ratio": 59.78,
            "inventory_turnover_ratio": 0.1,
            "account_receivable_turnover_ratio": null,
            "reinvestment_rate": null,
            "research_to_sale_ratio": null,
            "price_fair": 0.48,
            "eps_avg_yearly": 0.16,
            "eps_latest_yearly": 0.08,
            "eps_growth_yearly": -20
        },
        "20032": {
            "year_quarter": 20032,
            "year": 2003,
            "quarter": 2,
            "eps": 0.02,
            "eps_growth_year": null,
            "eps_4q": 0.11,
            "eps_4q_growth_year": 152.61,
            "roe": 0.12,
            "gross_profit": 22611,
            "gross_margin": 0.82,
            "net_income": 20502,
            "revenue": 2752947,
            "common_shares": 13654389,
            "equity": 16590360,
            "current_ratio": 141.28,
            "debt_ratio": 60.53,
            "inventory_turnover_ratio": 0.14,
            "account_receivable_turnover_ratio": null,
            "reinvestment_rate": null,
            "research_to_sale_ratio": null,
            "price_fair": 0.4,
            "eps_avg_yearly": 0.13,
            "eps_latest_yearly": 0.08,
            "eps_growth_yearly": -13.33
        },
        "20033": {
            "year_quarter": 20033,
            "year": 2003,
            "quarter": 3,
            "eps": 0.04,
            "eps_growth_year": null,
            "eps_4q": 0.12,
            "eps_4q_growth_year": 151.79,
            "roe": 0.33,
            "gross_profit": 93914,
            "gross_margin": 3.36,
            "net_income": 55614,
            "revenue": 2793108,
            "common_shares": 14217812,
            "equity": 16643656,
            "current_ratio": 137.45,
            "debt_ratio": 59.79,
            "inventory_turnover_ratio": 0.13,
            "account_receivable_turnover_ratio": null,
            "reinvestment_rate": null,
            "research_to_sale_ratio": null,
            "price_fair": 4.9,
            "eps_avg_yearly": 0.14,
            "eps_latest_yearly": 0.16,
            "eps_growth_yearly": 90
        },
        "20034": {
            "year_quarter": 20034,
            "year": 2003,
            "quarter": 4,
            "eps": -0.01,
            "eps_growth_year": -120,
            "eps_4q": 0.07,
            "eps_4q_growth_year": 11.27,
            "roe": -0.05,
            "gross_profit": 165989,
            "gross_margin": 5.66,
            "net_income": -8404,
            "revenue": 2934386,
            "common_shares": 14217812,
            "equity": 16681488,
            "current_ratio": 140.65,
            "debt_ratio": 59.63,
            "inventory_turnover_ratio": 0.14,
            "account_receivable_turnover_ratio": null,
            "reinvestment_rate": null,
            "research_to_sale_ratio": null,
            "price_fair": 4.9,
            "eps_avg_yearly": 0.14,
            "eps_latest_yearly": 0.16,
            "eps_growth_yearly": 90
        },
        "20041": {
            "year_quarter": 20041,
            "year": 2004,
            "quarter": 1,
            "eps": 0.07,
            "eps_growth_year": 250,
            "eps_4q": 0.12,
            "eps_4q_growth_year": 334.66,
            "roe": 0.6,
            "gross_profit": 60922,
            "gross_margin": 2.48,
            "net_income": 100232,
            "revenue": 2455692,
            "common_shares": 14217812,
            "equity": 16751737,
            "current_ratio": 140.66,
            "debt_ratio": 58.69,
            "inventory_turnover_ratio": 0.12,
            "account_receivable_turnover_ratio": null,
            "reinvestment_rate": null,
            "research_to_sale_ratio": null,
            "price_fair": 4.9,
            "eps_avg_yearly": 0.14,
            "eps_latest_yearly": 0.16,
            "eps_growth_yearly": 90
        },
        "20042": {
            "year_quarter": 20042,
            "year": 2004,
            "quarter": 2,
            "eps": -0.03,
            "eps_growth_year": -250,
            "eps_4q": 0.07,
            "eps_4q_growth_year": -35.2,
            "roe": -0.27,
            "gross_profit": 76480,
            "gross_margin": 2.95,
            "net_income": -44869,
            "revenue": 2593221,
            "common_shares": 14217812,
            "equity": 16696661,
            "current_ratio": 142.1,
            "debt_ratio": 57.94,
            "inventory_turnover_ratio": 0.13,
            "account_receivable_turnover_ratio": null,
            "reinvestment_rate": null,
            "research_to_sale_ratio": null,
            "price_fair": 4.9,
            "eps_avg_yearly": 0.14,
            "eps_latest_yearly": 0.16,
            "eps_growth_yearly": 90
        },
        "20043": {
            "year_quarter": 20043,
            "year": 2004,
            "quarter": 3,
            "eps": 0.14,
            "eps_growth_year": 250,
            "eps_4q": 0.17,
            "eps_4q_growth_year": 46.14,
            "roe": 1.17,
            "gross_profit": 86371,
            "gross_margin": 3.26,
            "net_income": 197199,
            "revenue": 2648639,
            "common_shares": 14502168,
            "equity": 16895934,
            "current_ratio": 144.49,
            "debt_ratio": 57.59,
            "inventory_turnover_ratio": 0.13,
            "account_receivable_turnover_ratio": null,
            "reinvestment_rate": null,
            "research_to_sale_ratio": null,
            "price_fair": 4.9,
            "eps_avg_yearly": 0.14,
            "eps_latest_yearly": 0.16,
            "eps_growth_yearly": 90
        },
        "20044": {
            "year_quarter": 20044,
            "year": 2004,
            "quarter": 4,
            "eps": -0.09,
            "eps_growth_year": null,
            "eps_4q": 0.09,
            "eps_4q_growth_year": 28.17,
            "roe": -0.76,
            "gross_profit": 242574,
            "gross_margin": 7.69,
            "net_income": -128490,
            "revenue": 3155308,
            "common_shares": 14502168,
            "equity": 16816449,
            "current_ratio": 150.05,
            "debt_ratio": 57.62,
            "inventory_turnover_ratio": 0.15,
            "account_receivable_turnover_ratio": null,
            "reinvestment_rate": -256.28,
            "research_to_sale_ratio": null,
            "price_fair": 4.9,
            "eps_avg_yearly": 0.14,
            "eps_latest_yearly": 0.16,
            "eps_growth_yearly": 90
        },
        "20051": {
            "year_quarter": 20051,
            "year": 2005,
            "quarter": 1,
            "eps": 0.06,
            "eps_growth_year": -14.29,
            "eps_4q": 0.08,
            "eps_4q_growth_year": -34.41,
            "roe": 0.49,
            "gross_profit": 109484,
            "gross_margin": 3.87,
            "net_income": 84463,
            "revenue": 2826735,
            "common_shares": 14502168,
            "equity": 17979048,
            "current_ratio": 148.93,
            "debt_ratio": 54.55,
            "inventory_turnover_ratio": 0.14,
            "account_receivable_turnover_ratio": null,
            "reinvestment_rate": -577.26,
            "research_to_sale_ratio": null,
            "price_fair": 4.9,
            "eps_avg_yearly": 0.14,
            "eps_latest_yearly": 0.16,
            "eps_growth_yearly": 90
        },
        "20052": {
            "year_quarter": 20052,
            "year": 2005,
            "quarter": 2,
            "eps": 0.12,
            "eps_growth_year": null,
            "eps_4q": 0.23,
            "eps_4q_growth_year": 213.74,
            "roe": 0.96,
            "gross_profit": 155876,
            "gross_margin": 4.08,
            "net_income": 172840,
            "revenue": 3817795,
            "common_shares": 14502168,
            "equity": 17997392,
            "current_ratio": 154.27,
            "debt_ratio": 53.63,
            "inventory_turnover_ratio": 0.19,
            "account_receivable_turnover_ratio": null,
            "reinvestment_rate": -376.35,
            "research_to_sale_ratio": null,
            "price_fair": 7.28,
            "eps_avg_yearly": 0.21,
            "eps_latest_yearly": 0.48,
            "eps_growth_yearly": 152
        },
        "20053": {
            "year_quarter": 20053,
            "year": 2005,
            "quarter": 3,
            "eps": 0.05,
            "eps_growth_year": -64.29,
            "eps_4q": 0.13,
            "eps_4q_growth_year": -24.37,
            "roe": 0.44,
            "gross_profit": 13623,
            "gross_margin": 0.44,
            "net_income": 79415,
            "revenue": 3091593,
            "common_shares": 14502168,
            "equity": 18138102,
            "current_ratio": 157.16,
            "debt_ratio": 52.84,
            "inventory_turnover_ratio": 0.16,
            "account_receivable_turnover_ratio": null,
            "reinvestment_rate": -329,
            "research_to_sale_ratio": null,
            "price_fair": 7.23,
            "eps_avg_yearly": 0.21,
            "eps_latest_yearly": 0.2,
            "eps_growth_yearly": 87.78
        },
        "20054": {
            "year_quarter": 20054,
            "year": 2005,
            "quarter": 4,
            "eps": 0.02,
            "eps_growth_year": null,
            "eps_4q": 0.23,
            "eps_4q_growth_year": 162.53,
            "roe": 0.17,
            "gross_profit": 174056,
            "gross_margin": 4.61,
            "net_income": 31571,
            "revenue": 3773976,
            "common_shares": 14502168,
            "equity": 18235948,
            "current_ratio": 162.77,
            "debt_ratio": 52.3,
            "inventory_turnover_ratio": 0.19,
            "account_receivable_turnover_ratio": null,
            "reinvestment_rate": -192.95,
            "research_to_sale_ratio": null,
            "price_fair": 6.6,
            "eps_avg_yearly": 0.19,
            "eps_latest_yearly": 0.08,
            "eps_growth_yearly": 40.95
        },
        "20061": {
            "year_quarter": 20061,
            "year": 2006,
            "quarter": 1,
            "eps": 0.05,
            "eps_growth_year": -16.67,
            "eps_4q": 0.26,
            "eps_4q_growth_year": 236.15,
            "roe": 0.37,
            "gross_profit": 79953,
            "gross_margin": 2.92,
            "net_income": 68026,
            "revenue": 2739681,
            "common_shares": 14502168,
            "equity": 18190488,
            "current_ratio": 162.6,
            "debt_ratio": 50.37,
            "inventory_turnover_ratio": 0.15,
            "account_receivable_turnover_ratio": null,
            "reinvestment_rate": -263.27,
            "research_to_sale_ratio": null,
            "price_fair": 6.4,
            "eps_avg_yearly": 0.18,
            "eps_latest_yearly": 0.2,
            "eps_growth_yearly": 98.1
        },
        "20062": {
            "year_quarter": 20062,
            "year": 2006,
            "quarter": 2,
            "eps": 0.07,
            "eps_growth_year": -41.67,
            "eps_4q": 0.19,
            "eps_4q_growth_year": -17.69,
            "roe": 0.59,
            "gross_profit": 75611,
            "gross_margin": 2.45,
            "net_income": 107736,
            "revenue": 3085417,
            "common_shares": 14502168,
            "equity": 18095985,
            "current_ratio": 157.65,
            "debt_ratio": 51.37,
            "inventory_turnover_ratio": 0.17,
            "account_receivable_turnover_ratio": null,
            "reinvestment_rate": -208.14,
            "research_to_sale_ratio": null,
            "price_fair": 6.83,
            "eps_avg_yearly": 0.2,
            "eps_latest_yearly": 0.28,
            "eps_growth_yearly": 105.83
        },
        "20063": {
            "year_quarter": 20063,
            "year": 2006,
            "quarter": 3,
            "eps": 0.04,
            "eps_growth_year": -20,
            "eps_4q": 0.19,
            "eps_4q_growth_year": 47.33,
            "roe": 0.3,
            "gross_profit": 80798,
            "gross_margin": 2.73,
            "net_income": 54151,
            "revenue": 2954626,
            "common_shares": 14502168,
            "equity": 18198453,
            "current_ratio": 159.36,
            "debt_ratio": 51.79,
            "inventory_turnover_ratio": 0.16,
            "account_receivable_turnover_ratio": null,
            "reinvestment_rate": -195.31,
            "research_to_sale_ratio": null,
            "price_fair": 6.69,
            "eps_avg_yearly": 0.19,
            "eps_latest_yearly": 0.16,
            "eps_growth_yearly": 75.03
        },
        "20064": {
            "year_quarter": 20064,
            "year": 2006,
            "quarter": 4,
            "eps": 0.39,
            "eps_growth_year": 1850,
            "eps_4q": 0.55,
            "eps_4q_growth_year": 135.59,
            "roe": 3.07,
            "gross_profit": -200361,
            "gross_margin": -5.31,
            "net_income": 561635,
            "revenue": 3775611,
            "common_shares": 14502168,
            "equity": 18372675,
            "current_ratio": 179.8,
            "debt_ratio": 49.67,
            "inventory_turnover_ratio": 0.22,
            "account_receivable_turnover_ratio": null,
            "reinvestment_rate": -76.85,
            "research_to_sale_ratio": null,
            "price_fair": 11.48,
            "eps_avg_yearly": 0.33,
            "eps_latest_yearly": 1.56,
            "eps_growth_yearly": 417.52
        },
        "20071": {
            "year_quarter": 20071,
            "year": 2007,
            "quarter": 1,
            "eps": 0.13,
            "eps_growth_year": 160,
            "eps_4q": 0.64,
            "eps_4q_growth_year": 148.92,
            "roe": 0.99,
            "gross_profit": 124414,
            "gross_margin": 4.3,
            "net_income": 183082,
            "revenue": 2893011,
            "common_shares": 14502168,
            "equity": 18469461,
            "current_ratio": 175.56,
            "debt_ratio": 48.33,
            "inventory_turnover_ratio": 0.16,
            "account_receivable_turnover_ratio": null,
            "reinvestment_rate": -121.64,
            "research_to_sale_ratio": null,
            "price_fair": 13.02,
            "eps_avg_yearly": 0.37,
            "eps_latest_yearly": 0.52,
            "eps_growth_yearly": 414.86
        },
        "20072": {
            "year_quarter": 20072,
            "year": 2007,
            "quarter": 2,
            "eps": 0.09,
            "eps_growth_year": 28.57,
            "eps_4q": 0.64,
            "eps_4q_growth_year": 243.09,
            "roe": 0.71,
            "gross_profit": -14950,
            "gross_margin": -0.49,
            "net_income": 130909,
            "revenue": 3078833,
            "common_shares": 14502168,
            "equity": 18600279,
            "current_ratio": 180.73,
            "debt_ratio": 47.99,
            "inventory_turnover_ratio": 0.18,
            "account_receivable_turnover_ratio": null,
            "reinvestment_rate": -109.66,
            "research_to_sale_ratio": null,
            "price_fair": 14,
            "eps_avg_yearly": 0.4,
            "eps_latest_yearly": 0.36,
            "eps_growth_yearly": 402.55
        },
        "20073": {
            "year_quarter": 20073,
            "year": 2007,
            "quarter": 3,
            "eps": 0.09,
            "eps_growth_year": 125,
            "eps_4q": 0.65,
            "eps_4q_growth_year": 237.88,
            "roe": 0.75,
            "gross_profit": 60483,
            "gross_margin": 2.33,
            "net_income": 140069,
            "revenue": 2600208,
            "common_shares": 15250175,
            "equity": 18802860,
            "current_ratio": 182.42,
            "debt_ratio": 46.44,
            "inventory_turnover_ratio": 0.15,
            "account_receivable_turnover_ratio": null,
            "reinvestment_rate": -102.23,
            "research_to_sale_ratio": null,
            "price_fair": 14.7,
            "eps_avg_yearly": 0.42,
            "eps_latest_yearly": 0.36,
            "eps_growth_yearly": 362.55
        },
        "20074": {
            "year_quarter": 20074,
            "year": 2007,
            "quarter": 4,
            "eps": 0.07,
            "eps_growth_year": -82.05,
            "eps_4q": 0.37,
            "eps_4q_growth_year": -32.59,
            "roe": 0.56,
            "gross_profit": -154498,
            "gross_margin": -4.98,
            "net_income": 105758,
            "revenue": 3100334,
            "common_shares": 15250175,
            "equity": 18986258,
            "current_ratio": 191.67,
            "debt_ratio": 45.61,
            "inventory_turnover_ratio": 0.2,
            "account_receivable_turnover_ratio": null,
            "reinvestment_rate": -32.78,
            "research_to_sale_ratio": null,
            "price_fair": 14.25,
            "eps_avg_yearly": 0.41,
            "eps_latest_yearly": 0.28,
            "eps_growth_yearly": 321.51
        },
        "20081": {
            "year_quarter": 20081,
            "year": 2008,
            "quarter": 1,
            "eps": 0.14,
            "eps_growth_year": 7.69,
            "eps_4q": 0.38,
            "eps_4q_growth_year": -40.41,
            "roe": 1.14,
            "gross_profit": 218086,
            "gross_margin": 6.92,
            "net_income": 217273,
            "revenue": 3152783,
            "common_shares": 15250175,
            "equity": 19192951,
            "current_ratio": 201.61,
            "debt_ratio": 43.26,
            "inventory_turnover_ratio": 0.19,
            "account_receivable_turnover_ratio": null,
            "reinvestment_rate": -21.07,
            "research_to_sale_ratio": null,
            "price_fair": 14.7,
            "eps_avg_yearly": 0.42,
            "eps_latest_yearly": 0.56,
            "eps_growth_yearly": 328.05
        },
        "20082": {
            "year_quarter": 20082,
            "year": 2008,
            "quarter": 2,
            "eps": 0.06,
            "eps_growth_year": -33.33,
            "eps_4q": 0.37,
            "eps_4q_growth_year": -41.62,
            "roe": 0.47,
            "gross_profit": 75438,
            "gross_margin": 1.91,
            "net_income": 88654,
            "revenue": 3950052,
            "common_shares": 15250175,
            "equity": 18786690,
            "current_ratio": 192.46,
            "debt_ratio": 44.89,
            "inventory_turnover_ratio": 0.28,
            "account_receivable_turnover_ratio": null,
            "reinvestment_rate": -19.84,
            "research_to_sale_ratio": null,
            "price_fair": 14.22,
            "eps_avg_yearly": 0.41,
            "eps_latest_yearly": 0.24,
            "eps_growth_yearly": 285.23
        },
        "20083": {
            "year_quarter": 20083,
            "year": 2008,
            "quarter": 3,
            "eps": 0.04,
            "eps_growth_year": -55.56,
            "eps_4q": 0.32,
            "eps_4q_growth_year": -51.56,
            "roe": 0.31,
            "gross_profit": 209500,
            "gross_margin": 5.9,
            "net_income": 58964,
            "revenue": 3548060,
            "common_shares": 15250175,
            "equity": 18680165,
            "current_ratio": 182.86,
            "debt_ratio": 46.25,
            "inventory_turnover_ratio": 0.25,
            "account_receivable_turnover_ratio": null,
            "reinvestment_rate": -20.11,
            "research_to_sale_ratio": null,
            "price_fair": 13.6,
            "eps_avg_yearly": 0.39,
            "eps_latest_yearly": 0.16,
            "eps_growth_yearly": 255.34
        },
        "20084": {
            "year_quarter": 20084,
            "year": 2008,
            "quarter": 4,
            "eps": -0.21,
            "eps_growth_year": -400,
            "eps_4q": 0.02,
            "eps_4q_growth_year": -95.04,
            "roe": -1.75,
            "gross_profit": -60337,
            "gross_margin": -1.45,
            "net_income": -323738,
            "revenue": 4167738,
            "common_shares": 15250175,
            "equity": 18406960,
            "current_ratio": 178.25,
            "debt_ratio": 46.58,
            "inventory_turnover_ratio": 0.31,
            "account_receivable_turnover_ratio": 1.72,
            "reinvestment_rate": -22.89,
            "research_to_sale_ratio": null,
            "price_fair": 13.6,
            "eps_avg_yearly": 0.39,
            "eps_latest_yearly": 0.16,
            "eps_growth_yearly": 255.34
        },
        "20091": {
            "year_quarter": 20091,
            "year": 2009,
            "quarter": 1,
            "eps": 0.02,
            "eps_growth_year": -85.71,
            "eps_4q": -0.08,
            "eps_4q_growth_year": -119.72,
            "roe": 0.21,
            "gross_profit": 162768,
            "gross_margin": 5.22,
            "net_income": 38318,
            "revenue": 3117062,
            "common_shares": 15250175,
            "equity": 18639314,
            "current_ratio": 191.64,
            "debt_ratio": 45.24,
            "inventory_turnover_ratio": 0.22,
            "account_receivable_turnover_ratio": 0.66,
            "reinvestment_rate": 55.56,
            "research_to_sale_ratio": null,
            "price_fair": 13.6,
            "eps_avg_yearly": 0.39,
            "eps_latest_yearly": 0.16,
            "eps_growth_yearly": 255.34
        },
        "20092": {
            "year_quarter": 20092,
            "year": 2009,
            "quarter": 2,
            "eps": 0.1,
            "eps_growth_year": 66.67,
            "eps_4q": -0.06,
            "eps_4q_growth_year": -116.04,
            "roe": 0.78,
            "gross_profit": 174649,
            "gross_margin": 4.07,
            "net_income": 145466,
            "revenue": 4294048,
            "common_shares": 15250175,
            "equity": 18709988,
            "current_ratio": 183.82,
            "debt_ratio": 44.72,
            "inventory_turnover_ratio": 0.31,
            "account_receivable_turnover_ratio": 0.94,
            "reinvestment_rate": 56.54,
            "research_to_sale_ratio": null,
            "price_fair": 13.4,
            "eps_avg_yearly": 0.38,
            "eps_latest_yearly": 0.4,
            "eps_growth_yearly": 341.05
        },
        "20093": {
            "year_quarter": 20093,
            "year": 2009,
            "quarter": 3,
            "eps": 0.04,
            "eps_growth_year": 0,
            "eps_4q": -0.05,
            "eps_4q_growth_year": -117.04,
            "roe": 0.33,
            "gross_profit": 206457,
            "gross_margin": 6.45,
            "net_income": 62183,
            "revenue": 3201126,
            "common_shares": 15250175,
            "equity": 18787707,
            "current_ratio": 190.81,
            "debt_ratio": 44.88,
            "inventory_turnover_ratio": 0.23,
            "account_receivable_turnover_ratio": 0.71,
            "reinvestment_rate": 56.07,
            "research_to_sale_ratio": null,
            "price_fair": 13.3,
            "eps_avg_yearly": 0.38,
            "eps_latest_yearly": 0.16,
            "eps_growth_yearly": 340.57
        },
        "20094": {
            "year_quarter": 20094,
            "year": 2009,
            "quarter": 4,
            "eps": -0.02,
            "eps_growth_year": null,
            "eps_4q": 0.14,
            "eps_4q_growth_year": 648.62,
            "roe": -0.16,
            "gross_profit": 115979,
            "gross_margin": 3.32,
            "net_income": -29230,
            "revenue": 3493872,
            "common_shares": 15250175,
            "equity": 18812715,
            "current_ratio": 188.71,
            "debt_ratio": 46.48,
            "inventory_turnover_ratio": 0.47,
            "account_receivable_turnover_ratio": 1.7,
            "reinvestment_rate": 179.47,
            "research_to_sale_ratio": null,
            "price_fair": 14.11,
            "eps_avg_yearly": 0.4,
            "eps_latest_yearly": 0.16,
            "eps_growth_yearly": 385.23
        },
        "20101": {
            "year_quarter": 20101,
            "year": 2010,
            "quarter": 1,
            "eps": 0.1,
            "eps_growth_year": 400,
            "eps_4q": 0.21,
            "eps_4q_growth_year": null,
            "roe": 0.8,
            "gross_profit": 261267,
            "gross_margin": 6.65,
            "net_income": 151368,
            "revenue": 3931266,
            "common_shares": 15250175,
            "equity": 19022426,
            "current_ratio": 193.98,
            "debt_ratio": 45.69,
            "inventory_turnover_ratio": 3.46,
            "account_receivable_turnover_ratio": 0.89,
            "reinvestment_rate": 227.45,
            "research_to_sale_ratio": 0.09,
            "price_fair": 14.7,
            "eps_avg_yearly": 0.42,
            "eps_latest_yearly": 0.16,
            "eps_growth_yearly": 367.34
        },
        "20102": {
            "year_quarter": 20102,
            "year": 2010,
            "quarter": 2,
            "eps": 0.22,
            "eps_growth_year": 123.73,
            "eps_4q": 0.34,
            "eps_4q_growth_year": null,
            "roe": 1.8,
            "gross_profit": 219764,
            "gross_margin": 5.19,
            "net_income": 344678,
            "revenue": 4234083,
            "common_shares": 15250175,
            "equity": 19207631,
            "current_ratio": 190.74,
            "debt_ratio": 47.08,
            "inventory_turnover_ratio": 3.51,
            "account_receivable_turnover_ratio": 0.86,
            "reinvestment_rate": 199.27,
            "research_to_sale_ratio": 0.21,
            "price_fair": 16.45,
            "eps_avg_yearly": 0.47,
            "eps_latest_yearly": 0.88,
            "eps_growth_yearly": 394
        },
        "20103": {
            "year_quarter": 20103,
            "year": 2010,
            "quarter": 3,
            "eps": 0.12,
            "eps_growth_year": 196.28,
            "eps_4q": 0.42,
            "eps_4q_growth_year": null,
            "roe": 0.96,
            "gross_profit": 205515,
            "gross_margin": 5.36,
            "net_income": 185048,
            "revenue": 3834612,
            "common_shares": 15250175,
            "equity": 19370052,
            "current_ratio": 195.18,
            "debt_ratio": 46.96,
            "inventory_turnover_ratio": 2.68,
            "account_receivable_turnover_ratio": 0.74,
            "reinvestment_rate": 187.82,
            "research_to_sale_ratio": 0.12,
            "price_fair": 17.38,
            "eps_avg_yearly": 0.5,
            "eps_latest_yearly": 0.48,
            "eps_growth_yearly": 393.14
        },
        "20104": {
            "year_quarter": 20104,
            "year": 2010,
            "quarter": 4,
            "eps": 0.1,
            "eps_growth_year": null,
            "eps_4q": 0.54,
            "eps_4q_growth_year": 291.16,
            "roe": 0.8,
            "gross_profit": 206647,
            "gross_margin": 4.8,
            "net_income": 155518,
            "revenue": 4303819,
            "common_shares": 15250175,
            "equity": 19485224,
            "current_ratio": 194.65,
            "debt_ratio": 47.61,
            "inventory_turnover_ratio": 2.74,
            "account_receivable_turnover_ratio": 0.8,
            "reinvestment_rate": 191.22,
            "research_to_sale_ratio": 0.13,
            "price_fair": 14,
            "eps_avg_yearly": 0.4,
            "eps_latest_yearly": 0.4,
            "eps_growth_yearly": 95.91
        },
        "20111": {
            "year_quarter": 20111,
            "year": 2011,
            "quarter": 1,
            "eps": 0.12,
            "eps_growth_year": 20,
            "eps_4q": 0.57,
            "eps_4q_growth_year": 169.85,
            "roe": 0.97,
            "gross_profit": 355946,
            "gross_margin": 9.42,
            "net_income": 189930,
            "revenue": 3779382,
            "common_shares": 15250175,
            "equity": 19813152,
            "current_ratio": 201.01,
            "debt_ratio": 46.21,
            "inventory_turnover_ratio": 2.24,
            "account_receivable_turnover_ratio": 0.67,
            "reinvestment_rate": 244.08,
            "research_to_sale_ratio": 0.12,
            "price_fair": 13.88,
            "eps_avg_yearly": 0.4,
            "eps_latest_yearly": 0.48,
            "eps_growth_yearly": 124.8
        },
        "20112": {
            "year_quarter": 20112,
            "year": 2011,
            "quarter": 2,
            "eps": 0.02,
            "eps_growth_year": -92.91,
            "eps_4q": 0.36,
            "eps_4q_growth_year": 5.69,
            "roe": 0.15,
            "gross_profit": 208467,
            "gross_margin": 5.57,
            "net_income": 28576,
            "revenue": 3741629,
            "common_shares": 15250175,
            "equity": 19417786,
            "current_ratio": 185.68,
            "debt_ratio": 46.94,
            "inventory_turnover_ratio": 1.75,
            "account_receivable_turnover_ratio": 0.65,
            "reinvestment_rate": 331.78,
            "research_to_sale_ratio": 0.12,
            "price_fair": 13.07,
            "eps_avg_yearly": 0.37,
            "eps_latest_yearly": 0.08,
            "eps_growth_yearly": 107.28
        },
        "20113": {
            "year_quarter": 20113,
            "year": 2011,
            "quarter": 3,
            "eps": 0.04,
            "eps_growth_year": -64.93,
            "eps_4q": 0.28,
            "eps_4q_growth_year": -33,
            "roe": 0.36,
            "gross_profit": 279619,
            "gross_margin": 8,
            "net_income": 70446,
            "revenue": 3495687,
            "common_shares": 15250175,
            "equity": 19852701,
            "current_ratio": 196.88,
            "debt_ratio": 45.69,
            "inventory_turnover_ratio": 1.19,
            "account_receivable_turnover_ratio": 0.62,
            "reinvestment_rate": 348.3,
            "research_to_sale_ratio": 0.15,
            "price_fair": 12.48,
            "eps_avg_yearly": 0.36,
            "eps_latest_yearly": 0.16,
            "eps_growth_yearly": 140.62
        },
        "20114": {
            "year_quarter": 20114,
            "year": 2011,
            "quarter": 4,
            "eps": -0.07,
            "eps_growth_year": -170.62,
            "eps_4q": 0.11,
            "eps_4q_growth_year": -79.75,
            "roe": -0.54,
            "gross_profit": 181542,
            "gross_margin": 5.11,
            "net_income": -106567,
            "revenue": 3552052,
            "common_shares": 15250175,
            "equity": 19421894,
            "current_ratio": 191.08,
            "debt_ratio": 49.19,
            "inventory_turnover_ratio": 1.13,
            "account_receivable_turnover_ratio": 0.71,
            "reinvestment_rate": 316.93,
            "research_to_sale_ratio": 0.14,
            "price_fair": 12.73,
            "eps_avg_yearly": 0.36,
            "eps_latest_yearly": 0.16,
            "eps_growth_yearly": 161.48
        },
        "20121": {
            "year_quarter": 20121,
            "year": 2012,
            "quarter": 1,
            "eps": 0.03,
            "eps_growth_year": -75,
            "eps_4q": 0.01,
            "eps_4q_growth_year": -97.8,
            "roe": 0.22,
            "gross_profit": 203453,
            "gross_margin": 5.89,
            "net_income": 43558,
            "revenue": 3452983,
            "common_shares": 15250175,
            "equity": 20195045,
            "current_ratio": 180.78,
            "debt_ratio": 49.6,
            "inventory_turnover_ratio": 1.05,
            "account_receivable_turnover_ratio": 0.71,
            "reinvestment_rate": 472.55,
            "research_to_sale_ratio": 0.08,
            "price_fair": 12.04,
            "eps_avg_yearly": 0.34,
            "eps_latest_yearly": 0.16,
            "eps_growth_yearly": 137.63
        },
        "20122": {
            "year_quarter": 20122,
            "year": 2012,
            "quarter": 2,
            "eps": 0.09,
            "eps_growth_year": 477.83,
            "eps_4q": 0.09,
            "eps_4q_growth_year": -75.32,
            "roe": 0.72,
            "gross_profit": 249281,
            "gross_margin": 6.85,
            "net_income": 144058,
            "revenue": 3639503,
            "common_shares": 15250175,
            "equity": 19763553,
            "current_ratio": 178,
            "debt_ratio": 50.45,
            "inventory_turnover_ratio": 1.08,
            "account_receivable_turnover_ratio": 0.66,
            "reinvestment_rate": 644.58,
            "research_to_sale_ratio": 0.14,
            "price_fair": 12.46,
            "eps_avg_yearly": 0.36,
            "eps_latest_yearly": 0.36,
            "eps_growth_yearly": 240.48
        },
        "20123": {
            "year_quarter": 20123,
            "year": 2012,
            "quarter": 3,
            "eps": 0.07,
            "eps_growth_year": 72.83,
            "eps_4q": 0.12,
            "eps_4q_growth_year": -57.76,
            "roe": 0.59,
            "gross_profit": 198928,
            "gross_margin": 6.05,
            "net_income": 116164,
            "revenue": 3290513,
            "common_shares": 15250175,
            "equity": 19830178,
            "current_ratio": 174.9,
            "debt_ratio": 50.28,
            "inventory_turnover_ratio": 0.96,
            "account_receivable_turnover_ratio": 0.56,
            "reinvestment_rate": 611.85,
            "research_to_sale_ratio": 0.11,
            "price_fair": 12.88,
            "eps_avg_yearly": 0.37,
            "eps_latest_yearly": 0.28,
            "eps_growth_yearly": 244.93
        },
        "20124": {
            "year_quarter": 20124,
            "year": 2012,
            "quarter": 4,
            "eps": 0.07,
            "eps_growth_year": null,
            "eps_4q": 0.25,
            "eps_4q_growth_year": 133.86,
            "roe": 0.51,
            "gross_profit": 203112,
            "gross_margin": 5.96,
            "net_income": 100760,
            "revenue": 3408942,
            "common_shares": 15250175,
            "equity": 19731034,
            "current_ratio": 183.03,
            "debt_ratio": 49.7,
            "inventory_turnover_ratio": 0.94,
            "account_receivable_turnover_ratio": 0.59,
            "reinvestment_rate": 266.92,
            "research_to_sale_ratio": 0.72,
            "price_fair": 12.6,
            "eps_avg_yearly": 0.36,
            "eps_latest_yearly": 0.28,
            "eps_growth_yearly": 222.66
        },
        "20131": {
            "year_quarter": 20131,
            "year": 2013,
            "quarter": 1,
            "eps": 0,
            "eps_growth_year": -100,
            "eps_4q": 0.23,
            "eps_4q_growth_year": 1756.03,
            "roe": 0.04,
            "gross_profit": 197919,
            "gross_margin": 5.89,
            "net_income": 7362,
            "revenue": 3360185,
            "common_shares": 15250175,
            "equity": 19600282,
            "current_ratio": 183.26,
            "debt_ratio": 49.94,
            "inventory_turnover_ratio": 0.87,
            "account_receivable_turnover_ratio": 0.6,
            "reinvestment_rate": 290.15,
            "research_to_sale_ratio": 0.16,
            "price_fair": 12.6,
            "eps_avg_yearly": 0.36,
            "eps_latest_yearly": 0.28,
            "eps_growth_yearly": 222.66
        },
        "20132": {
            "year_quarter": 20132,
            "year": 2013,
            "quarter": 2,
            "eps": 0.01,
            "eps_growth_year": -89.09,
            "eps_4q": 0.15,
            "eps_4q_growth_year": 69.14,
            "roe": 0.11,
            "gross_profit": 244427,
            "gross_margin": 9.26,
            "net_income": 20911,
            "revenue": 2640531,
            "common_shares": 15250175,
            "equity": 19326077,
            "current_ratio": 175.41,
            "debt_ratio": 49.69,
            "inventory_turnover_ratio": 0.63,
            "account_receivable_turnover_ratio": 0.51,
            "reinvestment_rate": 331.15,
            "research_to_sale_ratio": 0.25,
            "price_fair": 12.46,
            "eps_avg_yearly": 0.36,
            "eps_latest_yearly": 0.28,
            "eps_growth_yearly": 84.93
        },
        "20133": {
            "year_quarter": 20133,
            "year": 2013,
            "quarter": 3,
            "eps": 0.06,
            "eps_growth_year": -16.46,
            "eps_4q": 0.13,
            "eps_4q_growth_year": 12.23,
            "roe": 0.47,
            "gross_profit": 243840,
            "gross_margin": 7.88,
            "net_income": 91780,
            "revenue": 3093251,
            "common_shares": 15250175,
            "equity": 19341757,
            "current_ratio": 176.09,
            "debt_ratio": 50.9,
            "inventory_turnover_ratio": 0.71,
            "account_receivable_turnover_ratio": 0.61,
            "reinvestment_rate": 321.92,
            "research_to_sale_ratio": 0.18,
            "price_fair": 12.74,
            "eps_avg_yearly": 0.36,
            "eps_latest_yearly": 0.24,
            "eps_growth_yearly": 308.93
        },
        "20134": {
            "year_quarter": 20134,
            "year": 2013,
            "quarter": 4,
            "eps": 0.1,
            "eps_growth_year": 52.32,
            "eps_4q": 0.17,
            "eps_4q_growth_year": -34.4,
            "roe": 0.8,
            "gross_profit": 254920,
            "gross_margin": 4.9,
            "net_income": 154913,
            "revenue": 5199024,
            "common_shares": 15250175,
            "equity": 19461711,
            "current_ratio": 177.31,
            "debt_ratio": 49.92,
            "inventory_turnover_ratio": 1.24,
            "account_receivable_turnover_ratio": 0.98,
            "reinvestment_rate": 126.25,
            "research_to_sale_ratio": 0.2,
            "price_fair": 12.85,
            "eps_avg_yearly": 0.37,
            "eps_latest_yearly": 0.4,
            "eps_growth_yearly": 305.09
        },
        "20141": {
            "year_quarter": 20141,
            "year": 2014,
            "quarter": 1,
            "eps": 0.02,
            "eps_growth_year": null,
            "eps_4q": 0.19,
            "eps_4q_growth_year": -17.72,
            "roe": 0.21,
            "gross_profit": 222985,
            "gross_margin": 7.33,
            "net_income": 41713,
            "revenue": 3043290,
            "common_shares": 15250175,
            "equity": 19547478,
            "current_ratio": 185.44,
            "debt_ratio": 49.7,
            "inventory_turnover_ratio": 0.71,
            "account_receivable_turnover_ratio": 0.58,
            "reinvestment_rate": 130.93,
            "research_to_sale_ratio": 0.17,
            "price_fair": 12.02,
            "eps_avg_yearly": 0.34,
            "eps_latest_yearly": 0.08,
            "eps_growth_yearly": 253
        },
        "20142": {
            "year_quarter": 20142,
            "year": 2014,
            "quarter": 2,
            "eps": 0.01,
            "eps_growth_year": 0,
            "eps_4q": 0.19,
            "eps_4q_growth_year": 25.23,
            "roe": 0.08,
            "gross_profit": 205488,
            "gross_margin": 6.42,
            "net_income": 14928,
            "revenue": 3200677,
            "common_shares": 15250175,
            "equity": 19277965,
            "current_ratio": 230.44,
            "debt_ratio": 50.55,
            "inventory_turnover_ratio": 0.69,
            "account_receivable_turnover_ratio": 0.63,
            "reinvestment_rate": 163.24,
            "research_to_sale_ratio": 0.24,
            "price_fair": 9.57,
            "eps_avg_yearly": 0.27,
            "eps_latest_yearly": 0.04,
            "eps_growth_yearly": 196.33
        },
        "20143": {
            "year_quarter": 20143,
            "year": 2014,
            "quarter": 3,
            "eps": 0.2,
            "eps_growth_year": 233.33,
            "eps_4q": 0.33,
            "eps_4q_growth_year": 149.05,
            "roe": 1.61,
            "gross_profit": 504815,
            "gross_margin": 10.4,
            "net_income": 311298,
            "revenue": 4854378,
            "common_shares": 15250175,
            "equity": 19468398,
            "current_ratio": 242.68,
            "debt_ratio": 49.1,
            "inventory_turnover_ratio": 0.86,
            "account_receivable_turnover_ratio": 0.99,
            "reinvestment_rate": 33.56,
            "research_to_sale_ratio": 0.14,
            "price_fair": 10.5,
            "eps_avg_yearly": 0.3,
            "eps_latest_yearly": 0.8,
            "eps_growth_yearly": 844.81
        },
        "20144": {
            "year_quarter": 20144,
            "year": 2014,
            "quarter": 4,
            "eps": 0.11,
            "eps_growth_year": 7.54,
            "eps_4q": 0.34,
            "eps_4q_growth_year": 102.63,
            "roe": 0.85,
            "gross_profit": 252471,
            "gross_margin": 9.02,
            "net_income": 166217,
            "revenue": 2800305,
            "common_shares": 15250175,
            "equity": 19853547,
            "current_ratio": 235.91,
            "debt_ratio": 47.9,
            "inventory_turnover_ratio": 0.45,
            "account_receivable_turnover_ratio": 0.7,
            "reinvestment_rate": 113.5,
            "research_to_sale_ratio": 0.36,
            "price_fair": 10.62,
            "eps_avg_yearly": 0.3,
            "eps_latest_yearly": 0.44,
            "eps_growth_yearly": 835.37
        },
        "20151": {
            "year_quarter": 20151,
            "year": 2015,
            "quarter": 1,
            "eps": 1.31,
            "eps_growth_year": 6450,
            "eps_4q": 1.63,
            "eps_4q_growth_year": 757.31,
            "roe": 9.63,
            "gross_profit": 2318167,
            "gross_margin": 44.73,
            "net_income": 2006603,
            "revenue": 5183142,
            "common_shares": 15250175,
            "equity": 21810119,
            "current_ratio": 238.89,
            "debt_ratio": 42.46,
            "inventory_turnover_ratio": 0.49,
            "account_receivable_turnover_ratio": 1.48,
            "reinvestment_rate": 49.21,
            "research_to_sale_ratio": 0.15,
            "price_fair": 24.5,
            "eps_avg_yearly": 0.7,
            "eps_latest_yearly": 5.24,
            "eps_growth_yearly": 1192.34
        },
        "20152": {
            "year_quarter": 20152,
            "year": 2015,
            "quarter": 2,
            "eps": 0.01,
            "eps_growth_year": 0,
            "eps_4q": 1.63,
            "eps_4q_growth_year": 773.12,
            "roe": 0.11,
            "gross_profit": 281811,
            "gross_margin": 9.22,
            "net_income": 23876,
            "revenue": 3057464,
            "common_shares": 15250175,
            "equity": 21450978,
            "current_ratio": 231.08,
            "debt_ratio": 44.17,
            "inventory_turnover_ratio": 0.45,
            "account_receivable_turnover_ratio": 0.84,
            "reinvestment_rate": 14.16,
            "research_to_sale_ratio": 0.3,
            "price_fair": 24.38,
            "eps_avg_yearly": 0.7,
            "eps_latest_yearly": 0.04,
            "eps_growth_yearly": 1187.04
        },
        "20153": {
            "year_quarter": 20153,
            "year": 2015,
            "quarter": 3,
            "eps": -0.41,
            "eps_growth_year": -305,
            "eps_4q": 1.02,
            "eps_4q_growth_year": 208.13,
            "roe": -2.92,
            "gross_profit": -374341,
            "gross_margin": -10.57,
            "net_income": -617579,
            "revenue": 3542320,
            "common_shares": 15308998,
            "equity": 20857902,
            "current_ratio": 222.08,
            "debt_ratio": 45.02,
            "inventory_turnover_ratio": 0.6,
            "account_receivable_turnover_ratio": 0.94,
            "reinvestment_rate": 2.83,
            "research_to_sale_ratio": 0.26,
            "price_fair": 26.09,
            "eps_avg_yearly": 0.75,
            "eps_latest_yearly": 0.04,
            "eps_growth_yearly": 1258.59
        },
        "20154": {
            "year_quarter": 20154,
            "year": 2015,
            "quarter": 4,
            "eps": -0.57,
            "eps_growth_year": -635.12,
            "eps_4q": 0.34,
            "eps_4q_growth_year": 0.86,
            "roe": -4.32,
            "gross_profit": -152740,
            "gross_margin": -3.92,
            "net_income": -879154,
            "revenue": 3898723,
            "common_shares": 15308998,
            "equity": 19859178,
            "current_ratio": 236.33,
            "debt_ratio": 46.37,
            "inventory_turnover_ratio": 0.61,
            "account_receivable_turnover_ratio": 1.02,
            "reinvestment_rate": -24.73,
            "research_to_sale_ratio": 0.2,
            "price_fair": 26.09,
            "eps_avg_yearly": 0.75,
            "eps_latest_yearly": 0.04,
            "eps_growth_yearly": 1258.59
        },
        "20161": {
            "year_quarter": 20161,
            "year": 2016,
            "quarter": 1,
            "eps": 0.03,
            "eps_growth_year": -97.71,
            "eps_4q": -0.94,
            "eps_4q_growth_year": -157.72,
            "roe": 0.21,
            "gross_profit": 226983,
            "gross_margin": 8.53,
            "net_income": 42215,
            "revenue": 2660811,
            "common_shares": 15308998,
            "equity": 19900703,
            "current_ratio": 226.89,
            "debt_ratio": 47.11,
            "inventory_turnover_ratio": 0.35,
            "account_receivable_turnover_ratio": 0.73,
            "reinvestment_rate": -93.86,
            "research_to_sale_ratio": 0.16,
            "price_fair": 26.09,
            "eps_avg_yearly": 0.75,
            "eps_latest_yearly": 0.04,
            "eps_growth_yearly": 1258.59
        },
        "20162": {
            "year_quarter": 20162,
            "year": 2016,
            "quarter": 2,
            "eps": -0.01,
            "eps_growth_year": -200,
            "eps_4q": -0.96,
            "eps_4q_growth_year": -158.78,
            "roe": -0.06,
            "gross_profit": 238688,
            "gross_margin": 9.76,
            "net_income": -11734,
            "revenue": 2445643,
            "common_shares": 15308998,
            "equity": 19454673,
            "current_ratio": 221.15,
            "debt_ratio": 48.23,
            "inventory_turnover_ratio": 0.31,
            "account_receivable_turnover_ratio": 0.7,
            "reinvestment_rate": -238.65,
            "research_to_sale_ratio": 0.23,
            "price_fair": 27.44,
            "eps_avg_yearly": 0.78,
            "eps_latest_yearly": 0.04,
            "eps_growth_yearly": 1304.45
        },
        "20163": {
            "year_quarter": 20163,
            "year": 2016,
            "quarter": 3,
            "eps": 0.11,
            "eps_growth_year": null,
            "eps_4q": -0.45,
            "eps_4q_growth_year": -143.73,
            "roe": 0.84,
            "gross_profit": 405028,
            "gross_margin": 15.5,
            "net_income": 164465,
            "revenue": 2612444,
            "common_shares": 15308998,
            "equity": 19591066,
            "current_ratio": 219.82,
            "debt_ratio": 48.08,
            "inventory_turnover_ratio": 0.3,
            "account_receivable_turnover_ratio": 0.78,
            "reinvestment_rate": -225.6,
            "research_to_sale_ratio": 0.19,
            "price_fair": 29.4,
            "eps_avg_yearly": 0.84,
            "eps_latest_yearly": 0.04,
            "eps_growth_yearly": 1459.26
        },
        "20164": {
            "year_quarter": 20164,
            "year": 2016,
            "quarter": 4,
            "eps": 0.05,
            "eps_growth_year": null,
            "eps_4q": 0.17,
            "eps_4q_growth_year": -48.91,
            "roe": 0.39,
            "gross_profit": 162228,
            "gross_margin": 9.09,
            "net_income": 76941,
            "revenue": 1785196,
            "common_shares": 15308998,
            "equity": 19789354,
            "current_ratio": 201.34,
            "debt_ratio": 49.48,
            "inventory_turnover_ratio": 0.22,
            "account_receivable_turnover_ratio": 0.6,
            "reinvestment_rate": -47.73,
            "research_to_sale_ratio": 0.43,
            "price_fair": 29.09,
            "eps_avg_yearly": 0.83,
            "eps_latest_yearly": 0.2,
            "eps_growth_yearly": 1435.02
        },
        "20171": {
            "year_quarter": 20171,
            "year": 2017,
            "quarter": 1,
            "eps": 0.02,
            "eps_growth_year": -33.33,
            "eps_4q": 0.17,
            "eps_4q_growth_year": null,
            "roe": 0.15,
            "gross_profit": 218855,
            "gross_margin": 9.4,
            "net_income": 29195,
            "revenue": 2329152,
            "common_shares": 15308998,
            "equity": 19801812,
            "current_ratio": 221.56,
            "debt_ratio": 47.86,
            "inventory_turnover_ratio": 0.29,
            "account_receivable_turnover_ratio": 0.82,
            "reinvestment_rate": -87.16,
            "research_to_sale_ratio": 0.15,
            "price_fair": 26.46,
            "eps_avg_yearly": 0.76,
            "eps_latest_yearly": 0.08,
            "eps_growth_yearly": 1267.52
        },
        "20172": {
            "year_quarter": 20172,
            "year": 2017,
            "quarter": 2,
            "eps": 0.08,
            "eps_growth_year": null,
            "eps_4q": 0.26,
            "eps_4q_growth_year": null,
            "roe": 0.65,
            "gross_profit": 306096,
            "gross_margin": 11.29,
            "net_income": 127825,
            "revenue": 2710687,
            "common_shares": 15308998,
            "equity": 19657279,
            "current_ratio": 216.21,
            "debt_ratio": 47.86,
            "inventory_turnover_ratio": 0.33,
            "account_receivable_turnover_ratio": 0.95,
            "reinvestment_rate": -94.32,
            "research_to_sale_ratio": 0.19,
            "price_fair": 25.07,
            "eps_avg_yearly": 0.72,
            "eps_latest_yearly": 0.32,
            "eps_growth_yearly": 1261.38
        },
        "20173": {
            "year_quarter": 20173,
            "year": 2017,
            "quarter": 3,
            "eps": 0.06,
            "eps_growth_year": -45.45,
            "eps_4q": 0.2,
            "eps_4q_growth_year": null,
            "roe": 0.45,
            "gross_profit": 261047,
            "gross_margin": 11.57,
            "net_income": 88783,
            "revenue": 2257123,
            "common_shares": 15308998,
            "equity": 19889460,
            "current_ratio": 214.63,
            "debt_ratio": 47.5,
            "inventory_turnover_ratio": 0.28,
            "account_receivable_turnover_ratio": 0.83,
            "reinvestment_rate": -86.88,
            "research_to_sale_ratio": 0.3,
            "price_fair": 25.07,
            "eps_avg_yearly": 0.72,
            "eps_latest_yearly": 0.24,
            "eps_growth_yearly": 1070.47
        },
        "20174": {
            "year_quarter": 20174,
            "year": 2017,
            "quarter": 4,
            "eps": 0.02,
            "eps_growth_year": -66.13,
            "eps_4q": 0.17,
            "eps_4q_growth_year": -1.16,
            "roe": 0.12,
            "gross_profit": 360713,
            "gross_margin": 14.51,
            "net_income": 24554,
            "revenue": 2485283,
            "common_shares": 15308998,
            "equity": 20026358,
            "current_ratio": 211.65,
            "debt_ratio": 47.34,
            "inventory_turnover_ratio": 0.3,
            "account_receivable_turnover_ratio": 0.93,
            "reinvestment_rate": -108.48,
            "research_to_sale_ratio": 0.39,
            "price_fair": 24.05,
            "eps_avg_yearly": 0.69,
            "eps_latest_yearly": 0.08,
            "eps_growth_yearly": 1021.99
        },
        "20181": {
            "year_quarter": 20181,
            "year": 2018,
            "quarter": 1,
            "eps": 0.17,
            "eps_growth_year": 750,
            "eps_4q": 0.32,
            "eps_4q_growth_year": 92.95,
            "roe": 1.25,
            "gross_profit": 213196,
            "gross_margin": 8.36,
            "net_income": 252108,
            "revenue": 2550438,
            "common_shares": 15308998,
            "equity": 20200897,
            "current_ratio": 209.46,
            "debt_ratio": 48.26,
            "inventory_turnover_ratio": 0.31,
            "account_receivable_turnover_ratio": 1.22,
            "reinvestment_rate": -154.34,
            "research_to_sale_ratio": 0.18,
            "price_fair": 25.96,
            "eps_avg_yearly": 0.74,
            "eps_latest_yearly": 0.68,
            "eps_growth_yearly": 1323.8
        },
        "20182": {
            "year_quarter": 20182,
            "year": 2018,
            "quarter": 2,
            "eps": 0.05,
            "eps_growth_year": -37.5,
            "eps_4q": 0.29,
            "eps_4q_growth_year": 13.59,
            "roe": 0.39,
            "gross_profit": 318372,
            "gross_margin": 11.9,
            "net_income": 79350,
            "revenue": 2676492,
            "common_shares": 15308998,
            "equity": 20054517,
            "current_ratio": 210.07,
            "debt_ratio": 49.63,
            "inventory_turnover_ratio": 0.3,
            "account_receivable_turnover_ratio": 1.58,
            "reinvestment_rate": -145.17,
            "research_to_sale_ratio": 0.2,
            "price_fair": 26.47,
            "eps_avg_yearly": 0.76,
            "eps_latest_yearly": 0.2,
            "eps_growth_yearly": 1316.32
        },
        "20183": {
            "year_quarter": 20183,
            "year": 2018,
            "quarter": 3,
            "eps": 0.02,
            "eps_growth_year": -66.67,
            "eps_4q": 0.26,
            "eps_4q_growth_year": 26.14,
            "roe": 0.18,
            "gross_profit": 234124,
            "gross_margin": 8.55,
            "net_income": 36562,
            "revenue": 2737956,
            "common_shares": 15308998,
            "equity": 20174485,
            "current_ratio": 210.78,
            "debt_ratio": 49.07,
            "inventory_turnover_ratio": 0.3,
            "account_receivable_turnover_ratio": 1.33,
            "reinvestment_rate": -81.67,
            "research_to_sale_ratio": 0.2,
            "price_fair": 24.18,
            "eps_avg_yearly": 0.69,
            "eps_latest_yearly": 0.08,
            "eps_growth_yearly": 603.59
        },
        "20184": {
            "year_quarter": 20184,
            "year": 2018,
            "quarter": 4,
            "eps": -0,
            "eps_growth_year": -125.94,
            "eps_4q": 0.24,
            "eps_4q_growth_year": 37.58,
            "roe": -0.06,
            "gross_profit": 288607,
            "gross_margin": 9.32,
            "net_income": -11585,
            "revenue": 3097535,
            "common_shares": 15308998,
            "equity": 19994319,
            "current_ratio": 215.32,
            "debt_ratio": 49.75,
            "inventory_turnover_ratio": 0.33,
            "account_receivable_turnover_ratio": 1.57,
            "reinvestment_rate": -175.21,
            "research_to_sale_ratio": 0.23,
            "price_fair": 25.06,
            "eps_avg_yearly": 0.72,
            "eps_latest_yearly": 0.08,
            "eps_growth_yearly": 681.95
        },
        "20191": {
            "year_quarter": 20191,
            "year": 2019,
            "quarter": 1,
            "eps": 0.09,
            "eps_growth_year": -47.06,
            "eps_4q": 0.16,
            "eps_4q_growth_year": -48.56,
            "roe": 0.7,
            "gross_profit": 400037,
            "gross_margin": 12.04,
            "net_income": 141095,
            "revenue": 3323810,
            "common_shares": 15308998,
            "equity": 20339745,
            "current_ratio": 256.15,
            "debt_ratio": 49.59,
            "inventory_turnover_ratio": 0.33,
            "account_receivable_turnover_ratio": 1.83,
            "reinvestment_rate": null,
            "research_to_sale_ratio": 0.12,
            "price_fair": 7.47,
            "eps_avg_yearly": 0.21,
            "eps_latest_yearly": 0.08,
            "eps_growth_yearly": 272.87
        },
        "20192": {
            "year_quarter": 20192,
            "year": 2019,
            "quarter": 2,
            "eps": 0.03,
            "eps_growth_year": -40,
            "eps_4q": 0.14,
            "eps_4q_growth_year": -50.81,
            "roe": 0.24,
            "gross_profit": 291690,
            "gross_margin": 10.68,
            "net_income": 48141,
            "revenue": 2732033,
            "common_shares": 15308998,
            "equity": 20107643,
            "current_ratio": 229.37,
            "debt_ratio": 52.37,
            "inventory_turnover_ratio": 0.22,
            "account_receivable_turnover_ratio": 1.45,
            "reinvestment_rate": null,
            "research_to_sale_ratio": 0.2,
            "price_fair": 7.78,
            "eps_avg_yearly": 0.22,
            "eps_latest_yearly": 0.12,
            "eps_growth_yearly": 287.35
        },
        "20193": {
            "year_quarter": 20193,
            "year": 2019,
            "quarter": 3,
            "eps": 0.01,
            "eps_growth_year": -50,
            "eps_4q": 0.13,
            "eps_4q_growth_year": -49.89,
            "roe": 0.09,
            "gross_profit": 243972,
            "gross_margin": 7.73,
            "net_income": 18421,
            "revenue": 3155470,
            "common_shares": 15308998,
            "equity": 19992152,
            "current_ratio": 221.33,
            "debt_ratio": 53.38,
            "inventory_turnover_ratio": 0.22,
            "account_receivable_turnover_ratio": 1.52,
            "reinvestment_rate": -1146.62,
            "research_to_sale_ratio": 0.13,
            "price_fair": 7.14,
            "eps_avg_yearly": 0.2,
            "eps_latest_yearly": 0.04,
            "eps_growth_yearly": 231.95
        },
        "20194": {
            "year_quarter": 20194,
            "year": 2019,
            "quarter": 4,
            "eps": 0.07,
            "eps_growth_year": null,
            "eps_4q": 0.2,
            "eps_4q_growth_year": -13.89,
            "roe": 0.5,
            "gross_profit": 273231,
            "gross_margin": 8.09,
            "net_income": 100187,
            "revenue": 3379440,
            "common_shares": 15308998,
            "equity": 20024558,
            "current_ratio": 213.6,
            "debt_ratio": 53.67,
            "inventory_turnover_ratio": 0.23,
            "account_receivable_turnover_ratio": 1.74,
            "reinvestment_rate": -188.8,
            "research_to_sale_ratio": 0.24,
            "price_fair": 7.38,
            "eps_avg_yearly": 0.21,
            "eps_latest_yearly": 0.28,
            "eps_growth_yearly": 429.04
        },
        "20201": {
            "year_quarter": 20201,
            "year": 2020,
            "quarter": 1,
            "eps": 0,
            "eps_growth_year": -100,
            "eps_4q": 0.11,
            "eps_4q_growth_year": -30.05,
            "roe": 0.01,
            "gross_profit": 233846,
            "gross_margin": 8.17,
            "net_income": 1021,
            "revenue": 2862868,
            "common_shares": 15308998,
            "equity": 19668822,
            "current_ratio": 211.05,
            "debt_ratio": 53.51,
            "inventory_turnover_ratio": 0.19,
            "account_receivable_turnover_ratio": 1.78,
            "reinvestment_rate": -202.88,
            "research_to_sale_ratio": 0.13,
            "price_fair": 7.38,
            "eps_avg_yearly": 0.21,
            "eps_latest_yearly": 0.28,
            "eps_growth_yearly": 429.04
        },
        "20202": {
            "year_quarter": 20202,
            "year": 2020,
            "quarter": 2,
            "eps": 0.18,
            "eps_growth_year": 500,
            "eps_4q": 0.26,
            "eps_4q_growth_year": 84.18,
            "roe": 1.37,
            "gross_profit": 194210,
            "gross_margin": 5.7,
            "net_income": 269253,
            "revenue": 3406135,
            "common_shares": 15308998,
            "equity": 19751211,
            "current_ratio": 200.09,
            "debt_ratio": 54.35,
            "inventory_turnover_ratio": 0.23,
            "account_receivable_turnover_ratio": 1.81,
            "reinvestment_rate": -176.92,
            "research_to_sale_ratio": 0.15,
            "price_fair": 7.38,
            "eps_avg_yearly": 0.21,
            "eps_latest_yearly": 0.28,
            "eps_growth_yearly": 429.04
        },
        "20203": {
            "year_quarter": 20203,
            "year": 2020,
            "quarter": 3,
            "eps": 0.08,
            "eps_growth_year": 700,
            "eps_4q": 0.34,
            "eps_4q_growth_year": 159.7,
            "roe": 0.64,
            "gross_profit": 291148,
            "gross_margin": 8.51,
            "net_income": 126345,
            "revenue": 3421397,
            "common_shares": 15308998,
            "equity": 19858639,
            "current_ratio": 200.87,
            "debt_ratio": 53.63,
            "inventory_turnover_ratio": 0.22,
            "account_receivable_turnover_ratio": 1.62,
            "reinvestment_rate": -183.43,
            "research_to_sale_ratio": 0.18,
            "price_fair": 7.7,
            "eps_avg_yearly": 0.22,
            "eps_latest_yearly": 0.32,
            "eps_growth_yearly": 374.77
        },
        "20204": {
            "year_quarter": 20204,
            "year": 2020,
            "quarter": 4,
            "eps": 0.14,
            "eps_growth_year": 96.78,
            "eps_4q": 0.4,
            "eps_4q_growth_year": 97.82,
            "roe": 1,
            "gross_profit": 226843,
            "gross_margin": 6,
            "net_income": 202228,
            "revenue": 3780562,
            "common_shares": 15308998,
            "equity": 20415542,
            "current_ratio": 208.02,
            "debt_ratio": 51.52,
            "inventory_turnover_ratio": 0.25,
            "account_receivable_turnover_ratio": 2.23,
            "reinvestment_rate": -173.16,
            "research_to_sale_ratio": 0.26,
            "price_fair": 8.75,
            "eps_avg_yearly": 0.25,
            "eps_latest_yearly": 0.56,
            "eps_growth_yearly": 417.95
        },
        "20211": {
            "year_quarter": 20211,
            "year": 2021,
            "quarter": 1,
            "eps": 0.06,
            "eps_growth_year": null,
            "eps_4q": 0.46,
            "eps_4q_growth_year": 298.89,
            "roe": 0.41,
            "gross_profit": 265460,
            "gross_margin": 6.91,
            "net_income": 84429,
            "revenue": 3842697,
            "common_shares": 15308998,
            "equity": 20442599,
            "current_ratio": 180.74,
            "debt_ratio": 50.78,
            "inventory_turnover_ratio": 0.24,
            "account_receivable_turnover_ratio": 2.37,
            "reinvestment_rate": -144.71,
            "research_to_sale_ratio": 0.12,
            "price_fair": 9.22,
            "eps_avg_yearly": 0.26,
            "eps_latest_yearly": 0.24,
            "eps_growth_yearly": 418.9
        },
        "20212": {
            "year_quarter": 20212,
            "year": 2021,
            "quarter": 2,
            "eps": 0.05,
            "eps_growth_year": -72.22,
            "eps_4q": 0.33,
            "eps_4q_growth_year": 23.97,
            "roe": 0.32,
            "gross_profit": 236150,
            "gross_margin": 6.08,
            "net_income": 66100,
            "revenue": 3884412,
            "common_shares": 15308998,
            "equity": 20688758,
            "current_ratio": 223.82,
            "debt_ratio": 52.68,
            "inventory_turnover_ratio": 0.24,
            "account_receivable_turnover_ratio": 1.72,
            "reinvestment_rate": -148.81,
            "research_to_sale_ratio": 0.17,
            "price_fair": 8.87,
            "eps_avg_yearly": 0.25,
            "eps_latest_yearly": 0.2,
            "eps_growth_yearly": 313.35
        },
        "20213": {
            "year_quarter": 20213,
            "year": 2021,
            "quarter": 3,
            "eps": 0.09,
            "eps_growth_year": 12.5,
            "eps_4q": 0.33,
            "eps_4q_growth_year": -1.04,
            "roe": 0.65,
            "gross_profit": 406554,
            "gross_margin": 8.68,
            "net_income": 134281,
            "revenue": 4683561,
            "common_shares": 15308998,
            "equity": 20369403,
            "current_ratio": 216.88,
            "debt_ratio": 54.46,
            "inventory_turnover_ratio": 0.28,
            "account_receivable_turnover_ratio": 1.68,
            "reinvestment_rate": -149.23,
            "research_to_sale_ratio": 0.12,
            "price_fair": 9.22,
            "eps_avg_yearly": 0.26,
            "eps_latest_yearly": 0.36,
            "eps_growth_yearly": 348.35
        },
        "20214": {
            "year_quarter": 20214,
            "year": 2021,
            "quarter": 4,
            "eps": 1.56,
            "eps_growth_year": 1015.91,
            "eps_4q": 1.75,
            "eps_4q_growth_year": 332.46,
            "roe": 10.98,
            "gross_profit": -568278,
            "gross_margin": -11.87,
            "net_income": 2377366,
            "revenue": 4786015,
            "common_shares": 15308998,
            "equity": 22928746,
            "current_ratio": 221.81,
            "debt_ratio": 52.32,
            "inventory_turnover_ratio": 0.35,
            "account_receivable_turnover_ratio": 1.8,
            "reinvestment_rate": -68.79,
            "research_to_sale_ratio": 0.22,
            "price_fair": 27.18,
            "eps_avg_yearly": 0.78,
            "eps_latest_yearly": 6.24,
            "eps_growth_yearly": 915.02
        },
        "20221": {
            "year_quarter": 20221,
            "year": 2022,
            "quarter": 1,
            "eps": 0.28,
            "eps_growth_year": 366.67,
            "eps_4q": 1.98,
            "eps_4q_growth_year": 330.75,
            "roe": 1.86,
            "gross_profit": 255667,
            "gross_margin": 6.94,
            "net_income": 431953,
            "revenue": 3681931,
            "common_shares": 15308998,
            "equity": 23526033,
            "current_ratio": 232.93,
            "debt_ratio": 50.44,
            "inventory_turnover_ratio": 0.22,
            "account_receivable_turnover_ratio": 1.37,
            "reinvestment_rate": -38.61,
            "research_to_sale_ratio": 0.13,
            "price_fair": 28.47,
            "eps_avg_yearly": 0.81,
            "eps_latest_yearly": 1.12,
            "eps_growth_yearly": 637.67
        },
        "20222": {
            "year_quarter": 20222,
            "year": 2022,
            "quarter": 2,
            "eps": 0.04,
            "eps_growth_year": -20,
            "eps_4q": 1.96,
            "eps_4q_growth_year": 503.09,
            "roe": 0.22,
            "gross_profit": 221208,
            "gross_margin": 7.81,
            "net_income": 50422,
            "revenue": 2830689,
            "common_shares": 15308998,
            "equity": 22132442,
            "current_ratio": 215.13,
            "debt_ratio": 53.52,
            "inventory_turnover_ratio": 0.17,
            "account_receivable_turnover_ratio": 0.98,
            "reinvestment_rate": -40.02,
            "research_to_sale_ratio": 0.29,
            "price_fair": 28.35,
            "eps_avg_yearly": 0.81,
            "eps_latest_yearly": 0.16,
            "eps_growth_yearly": 632.62
        },
        "20223": {
            "year_quarter": 20223,
            "year": 2022,
            "quarter": 3,
            "eps": 0.07,
            "eps_growth_year": -22.22,
            "eps_4q": 1.94,
            "eps_4q_growth_year": 484,
            "roe": 0.44,
            "gross_profit": 280310,
            "gross_margin": 6.88,
            "net_income": 97456,
            "revenue": 4073727,
            "common_shares": 15308998,
            "equity": 22403229,
            "current_ratio": 227.94,
            "debt_ratio": 52.18,
            "inventory_turnover_ratio": 0.23,
            "account_receivable_turnover_ratio": 1.31,
            "reinvestment_rate": -36.29,
            "research_to_sale_ratio": 0.16,
            "price_fair": 28.93,
            "eps_avg_yearly": 0.83,
            "eps_latest_yearly": 0.28,
            "eps_growth_yearly": 677.62
        },
        "20224": {
            "year_quarter": 20224,
            "year": 2022,
            "quarter": 4,
            "eps": 0.15,
            "eps_growth_year": -90.24,
            "eps_4q": 0.54,
            "eps_4q_growth_year": -69.32,
            "roe": 1,
            "gross_profit": 620637,
            "gross_margin": 13.77,
            "net_income": 225325,
            "revenue": 4507025,
            "common_shares": 15308998,
            "equity": 22676224,
            "current_ratio": 249.04,
            "debt_ratio": 49.76,
            "inventory_turnover_ratio": 0.23,
            "account_receivable_turnover_ratio": 1.48,
            "reinvestment_rate": -34.68,
            "research_to_sale_ratio": 0.25,
            "price_fair": 28.32,
            "eps_avg_yearly": 0.81,
            "eps_latest_yearly": 0.6,
            "eps_growth_yearly": 660.66
        },
        "20231": {
            "year_quarter": 20231,
            "year": 2023,
            "quarter": 1,
            "eps": 0.07,
            "eps_growth_year": -75,
            "eps_4q": 0.32,
            "eps_4q_growth_year": -83.75,
            "roe": 0.45,
            "gross_profit": 275618,
            "gross_margin": 6.92,
            "net_income": 102612,
            "revenue": 3980050,
            "common_shares": 15308998,
            "equity": 22764504,
            "current_ratio": 234.74,
            "debt_ratio": 51.8,
            "inventory_turnover_ratio": 0.21,
            "account_receivable_turnover_ratio": 1.2,
            "reinvestment_rate": -29.8,
            "research_to_sale_ratio": 0.13,
            "price_fair": 27,
            "eps_avg_yearly": 0.77,
            "eps_latest_yearly": 0.28,
            "eps_growth_yearly": 598.23
        }
    },
    "months": {
        "2001-06": {
            "month": "2001-06",
            "price": "2.86",
            "revenue": 1008737
        },
        "2001-07": {
            "month": "2001-07",
            "price": "2.21",
            "revenue": 947519
        },
        "2001-08": {
            "month": "2001-08",
            "price": "2.39",
            "revenue": 938474
        },
        "2001-09": {
            "month": "2001-09",
            "price": "2.21",
            "revenue": 820032
        },
        "2001-10": {
            "month": "2001-10",
            "price": "2.06",
            "revenue": 741066
        },
        "2001-11": {
            "month": "2001-11",
            "price": "2.17",
            "revenue": 893886
        },
        "2001-12": {
            "month": "2001-12",
            "price": "2.57",
            "revenue": 690869
        },
        "2002-01": {
            "month": "2002-01",
            "price": "2.77",
            "revenue": 806671
        },
        "2002-02": {
            "month": "2002-02",
            "price": "2.75",
            "revenue": 680464
        },
        "2002-03": {
            "month": "2002-03",
            "price": "3.10",
            "revenue": 1105166
        },
        "2002-04": {
            "month": "2002-04",
            "price": "4.60",
            "revenue": 962473
        },
        "2002-05": {
            "month": "2002-05",
            "price": "4.25",
            "revenue": 839280
        },
        "2002-06": {
            "month": "2002-06",
            "price": "4.05",
            "revenue": 881641
        },
        "2002-07": {
            "month": "2002-07",
            "price": "3.82",
            "revenue": 839659
        },
        "2002-08": {
            "month": "2002-08",
            "price": "3.25",
            "revenue": 817983
        },
        "2002-09": {
            "month": "2002-09",
            "price": "2.49",
            "revenue": 955406
        },
        "2002-10": {
            "month": "2002-10",
            "price": "2.34",
            "revenue": 717304
        },
        "2002-11": {
            "month": "2002-11",
            "price": "2.80",
            "revenue": 821024
        },
        "2002-12": {
            "month": "2002-12",
            "price": "3.24",
            "revenue": 934151
        },
        "2003-01": {
            "month": "2003-01",
            "price": "4.97",
            "revenue": 798137
        },
        "2003-02": {
            "month": "2003-02",
            "price": "5.27",
            "revenue": 622983
        },
        "2003-03": {
            "month": "2003-03",
            "price": "4.44",
            "revenue": 739461
        },
        "2003-04": {
            "month": "2003-04",
            "price": "3.91",
            "revenue": 894459
        },
        "2003-05": {
            "month": "2003-05",
            "price": "3.06",
            "revenue": 917765
        },
        "2003-06": {
            "month": "2003-06",
            "price": "3.96",
            "revenue": 931565
        },
        "2003-07": {
            "month": "2003-07",
            "price": "4.80",
            "revenue": 893754
        },
        "2003-08": {
            "month": "2003-08",
            "price": "4.53",
            "revenue": 1074717
        },
        "2003-09": {
            "month": "2003-09",
            "price": "4.43",
            "revenue": 834396
        },
        "2003-10": {
            "month": "2003-10",
            "price": "4.73",
            "revenue": 817392
        },
        "2003-11": {
            "month": "2003-11",
            "price": "5.11",
            "revenue": 925023
        },
        "2003-12": {
            "month": "2003-12",
            "price": "5.08",
            "revenue": 1166993
        },
        "2004-01": {
            "month": "2004-01",
            "price": "5.70",
            "revenue": 811114
        },
        "2004-02": {
            "month": "2004-02",
            "price": "7.70",
            "revenue": 797122
        },
        "2004-03": {
            "month": "2004-03",
            "price": "7.64",
            "revenue": 847456
        },
        "2004-04": {
            "month": "2004-04",
            "price": "7.02",
            "revenue": 831960
        },
        "2004-05": {
            "month": "2004-05",
            "price": "6.34",
            "revenue": 883192
        },
        "2004-06": {
            "month": "2004-06",
            "price": "6.14",
            "revenue": 878069
        },
        "2004-07": {
            "month": "2004-07",
            "price": "5.57",
            "revenue": 888108
        },
        "2004-08": {
            "month": "2004-08",
            "price": "4.51",
            "revenue": 843672
        },
        "2004-09": {
            "month": "2004-09",
            "price": "5.19",
            "revenue": 916859
        },
        "2004-10": {
            "month": "2004-10",
            "price": "5.36",
            "revenue": 950214
        },
        "2004-11": {
            "month": "2004-11",
            "price": "5.50",
            "revenue": 1077808
        },
        "2004-12": {
            "month": "2004-12",
            "price": "6.10",
            "revenue": 1127286
        },
        "2005-01": {
            "month": "2005-01",
            "price": "6.38",
            "revenue": 1215247
        },
        "2005-02": {
            "month": "2005-02",
            "price": "6.13",
            "revenue": 658814
        },
        "2005-03": {
            "month": "2005-03",
            "price": "5.67",
            "revenue": 952674
        },
        "2005-04": {
            "month": "2005-04",
            "price": "4.71",
            "revenue": 1371640
        },
        "2005-05": {
            "month": "2005-05",
            "price": "4.70",
            "revenue": 1174871
        },
        "2005-06": {
            "month": "2005-06",
            "price": "4.98",
            "revenue": 1271284
        },
        "2005-07": {
            "month": "2005-07",
            "price": "4.79",
            "revenue": 949309
        },
        "2005-08": {
            "month": "2005-08",
            "price": "4.52",
            "revenue": 1037882
        },
        "2005-09": {
            "month": "2005-09",
            "price": "4.40",
            "revenue": 1104402
        },
        "2005-10": {
            "month": "2005-10",
            "price": "4.21",
            "revenue": 1132893
        },
        "2005-11": {
            "month": "2005-11",
            "price": "4.17",
            "revenue": 989891
        },
        "2005-12": {
            "month": "2005-12",
            "price": "4.40",
            "revenue": 1651192
        },
        "2006-01": {
            "month": "2006-01",
            "price": "4.26",
            "revenue": 798513
        },
        "2006-02": {
            "month": "2006-02",
            "price": "4.06",
            "revenue": 840121
        },
        "2006-03": {
            "month": "2006-03",
            "price": "3.69",
            "revenue": 1101047
        },
        "2006-04": {
            "month": "2006-04",
            "price": "3.95",
            "revenue": 1012806
        },
        "2006-05": {
            "month": "2006-05",
            "price": "4.82",
            "revenue": 1119610
        },
        "2006-06": {
            "month": "2006-06",
            "price": "4.27",
            "revenue": 953002
        },
        "2006-07": {
            "month": "2006-07",
            "price": "4.47",
            "revenue": 880061
        },
        "2006-08": {
            "month": "2006-08",
            "price": "4.23",
            "revenue": 931856
        },
        "2006-09": {
            "month": "2006-09",
            "price": "4.04",
            "revenue": 1142709
        },
        "2006-10": {
            "month": "2006-10",
            "price": "4.62",
            "revenue": 1007991
        },
        "2006-11": {
            "month": "2006-11",
            "price": "6.31",
            "revenue": 1513232
        },
        "2006-12": {
            "month": "2006-12",
            "price": "8.12",
            "revenue": 1254387
        },
        "2007-01": {
            "month": "2007-01",
            "price": "7.11",
            "revenue": 1040014
        },
        "2007-02": {
            "month": "2007-02",
            "price": "7.17",
            "revenue": 903533
        },
        "2007-03": {
            "month": "2007-03",
            "price": "7.02",
            "revenue": 949464
        },
        "2007-04": {
            "month": "2007-04",
            "price": "7.14",
            "revenue": 1038712
        },
        "2007-05": {
            "month": "2007-05",
            "price": "6.69",
            "revenue": 1370453
        },
        "2007-06": {
            "month": "2007-06",
            "price": "6.95",
            "revenue": 669668
        },
        "2007-07": {
            "month": "2007-07",
            "price": "9.32",
            "revenue": 843317
        },
        "2007-08": {
            "month": "2007-08",
            "price": "10.57",
            "revenue": 912399
        },
        "2007-09": {
            "month": "2007-09",
            "price": "10.00",
            "revenue": 844492
        },
        "2007-10": {
            "month": "2007-10",
            "price": "9.33",
            "revenue": 973466
        },
        "2007-11": {
            "month": "2007-11",
            "price": "8.47",
            "revenue": 1054540
        },
        "2007-12": {
            "month": "2007-12",
            "price": "7.73",
            "revenue": 1072328
        },
        "2008-01": {
            "month": "2008-01",
            "price": "8.03",
            "revenue": 1066251
        },
        "2008-02": {
            "month": "2008-02",
            "price": "8.59",
            "revenue": 813991
        },
        "2008-03": {
            "month": "2008-03",
            "price": "10.05",
            "revenue": 830297
        },
        "2008-04": {
            "month": "2008-04",
            "price": "10.94",
            "revenue": 1196022
        },
        "2008-05": {
            "month": "2008-05",
            "price": "10.72",
            "revenue": 1085422
        },
        "2008-06": {
            "month": "2008-06",
            "price": "9.41",
            "revenue": 1322193
        },
        "2008-07": {
            "month": "2008-07",
            "price": "7.83",
            "revenue": 1044003
        },
        "2008-08": {
            "month": "2008-08",
            "price": "7.44",
            "revenue": 1057751
        },
        "2008-09": {
            "month": "2008-09",
            "price": "6.14",
            "revenue": 983832
        },
        "2008-10": {
            "month": "2008-10",
            "price": "5.66",
            "revenue": 955596
        },
        "2008-11": {
            "month": "2008-11",
            "price": "5.67",
            "revenue": 1137944
        },
        "2008-12": {
            "month": "2008-12",
            "price": "6.31",
            "revenue": 1654114
        },
        "2009-01": {
            "month": "2009-01",
            "price": "6.25",
            "revenue": 871575
        },
        "2009-02": {
            "month": "2009-02",
            "price": "6.15",
            "revenue": 823043
        },
        "2009-03": {
            "month": "2009-03",
            "price": "6.36",
            "revenue": 1019906
        },
        "2009-04": {
            "month": "2009-04",
            "price": "8.08",
            "revenue": 1082811
        },
        "2009-05": {
            "month": "2009-05",
            "price": "8.72",
            "revenue": 886016
        },
        "2009-06": {
            "month": "2009-06",
            "price": "8.55",
            "revenue": 1971988
        },
        "2009-07": {
            "month": "2009-07",
            "price": "8.62",
            "revenue": 1227037
        },
        "2009-08": {
            "month": "2009-08",
            "price": "9.00",
            "revenue": 824297
        },
        "2009-09": {
            "month": "2009-09",
            "price": "9.22",
            "revenue": 733116
        },
        "2009-10": {
            "month": "2009-10",
            "price": "9.23",
            "revenue": 925161
        },
        "2009-11": {
            "month": "2009-11",
            "price": "8.92",
            "revenue": 933797
        },
        "2009-12": {
            "month": "2009-12",
            "price": "8.65",
            "revenue": 1187305
        },
        "2010-01": {
            "month": "2010-01",
            "price": "8.64",
            "revenue": 1221715
        },
        "2010-02": {
            "month": "2010-02",
            "price": "7.50",
            "revenue": 1010346
        },
        "2010-03": {
            "month": "2010-03",
            "price": "7.72",
            "revenue": 1186785
        },
        "2010-04": {
            "month": "2010-04",
            "price": "7.81",
            "revenue": 1219188
        },
        "2010-05": {
            "month": "2010-05",
            "price": "7.17",
            "revenue": 1201625
        },
        "2010-06": {
            "month": "2010-06",
            "price": "7.37",
            "revenue": 1341078
        },
        "2010-07": {
            "month": "2010-07",
            "price": "7.38",
            "revenue": 1127305
        },
        "2010-08": {
            "month": "2010-08",
            "price": "7.68",
            "revenue": 1067218
        },
        "2010-09": {
            "month": "2010-09",
            "price": "7.73",
            "revenue": 1136468
        },
        "2010-10": {
            "month": "2010-10",
            "price": "7.99",
            "revenue": 1190422
        },
        "2010-11": {
            "month": "2010-11",
            "price": "8.84",
            "revenue": 1274293
        },
        "2010-12": {
            "month": "2010-12",
            "price": "9.23",
            "revenue": 1362913
        },
        "2011-01": {
            "month": "2011-01",
            "price": "10.98",
            "revenue": 1125147
        },
        "2011-02": {
            "month": "2011-02",
            "price": "10.19",
            "revenue": 963023
        },
        "2011-03": {
            "month": "2011-03",
            "price": "8.84",
            "revenue": 1168974
        },
        "2011-04": {
            "month": "2011-04",
            "price": "9.37",
            "revenue": 1080184
        },
        "2011-05": {
            "month": "2011-05",
            "price": "9.95",
            "revenue": 1013785
        },
        "2011-06": {
            "month": "2011-06",
            "price": "9.56",
            "revenue": 1130849
        },
        "2011-07": {
            "month": "2011-07",
            "price": "9.68",
            "revenue": 1017653
        },
        "2011-08": {
            "month": "2011-08",
            "price": "9.04",
            "revenue": 925200
        },
        "2011-09": {
            "month": "2011-09",
            "price": "7.92",
            "revenue": 950805
        },
        "2011-10": {
            "month": "2011-10",
            "price": "7.95",
            "revenue": 1161587
        },
        "2011-11": {
            "month": "2011-11",
            "price": "8.54",
            "revenue": 826962
        },
        "2011-12": {
            "month": "2011-12",
            "price": "7.98",
            "revenue": 1010028
        },
        "2012-01": {
            "month": "2012-01",
            "price": "7.80",
            "revenue": 735300
        },
        "2012-02": {
            "month": "2012-02",
            "price": "8.61",
            "revenue": 850366
        },
        "2012-03": {
            "month": "2012-03",
            "price": "8.71",
            "revenue": 1254188
        },
        "2012-04": {
            "month": "2012-04",
            "price": "7.89",
            "revenue": 971980
        },
        "2012-05": {
            "month": "2012-05",
            "price": "7.17",
            "revenue": 995921
        },
        "2012-06": {
            "month": "2012-06",
            "price": "6.86",
            "revenue": 982661
        },
        "2012-07": {
            "month": "2012-07",
            "price": "6.80",
            "revenue": 1064299
        },
        "2012-08": {
            "month": "2012-08",
            "price": "6.95",
            "revenue": 755074
        },
        "2012-09": {
            "month": "2012-09",
            "price": "7.62",
            "revenue": 762214
        },
        "2012-10": {
            "month": "2012-10",
            "price": "7.84",
            "revenue": 818680
        },
        "2012-11": {
            "month": "2012-11",
            "price": "7.28",
            "revenue": 1015575
        },
        "2012-12": {
            "month": "2012-12",
            "price": "7.74",
            "revenue": 964633
        },
        "2013-01": {
            "month": "2013-01",
            "price": "8.26",
            "revenue": 1320603
        },
        "2013-02": {
            "month": "2013-02",
            "price": "8.61",
            "revenue": 991556
        },
        "2013-03": {
            "month": "2013-03",
            "price": "8.90",
            "revenue": 1050236
        },
        "2013-04": {
            "month": "2013-04",
            "price": "8.36",
            "revenue": 925795
        },
        "2013-05": {
            "month": "2013-05",
            "price": "8.54",
            "revenue": 892143
        },
        "2013-06": {
            "month": "2013-06",
            "price": "8.31",
            "revenue": 820600
        },
        "2013-07": {
            "month": "2013-07",
            "price": "8.17",
            "revenue": 1116385
        },
        "2013-08": {
            "month": "2013-08",
            "price": "8.26",
            "revenue": 1017721
        },
        "2013-09": {
            "month": "2013-09",
            "price": "8.45",
            "revenue": 949159
        },
        "2013-10": {
            "month": "2013-10",
            "price": "9.02",
            "revenue": 1100768
        },
        "2013-11": {
            "month": "2013-11",
            "price": "8.98",
            "revenue": 1090367
        },
        "2013-12": {
            "month": "2013-12",
            "price": "9.02",
            "revenue": 3005469
        },
        "2014-01": {
            "month": "2014-01",
            "price": "8.73",
            "revenue": 1119692
        },
        "2014-02": {
            "month": "2014-02",
            "price": "8.54",
            "revenue": 856685
        },
        "2014-03": {
            "month": "2014-03",
            "price": "8.27",
            "revenue": 1094830
        },
        "2014-04": {
            "month": "2014-04",
            "price": "8.29",
            "revenue": 1073086
        },
        "2014-05": {
            "month": "2014-05",
            "price": "7.91",
            "revenue": 1094054
        },
        "2014-06": {
            "month": "2014-06",
            "price": "8.05",
            "revenue": 998248
        },
        "2014-07": {
            "month": "2014-07",
            "price": "8.10",
            "revenue": 1028186
        },
        "2014-08": {
            "month": "2014-08",
            "price": "7.93",
            "revenue": 876460
        },
        "2014-09": {
            "month": "2014-09",
            "price": "7.91",
            "revenue": 2942634
        },
        "2014-10": {
            "month": "2014-10",
            "price": "7.36",
            "revenue": 767466
        },
        "2014-11": {
            "month": "2014-11",
            "price": "7.83",
            "revenue": 889890
        },
        "2014-12": {
            "month": "2014-12",
            "price": "7.86",
            "revenue": 1168508
        },
        "2015-01": {
            "month": "2015-01",
            "price": "7.76",
            "revenue": 3457021
        },
        "2015-02": {
            "month": "2015-02",
            "price": "7.55",
            "revenue": 845643
        },
        "2015-03": {
            "month": "2015-03",
            "price": "7.64",
            "revenue": 931188
        },
        "2015-04": {
            "month": "2015-04",
            "price": "7.44",
            "revenue": 1046091
        },
        "2015-05": {
            "month": "2015-05",
            "price": "7.60",
            "revenue": 884778
        },
        "2015-06": {
            "month": "2015-06",
            "price": "8.00",
            "revenue": 1081560
        },
        "2015-07": {
            "month": "2015-07",
            "price": "8.45",
            "revenue": 1120756
        },
        "2015-08": {
            "month": "2015-08",
            "price": "8.30",
            "revenue": 938112
        },
        "2015-09": {
            "month": "2015-09",
            "price": "7.68",
            "revenue": 1487710
        },
        "2015-10": {
            "month": "2015-10",
            "price": "7.90",
            "revenue": 1448956
        },
        "2015-11": {
            "month": "2015-11",
            "price": "7.40",
            "revenue": 1335236
        },
        "2015-12": {
            "month": "2015-12",
            "price": "6.96",
            "revenue": 1070746
        },
        "2016-01": {
            "month": "2016-01",
            "price": "6.30",
            "revenue": 1068475
        },
        "2016-02": {
            "month": "2016-02",
            "price": "6.17",
            "revenue": 679358
        },
        "2016-03": {
            "month": "2016-03",
            "price": "6.50",
            "revenue": 912978
        },
        "2016-04": {
            "month": "2016-04",
            "price": "6.10",
            "revenue": 794080
        },
        "2016-05": {
            "month": "2016-05",
            "price": "5.52",
            "revenue": 867433
        },
        "2016-06": {
            "month": "2016-06",
            "price": "5.38",
            "revenue": 783923
        },
        "2016-07": {
            "month": "2016-07",
            "price": "5.41",
            "revenue": 682772
        },
        "2016-08": {
            "month": "2016-08",
            "price": "5.44",
            "revenue": 940052
        },
        "2016-09": {
            "month": "2016-09",
            "price": "5.37",
            "revenue": 989827
        },
        "2016-10": {
            "month": "2016-10",
            "price": "5.42",
            "revenue": 547210
        },
        "2016-11": {
            "month": "2016-11",
            "price": "5.72",
            "revenue": 598457
        },
        "2016-12": {
            "month": "2016-12",
            "price": "6.21",
            "revenue": 639530
        },
        "2017-01": {
            "month": "2017-01",
            "price": "6.15",
            "revenue": 805843
        },
        "2017-02": {
            "month": "2017-02",
            "price": "6.79",
            "revenue": 611704
        },
        "2017-03": {
            "month": "2017-03",
            "price": "6.71",
            "revenue": 911604
        },
        "2017-04": {
            "month": "2017-04",
            "price": "6.36",
            "revenue": 894322
        },
        "2017-05": {
            "month": "2017-05",
            "price": "6.13",
            "revenue": 775353
        },
        "2017-06": {
            "month": "2017-06",
            "price": "6.28",
            "revenue": 1041012
        },
        "2017-07": {
            "month": "2017-07",
            "price": "6.46",
            "revenue": 649165
        },
        "2017-08": {
            "month": "2017-08",
            "price": "6.36",
            "revenue": 824734
        },
        "2017-09": {
            "month": "2017-09",
            "price": "6.63",
            "revenue": 783223
        },
        "2017-10": {
            "month": "2017-10",
            "price": "6.96",
            "revenue": 775234
        },
        "2017-11": {
            "month": "2017-11",
            "price": "7.08",
            "revenue": 758880
        },
        "2017-12": {
            "month": "2017-12",
            "price": "8.07",
            "revenue": 951169
        },
        "2018-01": {
            "month": "2018-01",
            "price": "8.02",
            "revenue": 921596
        },
        "2018-02": {
            "month": "2018-02",
            "price": "7.47",
            "revenue": 841670
        },
        "2018-03": {
            "month": "2018-03",
            "price": "7.65",
            "revenue": 787172
        },
        "2018-04": {
            "month": "2018-04",
            "price": "7.72",
            "revenue": 940232
        },
        "2018-05": {
            "month": "2018-05",
            "price": "7.87",
            "revenue": 892019
        },
        "2018-06": {
            "month": "2018-06",
            "price": "8.43",
            "revenue": 844242
        },
        "2018-07": {
            "month": "2018-07",
            "price": "8.09",
            "revenue": 914718
        },
        "2018-08": {
            "month": "2018-08",
            "price": "8.10",
            "revenue": 848964
        },
        "2018-09": {
            "month": "2018-09",
            "price": "8.24",
            "revenue": 974273
        },
        "2018-10": {
            "month": "2018-10",
            "price": "7.59",
            "revenue": 872816
        },
        "2018-11": {
            "month": "2018-11",
            "price": "7.26",
            "revenue": 1044821
        },
        "2018-12": {
            "month": "2018-12",
            "price": "7.58",
            "revenue": 1179795
        },
        "2019-01": {
            "month": "2019-01",
            "price": "7.20",
            "revenue": 1200413
        },
        "2019-02": {
            "month": "2019-02",
            "price": "7.59",
            "revenue": 1001094
        },
        "2019-03": {
            "month": "2019-03",
            "price": "7.99",
            "revenue": 1122303
        },
        "2019-04": {
            "month": "2019-04",
            "price": "7.78",
            "revenue": 1033423
        },
        "2019-05": {
            "month": "2019-05",
            "price": "8.10",
            "revenue": 857637
        },
        "2019-06": {
            "month": "2019-06",
            "price": "8.01",
            "revenue": 840973
        },
        "2019-07": {
            "month": "2019-07",
            "price": "7.75",
            "revenue": 979665
        },
        "2019-08": {
            "month": "2019-08",
            "price": "7.44",
            "revenue": 957627
        },
        "2019-09": {
            "month": "2019-09",
            "price": "7.84",
            "revenue": 1218177
        },
        "2019-10": {
            "month": "2019-10",
            "price": "8.06",
            "revenue": 946961
        },
        "2019-11": {
            "month": "2019-11",
            "price": "7.91",
            "revenue": 1225797
        },
        "2019-12": {
            "month": "2019-12",
            "price": "7.84",
            "revenue": 1206682
        },
        "2020-01": {
            "month": "2020-01",
            "price": "7.63",
            "revenue": 1005286
        },
        "2020-02": {
            "month": "2020-02",
            "price": "7.24",
            "revenue": 865204
        },
        "2020-03": {
            "month": "2020-03",
            "price": "6.17",
            "revenue": 992378
        },
        "2020-04": {
            "month": "2020-04",
            "price": "6.61",
            "revenue": 1104846
        },
        "2020-05": {
            "month": "2020-05",
            "price": "6.84",
            "revenue": 1114376
        },
        "2020-06": {
            "month": "2020-06",
            "price": "7.03",
            "revenue": 1186912
        },
        "2020-07": {
            "month": "2020-07",
            "price": "7.33",
            "revenue": 1058133
        },
        "2020-08": {
            "month": "2020-08",
            "price": "7.93",
            "revenue": 1128265
        },
        "2020-09": {
            "month": "2020-09",
            "price": "8.06",
            "revenue": 1235000
        },
        "2020-10": {
            "month": "2020-10",
            "price": "7.52",
            "revenue": 1194677
        },
        "2020-11": {
            "month": "2020-11",
            "price": "7.72",
            "revenue": 1430076
        },
        "2020-12": {
            "month": "2020-12",
            "price": "9.40",
            "revenue": 1155809
        },
        "2021-01": {
            "month": "2021-01",
            "price": "9.24",
            "revenue": 1494291
        },
        "2021-02": {
            "month": "2021-02",
            "price": "8.84",
            "revenue": 1116335
        },
        "2021-03": {
            "month": "2021-03",
            "price": "8.94",
            "revenue": 1232070
        },
        "2021-04": {
            "month": "2021-04",
            "price": "9.81",
            "revenue": 1331837
        },
        "2021-05": {
            "month": "2021-05",
            "price": "9.32",
            "revenue": 1328492
        },
        "2021-06": {
            "month": "2021-06",
            "price": "9.05",
            "revenue": 1224084
        },
        "2021-07": {
            "month": "2021-07",
            "price": "8.88",
            "revenue": 1232352
        },
        "2021-08": {
            "month": "2021-08",
            "price": "8.71",
            "revenue": 1411598
        },
        "2021-09": {
            "month": "2021-09",
            "price": "8.84",
            "revenue": 2039610
        },
        "2021-10": {
            "month": "2021-10",
            "price": "8.63",
            "revenue": 1731913
        },
        "2021-11": {
            "month": "2021-11",
            "price": "9.01",
            "revenue": 1659889
        },
        "2021-12": {
            "month": "2021-12",
            "price": "8.86",
            "revenue": 1394214
        },
        "2022-01": {
            "month": "2022-01",
            "price": "8.99",
            "revenue": 1405606
        },
        "2022-02": {
            "month": "2022-02",
            "price": "9.01",
            "revenue": 1193659
        },
        "2022-03": {
            "month": "2022-03",
            "price": "9.33",
            "revenue": 1082665
        },
        "2022-04": {
            "month": "2022-04",
            "price": "9.86",
            "revenue": 942486
        },
        "2022-05": {
            "month": "2022-05",
            "price": "9.18",
            "revenue": 885618
        },
        "2022-06": {
            "month": "2022-06",
            "price": "8.93",
            "revenue": 1002585
        },
        "2022-07": {
            "month": "2022-07",
            "price": "8.64",
            "revenue": 1219088
        },
        "2022-08": {
            "month": "2022-08",
            "price": "9.13",
            "revenue": 1397356
        },
        "2022-09": {
            "month": "2022-09",
            "price": "8.81",
            "revenue": 1457283
        },
        "2022-10": {
            "month": "2022-10",
            "price": "7.86",
            "revenue": 1350210
        },
        "2022-11": {
            "month": "2022-11",
            "price": "8.15",
            "revenue": 1488469
        },
        "2022-12": {
            "month": "2022-12",
            "price": "8.31",
            "revenue": 1668347
        },
        "2023-01": {
            "month": "2023-01",
            "price": "8.23",
            "revenue": 1028690
        },
        "2023-02": {
            "month": "2023-02",
            "price": "8.63",
            "revenue": 1538358
        },
        "2023-03": {
            "month": "2023-03",
            "price": "9.00",
            "revenue": 1413002
        },
        "2023-04": {
            "month": "2023-04",
            "price": "10.27",
            "revenue": 1355623
        }
    }
}
