{
    "summary": {
        "stock_name": "新建",
        "stock_id": "2516",
        "category": "建材營造",
        "main_business": "土木工程：承辦各種道路.橋樑.隧道.運河等土木工程<br>建築工程：承辦各種辦公大樓.住宅.學校.廠房.醫院.運動館等工程<br>工廠工程：核能電廠及各種工廠之建廠工程",
        "website_url": "http://www.newasia.com.tw/",
        "ceo": "賴調燦",
        "pe_ratio": 15,
        "report_year_from": 2001,
        "report_year_to": 2023,
        "age": 23,
        "eps_negative_percentage": 35,
        "eps_growth_avg": {
            "last_all": -35.27,
            "last_2y": -100,
            "last_4y": -83.33,
            "last_8y": -74.52,
            "last_12y": -70.42,
            "last_16y": -32.81,
            "last_20y": -35.27,
            "at_2006_last_3y": -50,
            "at_2007_last_3y": -50,
            "at_2008_last_3y": 0,
            "at_2009_last_3y": 70,
            "at_2010_last_3y": 80,
            "at_2011_last_3y": 47.06,
            "at_2012_last_3y": 13.34,
            "at_2013_last_3y": -21.66,
            "at_2014_last_3y": -62.21,
            "at_2015_last_3y": -50.16,
            "at_2016_last_3y": -65.7,
            "at_2017_last_3y": -65.7,
            "at_2018_last_3y": -65.7,
            "at_2019_last_3y": -77.16,
            "at_2020_last_3y": -83.33,
            "at_2021_last_3y": -75,
            "at_2022_last_3y": -83.33,
            "at_2023_last_3y": -100,
            "at_2024_last_3y": -100,
            "at_2006_last_all": -50,
            "at_2007_last_all": -50,
            "at_2008_last_all": 0,
            "at_2009_last_all": 10,
            "at_2010_last_all": 28,
            "at_2011_last_all": 14.71,
            "at_2012_last_all": 7.62,
            "at_2013_last_all": -5.83,
            "at_2014_last_all": -5.83,
            "at_2015_last_all": -6.92,
            "at_2016_last_all": -14.37,
            "at_2017_last_all": -22.16,
            "at_2018_last_all": -22.16,
            "at_2019_last_all": -24.48,
            "at_2020_last_all": -30.29,
            "at_2021_last_all": -30.29,
            "at_2022_last_all": -35.27,
            "at_2023_last_all": -35.27,
            "at_2024_last_all": -35.27
        },
        "latest_eps": 0.77,
        "latest_price": 11.5,
        "latest_roe": 12.05,
        "latest_gross_margin": 2.28,
        "latest_equity": 1533510,
        "latest_revenue": 2485506,
        "latest_gross_profit": 56648,
        "latest_net_income": -8340,
        "latest_debt_ratio": 77.21,
        "latest_current_ratio": 100.06,
        "latest_account_receivable_turnover_ratio": 7.08,
        "latest_inventory_turnover_ratio": null,
        "latest_reinvestment_rate": null,
        "latest_research_to_sale_ratio": null
    },
    "eps_dividends": {
        "1992": {
            "cash": 0,
            "stock": 2.8,
            "eps": 0
        },
        "1993": {
            "cash": 0,
            "stock": 2.3,
            "eps": 0
        },
        "1994": {
            "cash": 0,
            "stock": 1.9,
            "eps": 0
        },
        "1995": {
            "cash": 0,
            "stock": 1.04,
            "eps": 0
        },
        "1996": {
            "cash": 0,
            "stock": 0.5,
            "eps": 0
        },
        "1997": {
            "cash": 0,
            "stock": 0.5,
            "eps": 0
        },
        "1999": {
            "cash": 0,
            "stock": 0.3,
            "eps": 0
        },
        "2001": {
            "cash": 0,
            "stock": 0,
            "eps": -1.26
        },
        "2002": {
            "cash": 0,
            "stock": 0,
            "eps": -2.37
        },
        "2003": {
            "cash": 0,
            "stock": 0,
            "eps": 0.08
        },
        "2004": {
            "cash": 0,
            "stock": 0,
            "eps": 0.08
        },
        "2005": {
            "cash": 0,
            "stock": 0,
            "eps": -1.62
        },
        "2006": {
            "cash": 0,
            "stock": 0,
            "eps": -2.14
        },
        "2007": {
            "cash": 0,
            "stock": 0,
            "eps": 0.27
        },
        "2008": {
            "cash": 0,
            "stock": 0,
            "eps": 0.55
        },
        "2009": {
            "cash": 0,
            "stock": 0,
            "eps": 0.77
        },
        "2010": {
            "cash": 0,
            "stock": 0,
            "eps": 2.26
        },
        "2011": {
            "cash": 0.44,
            "stock": 1.06,
            "eps": 1.09
        },
        "2012": {
            "cash": 0,
            "stock": 0,
            "eps": 0.71
        },
        "2013": {
            "cash": 0.3,
            "stock": 0.2,
            "eps": -0.2
        },
        "2014": {
            "cash": 0.1,
            "stock": 0,
            "eps": 0.64
        },
        "2015": {
            "cash": 0.3,
            "stock": 0,
            "eps": 0.54
        },
        "2016": {
            "cash": 0.3,
            "stock": 0,
            "eps": 0.1
        },
        "2017": {
            "cash": 0.25,
            "stock": 0,
            "eps": -2.05
        },
        "2018": {
            "cash": 0,
            "stock": 0,
            "eps": 0.3
        },
        "2019": {
            "cash": 0,
            "stock": 0,
            "eps": 0.15
        },
        "2020": {
            "cash": 0,
            "stock": 0,
            "eps": -3.1
        },
        "2021": {
            "cash": 0,
            "stock": 0,
            "eps": 0.47
        },
        "2022": {
            "cash": 0,
            "stock": 0,
            "eps": -3.41
        },
        "2023": {
            "cash": 0,
            "stock": 0,
            "eps": 0.77
        }
    },
    "dividends": {
        "1992-04-28": {
            "cash": 0,
            "stock": 2.8
        },
        "1993-05-05": {
            "cash": 0,
            "stock": 2.3
        },
        "1994-05-20": {
            "cash": 0,
            "stock": 1.9
        },
        "1995-05-24": {
            "cash": 0,
            "stock": 1.04
        },
        "1996-05-25": {
            "cash": 0,
            "stock": 0.5
        },
        "1997-05-24": {
            "cash": 0,
            "stock": 0.5
        },
        "1999-05-15": {
            "cash": 0,
            "stock": 0.3
        },
        "2011-01-01": {
            "cash": 0.3,
            "stock": 0.5
        },
        "2011-03-25": {
            "cash": 0.14,
            "stock": 0.56
        },
        "2013-03-26": {
            "cash": 0.3,
            "stock": 0.2
        },
        "2014-09-19": {
            "cash": 0.1,
            "stock": 0
        },
        "2015-09-23": {
            "cash": 0.3,
            "stock": 0
        },
        "2016-08-25": {
            "cash": 0.3,
            "stock": 0
        },
        "2017-09-13": {
            "cash": 0.25,
            "stock": 0
        }
    },
    "prices": {
        "200101": "2.99",
        "200102": "5.16",
        "200103": "5.19",
        "200104": "5.39",
        "200105": "3.70",
        "200106": "3.02",
        "200107": "2.68",
        "200108": "2.91",
        "200109": "2.47",
        "200110": "2.14",
        "200111": "2.03",
        "200112": "2.40",
        "200201": "2.70",
        "200202": "2.60",
        "200203": "3.18",
        "200204": "5.24",
        "200205": "4.06",
        "200206": "4.08",
        "200207": "4.68",
        "200208": "3.53",
        "200209": "2.73",
        "200210": "2.63",
        "200211": "2.85",
        "200212": "3.58",
        "200301": "4.85",
        "200302": "4.09",
        "200303": "3.51",
        "200304": "3.38",
        "200305": "2.63",
        "200306": "3.38",
        "200307": "4.23",
        "200308": "5.08",
        "200309": "4.54",
        "200310": "4.96",
        "200311": "5.12",
        "200312": "5.00",
        "200401": "6.23",
        "200402": "7.68",
        "200403": "8.02",
        "200404": "7.21",
        "200405": "6.13",
        "200406": "5.96",
        "200407": "5.32",
        "200408": "4.81",
        "200409": "6.30",
        "200410": "6.65",
        "200411": "6.88",
        "200412": "5.86",
        "200501": "5.51",
        "200502": "5.09",
        "200503": "4.75",
        "200504": "3.71",
        "200505": "3.71",
        "200506": "4.20",
        "200507": "3.85",
        "200508": "3.46",
        "200509": "3.22",
        "200510": "2.88",
        "200511": "2.76",
        "200512": "3.14",
        "200601": "3.35",
        "200602": "3.05",
        "200603": "2.70",
        "200604": "2.78",
        "200605": "3.51",
        "200606": "3.05",
        "200607": "3.03",
        "200608": "2.77",
        "200609": "2.60",
        "200610": "2.98",
        "200611": "3.73",
        "200612": "5.70",
        "200701": "6.95",
        "200702": "5.94",
        "200703": "6.05",
        "200704": "6.26",
        "200705": "6.06",
        "200706": "6.29",
        "200707": "8.49",
        "200708": "8.87",
        "200709": "8.11",
        "200710": "7.51",
        "200711": "7.02",
        "200712": "6.15",
        "200801": "6.10",
        "200802": "6.27",
        "200803": "7.87",
        "200804": "8.59",
        "200805": "7.93",
        "200806": "6.70",
        "200807": "5.44",
        "200808": "4.99",
        "200809": "4.07",
        "200810": "3.40",
        "200811": "3.59",
        "200812": "4.13",
        "200901": "4.15",
        "200902": "4.19",
        "200903": "5.02",
        "200904": "7.38",
        "200905": "7.32",
        "200906": "6.90",
        "200907": "7.62",
        "200908": "7.90",
        "200909": "7.46",
        "200910": "7.19",
        "200911": "7.18",
        "200912": "7.15",
        "201001": "7.69",
        "201002": "7.10",
        "201003": "7.48",
        "201004": "7.42",
        "201005": "6.83",
        "201006": "6.00",
        "201007": "6.11",
        "201008": "6.80",
        "201009": "9.03",
        "201010": "9.90",
        "201011": "12.10",
        "201012": "14.51",
        "201101": "14.49",
        "201102": "13.61",
        "201103": "11.82",
        "201104": "11.79",
        "201105": "13.74",
        "201106": "13.39",
        "201107": "13.66",
        "201108": "12.24",
        "201109": "9.38",
        "201110": "9.50",
        "201111": "8.59",
        "201112": "7.58",
        "201201": "7.44",
        "201202": "8.81",
        "201203": "9.15",
        "201204": "9.01",
        "201205": "8.81",
        "201206": "8.62",
        "201207": "9.00",
        "201208": "8.28",
        "201209": "8.70",
        "201210": "8.52",
        "201211": "8.34",
        "201212": "8.37",
        "201301": "8.56",
        "201302": "8.54",
        "201303": "8.64",
        "201304": "8.88",
        "201305": "9.07",
        "201306": "9.01",
        "201307": "9.00",
        "201308": "8.44",
        "201309": "7.92",
        "201310": "7.85",
        "201311": "7.51",
        "201312": "7.51",
        "201401": "7.65",
        "201402": "7.67",
        "201403": "7.70",
        "201404": "7.92",
        "201405": "7.94",
        "201406": "8.14",
        "201407": "8.20",
        "201408": "8.20",
        "201409": "8.35",
        "201410": "8.03",
        "201411": "8.17",
        "201412": "8.66",
        "201501": "8.72",
        "201502": "8.61",
        "201503": "8.72",
        "201504": "8.35",
        "201505": "7.86",
        "201506": "7.81",
        "201507": "7.44",
        "201508": "6.84",
        "201509": "6.66",
        "201510": "6.82",
        "201511": "6.61",
        "201512": "6.46",
        "201601": "6.24",
        "201602": "6.37",
        "201603": "6.63",
        "201604": "6.58",
        "201605": "6.20",
        "201606": "6.27",
        "201607": "6.54",
        "201608": "6.37",
        "201609": "6.27",
        "201610": "6.27",
        "201611": "6.50",
        "201612": "6.94",
        "201701": "7.09",
        "201702": "7.65",
        "201703": "7.99",
        "201704": "7.18",
        "201705": "7.08",
        "201706": "7.07",
        "201707": "7.14",
        "201708": "6.67",
        "201709": "6.30",
        "201710": "6.55",
        "201711": "6.49",
        "201712": "6.90",
        "201801": "7.14",
        "201802": "6.69",
        "201803": "6.64",
        "201804": "6.18",
        "201805": "6.19",
        "201806": "6.57",
        "201807": "6.38",
        "201808": "6.35",
        "201809": "6.39",
        "201810": "6.21",
        "201811": "6.34",
        "201812": "6.35",
        "201901": "6.34",
        "201902": "6.36",
        "201903": "6.37",
        "201904": "6.30",
        "201905": "6.12",
        "201906": "6.09",
        "201907": "6.02",
        "201908": "5.85",
        "201909": "5.98",
        "201910": "6.02",
        "201911": "6.06",
        "201912": "6.02",
        "202001": "5.94",
        "202002": "5.71",
        "202003": "4.51",
        "202004": "4.46",
        "202005": "4.67",
        "202006": "5.02",
        "202007": "5.17",
        "202008": "5.28",
        "202009": "5.26",
        "202010": "5.33",
        "202011": "5.16",
        "202012": "5.24",
        "202101": "5.01",
        "202102": "4.90",
        "202103": "5.00",
        "202104": "5.74",
        "202105": "5.73",
        "202106": "6.17",
        "202107": "6.11",
        "202108": "5.80",
        "202109": "5.86",
        "202110": "5.72",
        "202111": "5.86",
        "202112": "6.16",
        "202201": "6.40",
        "202202": "6.07",
        "202203": "5.87",
        "202204": "5.77",
        "202205": "5.30",
        "202206": "5.33",
        "202207": "4.96",
        "202208": "4.87",
        "202209": "4.97",
        "202210": "4.91",
        "202211": "4.99",
        "202212": "5.02",
        "202301": "5.00",
        "202302": "5.04",
        "202303": "4.95",
        "202304": "4.99",
        "202305": "5.09",
        "202306": "5.49",
        "202307": "5.24",
        "202308": "6.77",
        "202309": "7.65",
        "202310": "8.41",
        "202311": "10.74",
        "202312": "13.26"
    },
    "quarters": {
        "20011": {
            "year_quarter": 20011,
            "year": 2001,
            "quarter": 1,
            "eps": -0.05,
            "eps_growth_year": null,
            "eps_4q": 0.01,
            "eps_4q_growth_year": null,
            "roe": -0.46,
            "roe_4q": -0.46,
            "gross_profit": 22260,
            "gross_margin": 1.23,
            "gross_margin_4q_avg": 1.23,
            "net_income": -17657,
            "net_income_4q": null,
            "revenue": 1809218,
            "revenue_4q": null,
            "common_shares": 3547450,
            "book_valuer_per_share": 10.89,
            "book_valuer_per_share_4q_avg": 10.89,
            "equity": 3863654,
            "current_ratio": 159.16,
            "debt_ratio": 53.55,
            "inventory_turnover_ratio": 0.74,
            "account_receivable_turnover_ratio": null,
            "reinvestment_rate": null,
            "research_to_sale_ratio": null,
            "price_fair": 0,
            "eps_avg_yearly": 0,
            "eps_latest_yearly": 0,
            "eps_growth_yearly": 0
        },
        "20012": {
            "year_quarter": 20012,
            "year": 2001,
            "quarter": 2,
            "eps": -0.43,
            "eps_growth_year": -960,
            "eps_4q": -0.47,
            "eps_4q_growth_year": null,
            "roe": -4.01,
            "roe_4q": -4.47,
            "gross_profit": -115898,
            "gross_margin": -9.4,
            "gross_margin_4q_avg": -4.09,
            "net_income": -151644,
            "net_income_4q": null,
            "revenue": 1233359,
            "revenue_4q": null,
            "common_shares": 3547450,
            "book_valuer_per_share": 10.44,
            "book_valuer_per_share_4q_avg": 10.67,
            "equity": 3701817,
            "current_ratio": 158.16,
            "debt_ratio": 53.65,
            "inventory_turnover_ratio": 0.56,
            "account_receivable_turnover_ratio": null,
            "reinvestment_rate": null,
            "research_to_sale_ratio": null,
            "price_fair": 0,
            "eps_avg_yearly": 0,
            "eps_latest_yearly": 0,
            "eps_growth_yearly": 0
        },
        "20013": {
            "year_quarter": 20013,
            "year": 2001,
            "quarter": 3,
            "eps": -0.6,
            "eps_growth_year": -400,
            "eps_4q": -1.27,
            "eps_4q_growth_year": -2647.29,
            "roe": -5.91,
            "roe_4q": -10.38,
            "gross_profit": -90914,
            "gross_margin": -10.79,
            "gross_margin_4q_avg": -6.32,
            "net_income": -212723,
            "net_income_4q": null,
            "revenue": 842370,
            "revenue_4q": null,
            "common_shares": 3547450,
            "book_valuer_per_share": 9.84,
            "book_valuer_per_share_4q_avg": 10.39,
            "equity": 3491531,
            "current_ratio": 151.54,
            "debt_ratio": 55.79,
            "inventory_turnover_ratio": 0.39,
            "account_receivable_turnover_ratio": null,
            "reinvestment_rate": null,
            "research_to_sale_ratio": null,
            "price_fair": 0,
            "eps_avg_yearly": 0,
            "eps_latest_yearly": 0,
            "eps_growth_yearly": 0
        },
        "20014": {
            "year_quarter": 20014,
            "year": 2001,
            "quarter": 4,
            "eps": -0.18,
            "eps_growth_year": null,
            "eps_4q": -1.27,
            "eps_4q_growth_year": -2640,
            "roe": -1.86,
            "roe_4q": -12.240000000000002,
            "gross_profit": -31239,
            "gross_margin": -1.33,
            "gross_margin_4q_avg": -5.07,
            "net_income": -64212,
            "net_income_4q": null,
            "revenue": 2354301,
            "revenue_4q": null,
            "common_shares": 3547450,
            "book_valuer_per_share": 9.66,
            "book_valuer_per_share_4q_avg": 10.21,
            "equity": 3427362,
            "current_ratio": 139.55,
            "debt_ratio": 61.49,
            "inventory_turnover_ratio": 1.03,
            "account_receivable_turnover_ratio": null,
            "reinvestment_rate": null,
            "research_to_sale_ratio": null,
            "price_fair": 0,
            "eps_avg_yearly": 0,
            "eps_latest_yearly": 0,
            "eps_growth_yearly": 0
        },
        "20021": {
            "year_quarter": 20021,
            "year": 2002,
            "quarter": 1,
            "eps": 0.07,
            "eps_growth_year": null,
            "eps_4q": -1.17,
            "eps_4q_growth_year": -11060.06,
            "roe": 0.7,
            "roe_4q": -11.08,
            "gross_profit": 73677,
            "gross_margin": 2.89,
            "gross_margin_4q_avg": -4.66,
            "net_income": 24175,
            "net_income_4q": null,
            "revenue": 2546015,
            "revenue_4q": null,
            "common_shares": 3547450,
            "book_valuer_per_share": 9.73,
            "book_valuer_per_share_4q_avg": 9.92,
            "equity": 3451802,
            "current_ratio": 141.56,
            "debt_ratio": 60.71,
            "inventory_turnover_ratio": 1.04,
            "account_receivable_turnover_ratio": null,
            "reinvestment_rate": null,
            "research_to_sale_ratio": null,
            "price_fair": 0,
            "eps_avg_yearly": 0,
            "eps_latest_yearly": 0,
            "eps_growth_yearly": 0
        },
        "20022": {
            "year_quarter": 20022,
            "year": 2002,
            "quarter": 2,
            "eps": -0.22,
            "eps_growth_year": null,
            "eps_4q": -0.93,
            "eps_4q_growth_year": null,
            "roe": -2.27,
            "roe_4q": -9.34,
            "gross_profit": 3683,
            "gross_margin": 0.17,
            "gross_margin_4q_avg": -2.27,
            "net_income": -77365,
            "net_income_4q": null,
            "revenue": 2212657,
            "revenue_4q": null,
            "common_shares": 3547450,
            "book_valuer_per_share": 9.49,
            "book_valuer_per_share_4q_avg": 9.68,
            "equity": 3367278,
            "current_ratio": 142.95,
            "debt_ratio": 59.83,
            "inventory_turnover_ratio": 0.85,
            "account_receivable_turnover_ratio": null,
            "reinvestment_rate": null,
            "research_to_sale_ratio": null,
            "price_fair": 0,
            "eps_avg_yearly": 0,
            "eps_latest_yearly": 0,
            "eps_growth_yearly": 0
        },
        "20023": {
            "year_quarter": 20023,
            "year": 2002,
            "quarter": 3,
            "eps": 0.04,
            "eps_growth_year": null,
            "eps_4q": -0.3,
            "eps_4q_growth_year": null,
            "roe": 0.41,
            "roe_4q": -3.0200000000000005,
            "gross_profit": 51121,
            "gross_margin": 2.79,
            "gross_margin_4q_avg": 1.13,
            "net_income": 13832,
            "net_income_4q": null,
            "revenue": 1829934,
            "revenue_4q": null,
            "common_shares": 3547450,
            "book_valuer_per_share": 9.53,
            "book_valuer_per_share_4q_avg": 9.6,
            "equity": 3380465,
            "current_ratio": 142.82,
            "debt_ratio": 59.85,
            "inventory_turnover_ratio": 0.62,
            "account_receivable_turnover_ratio": null,
            "reinvestment_rate": null,
            "research_to_sale_ratio": null,
            "price_fair": 0,
            "eps_avg_yearly": 0,
            "eps_latest_yearly": 0,
            "eps_growth_yearly": 0
        },
        "20024": {
            "year_quarter": 20024,
            "year": 2002,
            "quarter": 4,
            "eps": -2.26,
            "eps_growth_year": null,
            "eps_4q": -2.37,
            "eps_4q_growth_year": null,
            "roe": -26.42,
            "roe_4q": -27.580000000000002,
            "gross_profit": -751425,
            "gross_margin": -35.92,
            "gross_margin_4q_avg": -7.52,
            "net_income": -789746,
            "net_income_4q": null,
            "revenue": 2091960,
            "revenue_4q": null,
            "common_shares": 3547450,
            "book_valuer_per_share": 7.33,
            "book_valuer_per_share_4q_avg": 9.02,
            "equity": 2598529,
            "current_ratio": 126.18,
            "debt_ratio": 66.46,
            "inventory_turnover_ratio": 1.01,
            "account_receivable_turnover_ratio": null,
            "reinvestment_rate": null,
            "research_to_sale_ratio": null,
            "price_fair": 0,
            "eps_avg_yearly": 0,
            "eps_latest_yearly": 0,
            "eps_growth_yearly": 0
        },
        "20031": {
            "year_quarter": 20031,
            "year": 2003,
            "quarter": 1,
            "eps": -0.06,
            "eps_growth_year": -185.71,
            "eps_4q": -2.47,
            "eps_4q_growth_year": null,
            "roe": -0.82,
            "roe_4q": -29.1,
            "gross_profit": 38820,
            "gross_margin": 2.21,
            "gross_margin_4q_avg": -7.69,
            "net_income": -21239,
            "net_income_4q": null,
            "revenue": 1758960,
            "revenue_4q": null,
            "common_shares": 3547450,
            "book_valuer_per_share": 7.26,
            "book_valuer_per_share_4q_avg": 8.4,
            "equity": 2576588,
            "current_ratio": 124.35,
            "debt_ratio": 68.03,
            "inventory_turnover_ratio": 0.63,
            "account_receivable_turnover_ratio": null,
            "reinvestment_rate": null,
            "research_to_sale_ratio": null,
            "price_fair": 0,
            "eps_avg_yearly": 0,
            "eps_latest_yearly": 0,
            "eps_growth_yearly": 0
        },
        "20032": {
            "year_quarter": 20032,
            "year": 2003,
            "quarter": 2,
            "eps": 0.09,
            "eps_growth_year": null,
            "eps_4q": -2.15,
            "eps_4q_growth_year": null,
            "roe": 1.23,
            "roe_4q": -25.6,
            "gross_profit": 65870,
            "gross_margin": 2.91,
            "gross_margin_4q_avg": -7,
            "net_income": 32006,
            "net_income_4q": null,
            "revenue": 2266582,
            "revenue_4q": null,
            "common_shares": 3547450,
            "book_valuer_per_share": 7.35,
            "book_valuer_per_share_4q_avg": 7.87,
            "equity": 2608102,
            "current_ratio": 125.11,
            "debt_ratio": 67.34,
            "inventory_turnover_ratio": 0.81,
            "account_receivable_turnover_ratio": null,
            "reinvestment_rate": null,
            "research_to_sale_ratio": null,
            "price_fair": 0,
            "eps_avg_yearly": 0,
            "eps_latest_yearly": 0,
            "eps_growth_yearly": 0
        },
        "20033": {
            "year_quarter": 20033,
            "year": 2003,
            "quarter": 3,
            "eps": 0,
            "eps_growth_year": -100,
            "eps_4q": -2.2,
            "eps_4q_growth_year": null,
            "roe": 0.01,
            "roe_4q": -26,
            "gross_profit": 54486,
            "gross_margin": 2.83,
            "gross_margin_4q_avg": -6.99,
            "net_income": 305,
            "net_income_4q": null,
            "revenue": 1926132,
            "revenue_4q": null,
            "common_shares": 3547450,
            "book_valuer_per_share": 7.34,
            "book_valuer_per_share_4q_avg": 7.32,
            "equity": 2603871,
            "current_ratio": 125.45,
            "debt_ratio": 67.15,
            "inventory_turnover_ratio": 0.76,
            "account_receivable_turnover_ratio": null,
            "reinvestment_rate": null,
            "research_to_sale_ratio": null,
            "price_fair": 0,
            "eps_avg_yearly": 0,
            "eps_latest_yearly": 0,
            "eps_growth_yearly": 0
        },
        "20034": {
            "year_quarter": 20034,
            "year": 2003,
            "quarter": 4,
            "eps": 0.05,
            "eps_growth_year": null,
            "eps_4q": 0.08,
            "eps_4q_growth_year": null,
            "roe": 0.67,
            "roe_4q": 1.0900000000000003,
            "gross_profit": 53102,
            "gross_margin": 2.38,
            "gross_margin_4q_avg": 2.58,
            "net_income": 17530,
            "net_income_4q": null,
            "revenue": 2230283,
            "revenue_4q": null,
            "common_shares": 3547450,
            "book_valuer_per_share": 7.39,
            "book_valuer_per_share_4q_avg": 7.34,
            "equity": 2621922,
            "current_ratio": 125.27,
            "debt_ratio": 66.98,
            "inventory_turnover_ratio": 0.92,
            "account_receivable_turnover_ratio": null,
            "reinvestment_rate": null,
            "research_to_sale_ratio": null,
            "price_fair": 0,
            "eps_avg_yearly": 0,
            "eps_latest_yearly": 0,
            "eps_growth_yearly": 0
        },
        "20041": {
            "year_quarter": 20041,
            "year": 2004,
            "quarter": 1,
            "eps": 0.02,
            "eps_growth_year": null,
            "eps_4q": 0.16,
            "eps_4q_growth_year": null,
            "roe": 0.27,
            "roe_4q": 2.18,
            "gross_profit": 65210,
            "gross_margin": 4.18,
            "gross_margin_4q_avg": 3.08,
            "net_income": 7172,
            "net_income_4q": null,
            "revenue": 1560805,
            "revenue_4q": null,
            "common_shares": 3547450,
            "book_valuer_per_share": 7.48,
            "book_valuer_per_share_4q_avg": 7.39,
            "equity": 2652884,
            "current_ratio": 125.11,
            "debt_ratio": 66.63,
            "inventory_turnover_ratio": 0.6,
            "account_receivable_turnover_ratio": null,
            "reinvestment_rate": null,
            "research_to_sale_ratio": null,
            "price_fair": 0.24,
            "eps_avg_yearly": 0.08,
            "eps_latest_yearly": 0.08,
            "eps_growth_yearly": -240
        },
        "20042": {
            "year_quarter": 20042,
            "year": 2004,
            "quarter": 2,
            "eps": 0.01,
            "eps_growth_year": -88.89,
            "eps_4q": 0.08,
            "eps_4q_growth_year": null,
            "roe": 0.17,
            "roe_4q": 1.12,
            "gross_profit": 47040,
            "gross_margin": 2.18,
            "gross_margin_4q_avg": 2.89,
            "net_income": 4473,
            "net_income_4q": null,
            "revenue": 2157151,
            "revenue_4q": null,
            "common_shares": 3547450,
            "book_valuer_per_share": 7.5,
            "book_valuer_per_share_4q_avg": 7.43,
            "equity": 2660999,
            "current_ratio": 124.33,
            "debt_ratio": 67.72,
            "inventory_turnover_ratio": 0.84,
            "account_receivable_turnover_ratio": null,
            "reinvestment_rate": null,
            "research_to_sale_ratio": null,
            "price_fair": 0.18,
            "eps_avg_yearly": 0.06,
            "eps_latest_yearly": 0.04,
            "eps_growth_yearly": -220
        },
        "20043": {
            "year_quarter": 20043,
            "year": 2004,
            "quarter": 3,
            "eps": 0,
            "eps_growth_year": null,
            "eps_4q": 0.08,
            "eps_4q_growth_year": null,
            "roe": -0.03,
            "roe_4q": 1.08,
            "gross_profit": 57088,
            "gross_margin": 3.43,
            "gross_margin_4q_avg": 3.04,
            "net_income": -914,
            "net_income_4q": null,
            "revenue": 1665940,
            "revenue_4q": null,
            "common_shares": 3547450,
            "book_valuer_per_share": 7.5,
            "book_valuer_per_share_4q_avg": 7.47,
            "equity": 2661377,
            "current_ratio": 126.99,
            "debt_ratio": 65.49,
            "inventory_turnover_ratio": 0.66,
            "account_receivable_turnover_ratio": null,
            "reinvestment_rate": null,
            "research_to_sale_ratio": null,
            "price_fair": 0.18,
            "eps_avg_yearly": 0.06,
            "eps_latest_yearly": 0.04,
            "eps_growth_yearly": -220
        },
        "20044": {
            "year_quarter": 20044,
            "year": 2004,
            "quarter": 4,
            "eps": 0.05,
            "eps_growth_year": 0,
            "eps_4q": 0.08,
            "eps_4q_growth_year": -1.17,
            "roe": 0.66,
            "roe_4q": 1.07,
            "gross_profit": 86278,
            "gross_margin": 4.38,
            "gross_margin_4q_avg": 3.54,
            "net_income": 17519,
            "net_income_4q": null,
            "revenue": 1968776,
            "revenue_4q": null,
            "common_shares": 3547450,
            "book_valuer_per_share": 7.52,
            "book_valuer_per_share_4q_avg": 7.5,
            "equity": 2667057,
            "current_ratio": 130.83,
            "debt_ratio": 64.5,
            "inventory_turnover_ratio": 0.81,
            "account_receivable_turnover_ratio": null,
            "reinvestment_rate": null,
            "research_to_sale_ratio": null,
            "price_fair": 0.18,
            "eps_avg_yearly": 0.06,
            "eps_latest_yearly": 0.04,
            "eps_growth_yearly": -220
        },
        "20051": {
            "year_quarter": 20051,
            "year": 2005,
            "quarter": 1,
            "eps": -0.07,
            "eps_growth_year": -450,
            "eps_4q": -0.01,
            "eps_4q_growth_year": -104.24,
            "roe": -0.88,
            "roe_4q": -0.07999999999999996,
            "gross_profit": 53383,
            "gross_margin": 3.23,
            "gross_margin_4q_avg": 3.31,
            "net_income": -23327,
            "net_income_4q": null,
            "revenue": 1652131,
            "revenue_4q": null,
            "common_shares": 3547450,
            "book_valuer_per_share": 7.48,
            "book_valuer_per_share_4q_avg": 7.5,
            "equity": 2654755,
            "current_ratio": 131.59,
            "debt_ratio": 64.4,
            "inventory_turnover_ratio": 0.72,
            "account_receivable_turnover_ratio": null,
            "reinvestment_rate": null,
            "research_to_sale_ratio": null,
            "price_fair": 0.18,
            "eps_avg_yearly": 0.06,
            "eps_latest_yearly": 0.04,
            "eps_growth_yearly": -220
        },
        "20052": {
            "year_quarter": 20052,
            "year": 2005,
            "quarter": 2,
            "eps": -0.06,
            "eps_growth_year": -700,
            "eps_4q": -0.08,
            "eps_4q_growth_year": -197.03,
            "roe": -0.83,
            "roe_4q": -1.0799999999999998,
            "gross_profit": 48416,
            "gross_margin": 3.43,
            "gross_margin_4q_avg": 3.62,
            "net_income": -21881,
            "net_income_4q": null,
            "revenue": 1413390,
            "revenue_4q": null,
            "common_shares": 3547450,
            "book_valuer_per_share": 7.42,
            "book_valuer_per_share_4q_avg": 7.48,
            "equity": 2633239,
            "current_ratio": 134.3,
            "debt_ratio": 62.58,
            "inventory_turnover_ratio": 0.58,
            "account_receivable_turnover_ratio": null,
            "reinvestment_rate": null,
            "research_to_sale_ratio": null,
            "price_fair": 0.18,
            "eps_avg_yearly": 0.06,
            "eps_latest_yearly": 0.04,
            "eps_growth_yearly": -220
        },
        "20053": {
            "year_quarter": 20053,
            "year": 2005,
            "quarter": 3,
            "eps": -0.07,
            "eps_growth_year": null,
            "eps_4q": -0.15,
            "eps_4q_growth_year": -282.7,
            "roe": -0.91,
            "roe_4q": -1.96,
            "gross_profit": -2729,
            "gross_margin": -0.18,
            "gross_margin_4q_avg": 2.72,
            "net_income": -23944,
            "net_income_4q": null,
            "revenue": 1550421,
            "revenue_4q": null,
            "common_shares": 3547450,
            "book_valuer_per_share": 7.38,
            "book_valuer_per_share_4q_avg": 7.45,
            "equity": 2617891,
            "current_ratio": 132.84,
            "debt_ratio": 62.36,
            "inventory_turnover_ratio": 0.64,
            "account_receivable_turnover_ratio": null,
            "reinvestment_rate": null,
            "research_to_sale_ratio": null,
            "price_fair": 0.18,
            "eps_avg_yearly": 0.06,
            "eps_latest_yearly": 0.04,
            "eps_growth_yearly": -220
        },
        "20054": {
            "year_quarter": 20054,
            "year": 2005,
            "quarter": 4,
            "eps": -1.42,
            "eps_growth_year": -2940,
            "eps_4q": -1.61,
            "eps_4q_growth_year": -2096.56,
            "roe": -20.71,
            "roe_4q": -23.33,
            "gross_profit": -405850,
            "gross_margin": -22.61,
            "gross_margin_4q_avg": -4.03,
            "net_income": -502319,
            "net_income_4q": null,
            "revenue": 1795383,
            "revenue_4q": null,
            "common_shares": 3547450,
            "book_valuer_per_share": 5.97,
            "book_valuer_per_share_4q_avg": 7.06,
            "equity": 2232612,
            "current_ratio": 110.33,
            "debt_ratio": 70.58,
            "inventory_turnover_ratio": 0.99,
            "account_receivable_turnover_ratio": null,
            "reinvestment_rate": null,
            "research_to_sale_ratio": null,
            "price_fair": 0.18,
            "eps_avg_yearly": 0.06,
            "eps_latest_yearly": 0.04,
            "eps_growth_yearly": -220
        },
        "20061": {
            "year_quarter": 20061,
            "year": 2006,
            "quarter": 1,
            "eps": 0.08,
            "eps_growth_year": null,
            "eps_4q": -1.43,
            "eps_4q_growth_year": null,
            "roe": 1.33,
            "roe_4q": -21.12,
            "gross_profit": 63563,
            "gross_margin": 4.66,
            "gross_margin_4q_avg": -3.68,
            "net_income": 29121,
            "net_income_4q": null,
            "revenue": 1365362,
            "revenue_4q": null,
            "common_shares": 3547450,
            "book_valuer_per_share": 6.05,
            "book_valuer_per_share_4q_avg": 6.71,
            "equity": 2146852,
            "current_ratio": 121.67,
            "debt_ratio": 67.14,
            "inventory_turnover_ratio": 0.62,
            "account_receivable_turnover_ratio": null,
            "reinvestment_rate": null,
            "research_to_sale_ratio": null,
            "price_fair": 0.18,
            "eps_avg_yearly": 0.06,
            "eps_latest_yearly": 0.04,
            "eps_growth_yearly": -220
        },
        "20062": {
            "year_quarter": 20062,
            "year": 2006,
            "quarter": 2,
            "eps": -0.03,
            "eps_growth_year": null,
            "eps_4q": -1.43,
            "eps_4q_growth_year": null,
            "roe": -0.43,
            "roe_4q": -20.720000000000002,
            "gross_profit": -330533,
            "gross_margin": -20.7,
            "gross_margin_4q_avg": -9.71,
            "net_income": -9264,
            "net_income_4q": null,
            "revenue": 1596984,
            "revenue_4q": null,
            "common_shares": 3547450,
            "book_valuer_per_share": 6.03,
            "book_valuer_per_share_4q_avg": 6.36,
            "equity": 2138004,
            "current_ratio": 120.17,
            "debt_ratio": 67.04,
            "inventory_turnover_ratio": 1.24,
            "account_receivable_turnover_ratio": null,
            "reinvestment_rate": null,
            "research_to_sale_ratio": null,
            "price_fair": 0.18,
            "eps_avg_yearly": 0.06,
            "eps_latest_yearly": 0.04,
            "eps_growth_yearly": -220
        },
        "20063": {
            "year_quarter": 20063,
            "year": 2006,
            "quarter": 3,
            "eps": -0.5,
            "eps_growth_year": null,
            "eps_4q": -1.86,
            "eps_4q_growth_year": null,
            "roe": -8.69,
            "roe_4q": -28.5,
            "gross_profit": -152217,
            "gross_margin": -11.4,
            "gross_margin_4q_avg": -12.51,
            "net_income": -178370,
            "net_income_4q": null,
            "revenue": 1335653,
            "revenue_4q": null,
            "common_shares": 3547450,
            "book_valuer_per_share": 5.54,
            "book_valuer_per_share_4q_avg": 5.9,
            "equity": 1965684,
            "current_ratio": 122.49,
            "debt_ratio": 65.23,
            "inventory_turnover_ratio": 1.49,
            "account_receivable_turnover_ratio": null,
            "reinvestment_rate": null,
            "research_to_sale_ratio": null,
            "price_fair": 0.18,
            "eps_avg_yearly": 0.06,
            "eps_latest_yearly": 0.04,
            "eps_growth_yearly": -220
        },
        "20064": {
            "year_quarter": 20064,
            "year": 2006,
            "quarter": 4,
            "eps": -1.69,
            "eps_growth_year": null,
            "eps_4q": -2.49,
            "eps_4q_growth_year": null,
            "roe": -19.08,
            "roe_4q": -26.869999999999997,
            "gross_profit": -251233,
            "gross_margin": -13.01,
            "gross_margin_4q_avg": -10.11,
            "net_income": -353357,
            "net_income_4q": null,
            "revenue": 1931253,
            "revenue_4q": null,
            "common_shares": 2091799,
            "book_valuer_per_share": 7.71,
            "book_valuer_per_share_4q_avg": 6.33,
            "equity": 1737288,
            "current_ratio": 104.01,
            "debt_ratio": 71.19,
            "inventory_turnover_ratio": 2.41,
            "account_receivable_turnover_ratio": null,
            "reinvestment_rate": null,
            "research_to_sale_ratio": null,
            "price_fair": 0.18,
            "eps_avg_yearly": 0.06,
            "eps_latest_yearly": 0.04,
            "eps_growth_yearly": -220
        },
        "20071": {
            "year_quarter": 20071,
            "year": 2007,
            "quarter": 1,
            "eps": 0.09,
            "eps_growth_year": 12.5,
            "eps_4q": -2.55,
            "eps_4q_growth_year": null,
            "roe": 1.09,
            "roe_4q": -27.11,
            "gross_profit": 53147,
            "gross_margin": 2.92,
            "gross_margin_4q_avg": -10.55,
            "net_income": 18426,
            "net_income_4q": null,
            "revenue": 1817576,
            "revenue_4q": null,
            "common_shares": 2091799,
            "book_valuer_per_share": 7.82,
            "book_valuer_per_share_4q_avg": 6.78,
            "equity": 1635404,
            "current_ratio": 116.56,
            "debt_ratio": 68.31,
            "inventory_turnover_ratio": 1.96,
            "account_receivable_turnover_ratio": null,
            "reinvestment_rate": null,
            "research_to_sale_ratio": null,
            "price_fair": 0.18,
            "eps_avg_yearly": 0.06,
            "eps_latest_yearly": 0.04,
            "eps_growth_yearly": -220
        },
        "20072": {
            "year_quarter": 20072,
            "year": 2007,
            "quarter": 2,
            "eps": 0.04,
            "eps_growth_year": null,
            "eps_4q": -2.75,
            "eps_4q_growth_year": null,
            "roe": 0.45,
            "roe_4q": -26.229999999999997,
            "gross_profit": 57795,
            "gross_margin": 2.65,
            "gross_margin_4q_avg": -4.71,
            "net_income": 7367,
            "net_income_4q": null,
            "revenue": 2184532,
            "revenue_4q": null,
            "common_shares": 2091799,
            "book_valuer_per_share": 7.86,
            "book_valuer_per_share_4q_avg": 7.23,
            "equity": 1643733,
            "current_ratio": 113.37,
            "debt_ratio": 68.64,
            "inventory_turnover_ratio": 2.08,
            "account_receivable_turnover_ratio": null,
            "reinvestment_rate": null,
            "research_to_sale_ratio": null,
            "price_fair": 0.28,
            "eps_avg_yearly": 0.09,
            "eps_latest_yearly": 0.16,
            "eps_growth_yearly": -220.74
        },
        "20073": {
            "year_quarter": 20073,
            "year": 2007,
            "quarter": 3,
            "eps": -0.05,
            "eps_growth_year": null,
            "eps_4q": -1.62,
            "eps_4q_growth_year": null,
            "roe": -0.69,
            "roe_4q": -18.229999999999997,
            "gross_profit": 24253,
            "gross_margin": 1.26,
            "gross_margin_4q_avg": -1.55,
            "net_income": -11320,
            "net_income_4q": null,
            "revenue": 1927260,
            "revenue_4q": null,
            "common_shares": 2091799,
            "book_valuer_per_share": 7.81,
            "book_valuer_per_share_4q_avg": 7.8,
            "equity": 1634480,
            "current_ratio": 111.39,
            "debt_ratio": 71.11,
            "inventory_turnover_ratio": 1.72,
            "account_receivable_turnover_ratio": null,
            "reinvestment_rate": null,
            "research_to_sale_ratio": null,
            "price_fair": 0.28,
            "eps_avg_yearly": 0.09,
            "eps_latest_yearly": 0.16,
            "eps_growth_yearly": -220.74
        },
        "20074": {
            "year_quarter": 20074,
            "year": 2007,
            "quarter": 4,
            "eps": 0.19,
            "eps_growth_year": null,
            "eps_4q": 0.26,
            "eps_4q_growth_year": null,
            "roe": 2.29,
            "roe_4q": 3.1400000000000006,
            "gross_profit": 102836,
            "gross_margin": 4.79,
            "gross_margin_4q_avg": 2.91,
            "net_income": 39472,
            "net_income_4q": null,
            "revenue": 2149081,
            "revenue_4q": null,
            "common_shares": 2091799,
            "book_valuer_per_share": 8.02,
            "book_valuer_per_share_4q_avg": 7.88,
            "equity": 1818389,
            "current_ratio": 104.08,
            "debt_ratio": 71.06,
            "inventory_turnover_ratio": 1.67,
            "account_receivable_turnover_ratio": null,
            "reinvestment_rate": null,
            "research_to_sale_ratio": null,
            "price_fair": 0.28,
            "eps_avg_yearly": 0.09,
            "eps_latest_yearly": 0.16,
            "eps_growth_yearly": -220.74
        },
        "20081": {
            "year_quarter": 20081,
            "year": 2008,
            "quarter": 1,
            "eps": 0,
            "eps_growth_year": -100,
            "eps_4q": 0.17,
            "eps_4q_growth_year": null,
            "roe": -0.11,
            "roe_4q": 1.9400000000000002,
            "gross_profit": 54401,
            "gross_margin": 2.72,
            "gross_margin_4q_avg": 2.86,
            "net_income": -2065,
            "net_income_4q": null,
            "revenue": 2001315,
            "revenue_4q": null,
            "common_shares": 2091799,
            "book_valuer_per_share": 8,
            "book_valuer_per_share_4q_avg": 7.92,
            "equity": 1807273,
            "current_ratio": 104.73,
            "debt_ratio": 70.63,
            "inventory_turnover_ratio": 1.77,
            "account_receivable_turnover_ratio": null,
            "reinvestment_rate": null,
            "research_to_sale_ratio": null,
            "price_fair": 0.3,
            "eps_avg_yearly": 0.1,
            "eps_latest_yearly": 0.16,
            "eps_growth_yearly": -211.11
        },
        "20082": {
            "year_quarter": 20082,
            "year": 2008,
            "quarter": 2,
            "eps": 0.24,
            "eps_growth_year": 500,
            "eps_4q": 0.41,
            "eps_4q_growth_year": null,
            "roe": 2.52,
            "roe_4q": 4.01,
            "gross_profit": 118449,
            "gross_margin": 6.61,
            "gross_margin_4q_avg": 3.85,
            "net_income": 46247,
            "net_income_4q": null,
            "revenue": 1792847,
            "revenue_4q": null,
            "common_shares": 2091799,
            "book_valuer_per_share": 8.25,
            "book_valuer_per_share_4q_avg": 8.02,
            "equity": 1861411,
            "current_ratio": 107.57,
            "debt_ratio": 68.19,
            "inventory_turnover_ratio": 1.66,
            "account_receivable_turnover_ratio": null,
            "reinvestment_rate": null,
            "research_to_sale_ratio": null,
            "price_fair": 0.48,
            "eps_avg_yearly": 0.16,
            "eps_latest_yearly": 0.16,
            "eps_growth_yearly": -222.22
        },
        "20083": {
            "year_quarter": 20083,
            "year": 2008,
            "quarter": 3,
            "eps": 0.1,
            "eps_growth_year": null,
            "eps_4q": 0.93,
            "eps_4q_growth_year": null,
            "roe": 0.63,
            "roe_4q": 5.33,
            "gross_profit": 65037,
            "gross_margin": 3.25,
            "gross_margin_4q_avg": 4.34,
            "net_income": 11904,
            "net_income_4q": null,
            "revenue": 2002542,
            "revenue_4q": null,
            "common_shares": 2091799,
            "book_valuer_per_share": 8.41,
            "book_valuer_per_share_4q_avg": 8.17,
            "equity": 1894344,
            "current_ratio": 107.18,
            "debt_ratio": 69.64,
            "inventory_turnover_ratio": 2.03,
            "account_receivable_turnover_ratio": null,
            "reinvestment_rate": null,
            "research_to_sale_ratio": null,
            "price_fair": 0.84,
            "eps_avg_yearly": 0.28,
            "eps_latest_yearly": 0.4,
            "eps_growth_yearly": -227.78
        },
        "20084": {
            "year_quarter": 20084,
            "year": 2008,
            "quarter": 4,
            "eps": 0.21,
            "eps_growth_year": 10.53,
            "eps_4q": 0.57,
            "eps_4q_growth_year": 118.04,
            "roe": 2.2,
            "roe_4q": 5.239999999999999,
            "gross_profit": 80447,
            "gross_margin": 3.77,
            "gross_margin_4q_avg": 4.09,
            "net_income": 42193,
            "net_income_4q": null,
            "revenue": 2132422,
            "revenue_4q": null,
            "common_shares": 2091799,
            "book_valuer_per_share": 8.65,
            "book_valuer_per_share_4q_avg": 8.33,
            "equity": 1945793,
            "current_ratio": 111.06,
            "debt_ratio": 68.72,
            "inventory_turnover_ratio": 2.86,
            "account_receivable_turnover_ratio": 2.66,
            "reinvestment_rate": null,
            "research_to_sale_ratio": null,
            "price_fair": 1.4,
            "eps_avg_yearly": 0.47,
            "eps_latest_yearly": 0.84,
            "eps_growth_yearly": -5.19
        },
        "20091": {
            "year_quarter": 20091,
            "year": 2009,
            "quarter": 1,
            "eps": 0.29,
            "eps_growth_year": null,
            "eps_4q": 0.77,
            "eps_4q_growth_year": 349.5,
            "roe": 3.28,
            "roe_4q": 8.63,
            "gross_profit": 83701,
            "gross_margin": 4.09,
            "gross_margin_4q_avg": 4.43,
            "net_income": 65085,
            "net_income_4q": null,
            "revenue": 2047991,
            "revenue_4q": null,
            "common_shares": 2091799,
            "book_valuer_per_share": 8.98,
            "book_valuer_per_share_4q_avg": 8.57,
            "equity": 2021872,
            "current_ratio": 112.95,
            "debt_ratio": 68.01,
            "inventory_turnover_ratio": 4.37,
            "account_receivable_turnover_ratio": 1.2,
            "reinvestment_rate": null,
            "research_to_sale_ratio": null,
            "price_fair": 22.4,
            "eps_avg_yearly": 0.64,
            "eps_latest_yearly": 1.16,
            "eps_growth_yearly": 34.21
        },
        "20092": {
            "year_quarter": 20092,
            "year": 2009,
            "quarter": 2,
            "eps": 0.04,
            "eps_growth_year": -83.33,
            "eps_4q": 0.36,
            "eps_4q_growth_year": -12.31,
            "roe": 0.73,
            "roe_4q": 6.84,
            "gross_profit": 112274,
            "gross_margin": 4.89,
            "gross_margin_4q_avg": 4,
            "net_income": 14770,
            "net_income_4q": null,
            "revenue": 2297545,
            "revenue_4q": null,
            "common_shares": 2091799,
            "book_valuer_per_share": 8.98,
            "book_valuer_per_share_4q_avg": 8.76,
            "equity": 2024674,
            "current_ratio": 114.11,
            "debt_ratio": 69.64,
            "inventory_turnover_ratio": 6.65,
            "account_receivable_turnover_ratio": 1.16,
            "reinvestment_rate": null,
            "research_to_sale_ratio": null,
            "price_fair": 1.63,
            "eps_avg_yearly": 0.54,
            "eps_latest_yearly": 0.16,
            "eps_growth_yearly": -41.6
        },
        "20093": {
            "year_quarter": 20093,
            "year": 2009,
            "quarter": 3,
            "eps": 0.18,
            "eps_growth_year": 80,
            "eps_4q": 0.61,
            "eps_4q_growth_year": -33.57,
            "roe": 2.13,
            "roe_4q": 8.34,
            "gross_profit": 86516,
            "gross_margin": 4.42,
            "gross_margin_4q_avg": 4.29,
            "net_income": 43599,
            "net_income_4q": null,
            "revenue": 1958891,
            "revenue_4q": null,
            "common_shares": 2091799,
            "book_valuer_per_share": 9.14,
            "book_valuer_per_share_4q_avg": 8.94,
            "equity": 2061335,
            "current_ratio": 114.15,
            "debt_ratio": 69.27,
            "inventory_turnover_ratio": 6.16,
            "account_receivable_turnover_ratio": 0.85,
            "reinvestment_rate": null,
            "research_to_sale_ratio": null,
            "price_fair": 20.07,
            "eps_avg_yearly": 0.57,
            "eps_latest_yearly": 0.72,
            "eps_growth_yearly": 198.67
        },
        "20094": {
            "year_quarter": 20094,
            "year": 2009,
            "quarter": 4,
            "eps": 0.26,
            "eps_growth_year": 23.81,
            "eps_4q": 0.76,
            "eps_4q_growth_year": 34.76,
            "roe": 2.9,
            "roe_4q": 9.04,
            "gross_profit": 93760,
            "gross_margin": 5.22,
            "gross_margin_4q_avg": 4.66,
            "net_income": 60696,
            "net_income_4q": null,
            "revenue": 1795030,
            "revenue_4q": null,
            "common_shares": 2091799,
            "book_valuer_per_share": 9.39,
            "book_valuer_per_share_4q_avg": 9.12,
            "equity": 2119847,
            "current_ratio": 114.3,
            "debt_ratio": 70.34,
            "inventory_turnover_ratio": 12.04,
            "account_receivable_turnover_ratio": 1.68,
            "reinvestment_rate": null,
            "research_to_sale_ratio": null,
            "price_fair": 22.4,
            "eps_avg_yearly": 0.64,
            "eps_latest_yearly": 1.04,
            "eps_growth_yearly": 195.68
        },
        "20101": {
            "year_quarter": 20101,
            "year": 2010,
            "quarter": 1,
            "eps": 0.24,
            "eps_growth_year": -17.24,
            "eps_4q": 0.71,
            "eps_4q_growth_year": -7.76,
            "roe": 2.48,
            "roe_4q": 8.24,
            "gross_profit": 90462,
            "gross_margin": 5.08,
            "gross_margin_4q_avg": 4.9,
            "net_income": 53262,
            "net_income_4q": null,
            "revenue": 1781605,
            "revenue_4q": null,
            "common_shares": 2091799,
            "book_valuer_per_share": 9.62,
            "book_valuer_per_share_4q_avg": 9.28,
            "equity": 2170480,
            "current_ratio": 116.6,
            "debt_ratio": 68.67,
            "inventory_turnover_ratio": 85.87,
            "account_receivable_turnover_ratio": 0.85,
            "reinvestment_rate": null,
            "research_to_sale_ratio": null,
            "price_fair": 23.8,
            "eps_avg_yearly": 0.68,
            "eps_latest_yearly": 0.96,
            "eps_growth_yearly": 167.38
        },
        "20102": {
            "year_quarter": 20102,
            "year": 2010,
            "quarter": 2,
            "eps": 0.71,
            "eps_growth_year": 1683.85,
            "eps_4q": 1.39,
            "eps_4q_growth_year": 289.42,
            "roe": 6.95,
            "roe_4q": 14.46,
            "gross_profit": 198990,
            "gross_margin": 10.08,
            "gross_margin_4q_avg": 6.2,
            "net_income": 156591,
            "net_income_4q": null,
            "revenue": 1974940,
            "revenue_4q": null,
            "common_shares": 2091799,
            "book_valuer_per_share": 10.36,
            "book_valuer_per_share_4q_avg": 9.63,
            "equity": 2335459,
            "current_ratio": 119.53,
            "debt_ratio": 67.72,
            "inventory_turnover_ratio": 106.48,
            "account_receivable_turnover_ratio": 0.87,
            "reinvestment_rate": null,
            "research_to_sale_ratio": null,
            "price_fair": 32.2,
            "eps_avg_yearly": 0.92,
            "eps_latest_yearly": 2.84,
            "eps_growth_yearly": 235.82
        },
        "20103": {
            "year_quarter": 20103,
            "year": 2010,
            "quarter": 3,
            "eps": 0.65,
            "eps_growth_year": 263.82,
            "eps_4q": 1.87,
            "eps_4q_growth_year": 203.79,
            "roe": 5.98,
            "roe_4q": 18.31,
            "gross_profit": 210876,
            "gross_margin": 10.17,
            "gross_margin_4q_avg": 7.64,
            "net_income": 143725,
            "net_income_4q": null,
            "revenue": 2073952,
            "revenue_4q": null,
            "common_shares": 2091799,
            "book_valuer_per_share": 10.99,
            "book_valuer_per_share_4q_avg": 10.09,
            "equity": 2472581,
            "current_ratio": 123.7,
            "debt_ratio": 65.85,
            "inventory_turnover_ratio": 120.71,
            "account_receivable_turnover_ratio": 0.83,
            "reinvestment_rate": 293.89,
            "research_to_sale_ratio": null,
            "price_fair": 38.08,
            "eps_avg_yearly": 1.09,
            "eps_latest_yearly": 2.6,
            "eps_growth_yearly": 208.85
        },
        "20104": {
            "year_quarter": 20104,
            "year": 2010,
            "quarter": 4,
            "eps": 0.66,
            "eps_growth_year": 154.32,
            "eps_4q": 2.27,
            "eps_4q_growth_year": 197.59,
            "roe": 5.77,
            "roe_4q": 21.18,
            "gross_profit": 206245,
            "gross_margin": 9.7,
            "gross_margin_4q_avg": 8.76,
            "net_income": 142361,
            "net_income_4q": null,
            "revenue": 2125868,
            "revenue_4q": null,
            "common_shares": 2091799,
            "book_valuer_per_share": 11.68,
            "book_valuer_per_share_4q_avg": 10.66,
            "equity": 2465194,
            "current_ratio": 122.07,
            "debt_ratio": 67.15,
            "inventory_turnover_ratio": 102.29,
            "account_receivable_turnover_ratio": 0.85,
            "reinvestment_rate": 51.25,
            "research_to_sale_ratio": null,
            "price_fair": 43.02,
            "eps_avg_yearly": 1.23,
            "eps_latest_yearly": 2.64,
            "eps_growth_yearly": 190.43
        },
        "20111": {
            "year_quarter": 20111,
            "year": 2011,
            "quarter": 1,
            "eps": 0.3,
            "eps_growth_year": 25,
            "eps_4q": 2.33,
            "eps_4q_growth_year": 225.82,
            "roe": 2.56,
            "roe_4q": 21.26,
            "gross_profit": 108807,
            "gross_margin": 6.67,
            "gross_margin_4q_avg": 9.16,
            "net_income": 63886,
            "net_income_4q": null,
            "revenue": 1631428,
            "revenue_4q": null,
            "common_shares": 2091799,
            "book_valuer_per_share": 11.98,
            "book_valuer_per_share_4q_avg": 11.25,
            "equity": 2529090,
            "current_ratio": 126.23,
            "debt_ratio": 64.83,
            "inventory_turnover_ratio": 98.53,
            "account_receivable_turnover_ratio": 0.67,
            "reinvestment_rate": 121.32,
            "research_to_sale_ratio": null,
            "price_fair": 42.93,
            "eps_avg_yearly": 1.23,
            "eps_latest_yearly": 1.2,
            "eps_growth_yearly": 156.38
        },
        "20112": {
            "year_quarter": 20112,
            "year": 2011,
            "quarter": 2,
            "eps": 0.26,
            "eps_growth_year": -63.91,
            "eps_4q": 1.79,
            "eps_4q_growth_year": 28.43,
            "roe": 2.3,
            "roe_4q": 16.61,
            "gross_profit": 136395,
            "gross_margin": 6.87,
            "gross_margin_4q_avg": 8.35,
            "net_income": 58549,
            "net_income_4q": null,
            "revenue": 1985182,
            "revenue_4q": null,
            "common_shares": 2091799,
            "book_valuer_per_share": 12.12,
            "book_valuer_per_share_4q_avg": 11.69,
            "equity": 2560880,
            "current_ratio": 124.3,
            "debt_ratio": 66,
            "inventory_turnover_ratio": 135.59,
            "account_receivable_turnover_ratio": 0.8,
            "reinvestment_rate": 123.68,
            "research_to_sale_ratio": null,
            "price_fair": 45.5,
            "eps_avg_yearly": 1.3,
            "eps_latest_yearly": 1.04,
            "eps_growth_yearly": 170.45
        },
        "20113": {
            "year_quarter": 20113,
            "year": 2011,
            "quarter": 3,
            "eps": 0.26,
            "eps_growth_year": -60.78,
            "eps_4q": 1.42,
            "eps_4q_growth_year": -23.8,
            "roe": 2.21,
            "roe_4q": 12.84,
            "gross_profit": 114519,
            "gross_margin": 5.44,
            "gross_margin_4q_avg": 7.17,
            "net_income": 57565,
            "net_income_4q": null,
            "revenue": 2104931,
            "revenue_4q": null,
            "common_shares": 2091799,
            "book_valuer_per_share": 12.55,
            "book_valuer_per_share_4q_avg": 12.08,
            "equity": 2652295,
            "current_ratio": 124.12,
            "debt_ratio": 66.27,
            "inventory_turnover_ratio": 193.38,
            "account_receivable_turnover_ratio": 0.78,
            "reinvestment_rate": 125.52,
            "research_to_sale_ratio": null,
            "price_fair": 44.8,
            "eps_avg_yearly": 1.28,
            "eps_latest_yearly": 1.04,
            "eps_growth_yearly": 157.34
        },
        "20114": {
            "year_quarter": 20114,
            "year": 2011,
            "quarter": 4,
            "eps": 0.27,
            "eps_growth_year": -59.36,
            "eps_4q": 1.06,
            "eps_4q_growth_year": -53.1,
            "roe": 2.26,
            "roe_4q": 9.33,
            "gross_profit": 107214,
            "gross_margin": 5.44,
            "gross_margin_4q_avg": 6.11,
            "net_income": 60512,
            "net_income_4q": null,
            "revenue": 1969890,
            "revenue_4q": null,
            "common_shares": 2208940,
            "book_valuer_per_share": 12.16,
            "book_valuer_per_share_4q_avg": 12.2,
            "equity": 2714496,
            "current_ratio": 122.72,
            "debt_ratio": 67.91,
            "inventory_turnover_ratio": 107.78,
            "account_receivable_turnover_ratio": 0.73,
            "reinvestment_rate": 61.25,
            "research_to_sale_ratio": null,
            "price_fair": 44.3,
            "eps_avg_yearly": 1.27,
            "eps_latest_yearly": 1.08,
            "eps_growth_yearly": 147.2
        },
        "20121": {
            "year_quarter": 20121,
            "year": 2012,
            "quarter": 1,
            "eps": 0.12,
            "eps_growth_year": -60,
            "eps_4q": 0.9,
            "eps_4q_growth_year": -61.34,
            "roe": 1.01,
            "roe_4q": 7.779999999999999,
            "gross_profit": 62839,
            "gross_margin": 3.56,
            "gross_margin_4q_avg": 5.33,
            "net_income": 27548,
            "net_income_4q": null,
            "revenue": 1767299,
            "revenue_4q": null,
            "common_shares": 2208940,
            "book_valuer_per_share": 12.21,
            "book_valuer_per_share_4q_avg": 12.26,
            "equity": 2728398,
            "current_ratio": 125.97,
            "debt_ratio": 66.14,
            "inventory_turnover_ratio": 84.99,
            "account_receivable_turnover_ratio": 0.65,
            "reinvestment_rate": 59.51,
            "research_to_sale_ratio": null,
            "price_fair": 42.47,
            "eps_avg_yearly": 1.21,
            "eps_latest_yearly": 0.48,
            "eps_growth_yearly": 122.57
        },
        "20122": {
            "year_quarter": 20122,
            "year": 2012,
            "quarter": 2,
            "eps": 0.27,
            "eps_growth_year": 6.65,
            "eps_4q": 0.89,
            "eps_4q_growth_year": -50.36,
            "roe": 2.41,
            "roe_4q": 7.89,
            "gross_profit": 133383,
            "gross_margin": 6.02,
            "gross_margin_4q_avg": 5.12,
            "net_income": 65755,
            "net_income_4q": null,
            "revenue": 2216058,
            "revenue_4q": null,
            "common_shares": 2208940,
            "book_valuer_per_share": 12.21,
            "book_valuer_per_share_4q_avg": 12.28,
            "equity": 2729503,
            "current_ratio": 125.85,
            "debt_ratio": 66.7,
            "inventory_turnover_ratio": 56.39,
            "account_receivable_turnover_ratio": 0.76,
            "reinvestment_rate": 58.68,
            "research_to_sale_ratio": null,
            "price_fair": 42.18,
            "eps_avg_yearly": 1.21,
            "eps_latest_yearly": 1.08,
            "eps_growth_yearly": 146.16
        },
        "20123": {
            "year_quarter": 20123,
            "year": 2012,
            "quarter": 3,
            "eps": 0.12,
            "eps_growth_year": -53.69,
            "eps_4q": 0.77,
            "eps_4q_growth_year": -45.53,
            "roe": 1.04,
            "roe_4q": 6.72,
            "gross_profit": 58858,
            "gross_margin": 3.15,
            "gross_margin_4q_avg": 4.54,
            "net_income": 28398,
            "net_income_4q": null,
            "revenue": 1868113,
            "revenue_4q": null,
            "common_shares": 2319387,
            "book_valuer_per_share": 11.8,
            "book_valuer_per_share_4q_avg": 12.1,
            "equity": 2710765,
            "current_ratio": 125.63,
            "debt_ratio": 65.68,
            "inventory_turnover_ratio": 38.18,
            "account_receivable_turnover_ratio": 0.67,
            "reinvestment_rate": 55.28,
            "research_to_sale_ratio": null,
            "price_fair": 42.35,
            "eps_avg_yearly": 1.21,
            "eps_latest_yearly": 0.48,
            "eps_growth_yearly": 146.85
        },
        "20124": {
            "year_quarter": 20124,
            "year": 2012,
            "quarter": 4,
            "eps": 0.2,
            "eps_growth_year": -26.28,
            "eps_4q": 0.71,
            "eps_4q_growth_year": -33.2,
            "roe": 1.7,
            "roe_4q": 6.16,
            "gross_profit": 94603,
            "gross_margin": 3.53,
            "gross_margin_4q_avg": 4.07,
            "net_income": 46467,
            "net_income_4q": null,
            "revenue": 2678913,
            "revenue_4q": null,
            "common_shares": 2319387,
            "book_valuer_per_share": 11.99,
            "book_valuer_per_share_4q_avg": 12.05,
            "equity": 2756989,
            "current_ratio": 134.04,
            "debt_ratio": 65.79,
            "inventory_turnover_ratio": 137.41,
            "account_receivable_turnover_ratio": 0.97,
            "reinvestment_rate": 54.52,
            "research_to_sale_ratio": null,
            "price_fair": 42.26,
            "eps_avg_yearly": 1.21,
            "eps_latest_yearly": 0.8,
            "eps_growth_yearly": 136.02
        },
        "20131": {
            "year_quarter": 20131,
            "year": 2013,
            "quarter": 1,
            "eps": 0.16,
            "eps_growth_year": 33.33,
            "eps_4q": 0.76,
            "eps_4q_growth_year": -15.3,
            "roe": 1.37,
            "roe_4q": 6.5200000000000005,
            "gross_profit": 88650,
            "gross_margin": 4.47,
            "gross_margin_4q_avg": 4.29,
            "net_income": 39294,
            "net_income_4q": null,
            "revenue": 1982941,
            "revenue_4q": null,
            "common_shares": 2319387,
            "book_valuer_per_share": 13.03,
            "book_valuer_per_share_4q_avg": 12.26,
            "equity": 2995655,
            "current_ratio": 130.52,
            "debt_ratio": 67.32,
            "inventory_turnover_ratio": 127.76,
            "account_receivable_turnover_ratio": 0.63,
            "reinvestment_rate": 15.67,
            "research_to_sale_ratio": null,
            "price_fair": 41.13,
            "eps_avg_yearly": 1.18,
            "eps_latest_yearly": 0.64,
            "eps_growth_yearly": 121.5
        },
        "20132": {
            "year_quarter": 20132,
            "year": 2013,
            "quarter": 2,
            "eps": -0.99,
            "eps_growth_year": -460.48,
            "eps_4q": -0.52,
            "eps_4q_growth_year": -158.42,
            "roe": -7.95,
            "roe_4q": -3.84,
            "gross_profit": -189699,
            "gross_margin": -7.83,
            "gross_margin_4q_avg": 0.83,
            "net_income": -225250,
            "net_income_4q": null,
            "revenue": 2422551,
            "revenue_4q": null,
            "common_shares": 2319387,
            "book_valuer_per_share": 11.79,
            "book_valuer_per_share_4q_avg": 12.15,
            "equity": 2671088,
            "current_ratio": 126.77,
            "debt_ratio": 68.36,
            "inventory_turnover_ratio": 134.63,
            "account_receivable_turnover_ratio": 0.87,
            "reinvestment_rate": 21.06,
            "research_to_sale_ratio": null,
            "price_fair": 43.49,
            "eps_avg_yearly": 1.24,
            "eps_latest_yearly": 0.64,
            "eps_growth_yearly": 152.59
        },
        "20133": {
            "year_quarter": 20133,
            "year": 2013,
            "quarter": 3,
            "eps": 0.25,
            "eps_growth_year": 110.18,
            "eps_4q": -0.33,
            "eps_4q_growth_year": -142.75,
            "roe": 2.64,
            "roe_4q": -2.24,
            "gross_profit": 104259,
            "gross_margin": 3.96,
            "gross_margin_4q_avg": 1.03,
            "net_income": 71211,
            "net_income_4q": null,
            "revenue": 2632012,
            "revenue_4q": null,
            "common_shares": 2364775,
            "book_valuer_per_share": 11.85,
            "book_valuer_per_share_4q_avg": 12.17,
            "equity": 2724519,
            "current_ratio": 127.67,
            "debt_ratio": 68.42,
            "inventory_turnover_ratio": 179.32,
            "account_receivable_turnover_ratio": 1.17,
            "reinvestment_rate": 12.41,
            "research_to_sale_ratio": null,
            "price_fair": 44.8,
            "eps_avg_yearly": 1.28,
            "eps_latest_yearly": 0.64,
            "eps_growth_yearly": 63.48
        },
        "20134": {
            "year_quarter": 20134,
            "year": 2013,
            "quarter": 4,
            "eps": 0.38,
            "eps_growth_year": 90.18,
            "eps_4q": -0.15,
            "eps_4q_growth_year": -121.53,
            "roe": 3.12,
            "roe_4q": -0.8200000000000003,
            "gross_profit": 105499,
            "gross_margin": 3.35,
            "gross_margin_4q_avg": 0.99,
            "net_income": 86623,
            "net_income_4q": null,
            "revenue": 3146749,
            "revenue_4q": null,
            "common_shares": 2364775,
            "book_valuer_per_share": 12.32,
            "book_valuer_per_share_4q_avg": 12.25,
            "equity": 2833267,
            "current_ratio": 127.32,
            "debt_ratio": 69.53,
            "inventory_turnover_ratio": 77.67,
            "account_receivable_turnover_ratio": 1.16,
            "reinvestment_rate": -22.01,
            "research_to_sale_ratio": null,
            "price_fair": 46,
            "eps_avg_yearly": 1.31,
            "eps_latest_yearly": 1.52,
            "eps_growth_yearly": 65.64
        },
        "20141": {
            "year_quarter": 20141,
            "year": 2014,
            "quarter": 1,
            "eps": 0.34,
            "eps_growth_year": 112.5,
            "eps_4q": 0.03,
            "eps_4q_growth_year": -96.57,
            "roe": 2.73,
            "roe_4q": 0.54,
            "gross_profit": 137111,
            "gross_margin": 5.06,
            "gross_margin_4q_avg": 1.14,
            "net_income": 78367,
            "net_income_4q": null,
            "revenue": 2707973,
            "revenue_4q": null,
            "common_shares": 2364775,
            "book_valuer_per_share": 12.63,
            "book_valuer_per_share_4q_avg": 12.15,
            "equity": 2901765,
            "current_ratio": 131.8,
            "debt_ratio": 66.9,
            "inventory_turnover_ratio": 59.49,
            "account_receivable_turnover_ratio": 0.95,
            "reinvestment_rate": -23.57,
            "research_to_sale_ratio": null,
            "price_fair": 47,
            "eps_avg_yearly": 1.34,
            "eps_latest_yearly": 1.36,
            "eps_growth_yearly": 64.83
        },
        "20142": {
            "year_quarter": 20142,
            "year": 2014,
            "quarter": 2,
            "eps": 0.14,
            "eps_growth_year": null,
            "eps_4q": 1.17,
            "eps_4q_growth_year": null,
            "roe": 1.14,
            "roe_4q": 9.63,
            "gross_profit": 81704,
            "gross_margin": 2.95,
            "gross_margin_4q_avg": 3.83,
            "net_income": 33080,
            "net_income_4q": null,
            "revenue": 2772341,
            "revenue_4q": null,
            "common_shares": 2364775,
            "book_valuer_per_share": 12.61,
            "book_valuer_per_share_4q_avg": 12.35,
            "equity": 2897147,
            "current_ratio": 133.12,
            "debt_ratio": 66.46,
            "inventory_turnover_ratio": 154.11,
            "account_receivable_turnover_ratio": 1.01,
            "reinvestment_rate": -30.96,
            "research_to_sale_ratio": null,
            "price_fair": 3.54,
            "eps_avg_yearly": 1.18,
            "eps_latest_yearly": 0.56,
            "eps_growth_yearly": -7.93
        },
        "20143": {
            "year_quarter": 20143,
            "year": 2014,
            "quarter": 3,
            "eps": 0.27,
            "eps_growth_year": 8,
            "eps_4q": 1.14,
            "eps_4q_growth_year": null,
            "roe": 2.12,
            "roe_4q": 9.11,
            "gross_profit": 121296,
            "gross_margin": 4.5,
            "gross_margin_4q_avg": 3.97,
            "net_income": 62298,
            "net_income_4q": null,
            "revenue": 2697658,
            "revenue_4q": null,
            "common_shares": 2364775,
            "book_valuer_per_share": 12.94,
            "book_valuer_per_share_4q_avg": 12.63,
            "equity": 2975138,
            "current_ratio": 132.62,
            "debt_ratio": 67.3,
            "inventory_turnover_ratio": 137.45,
            "account_receivable_turnover_ratio": 0.93,
            "reinvestment_rate": -35.34,
            "research_to_sale_ratio": null,
            "price_fair": 33.24,
            "eps_avg_yearly": 1.07,
            "eps_latest_yearly": 1.08,
            "eps_growth_yearly": 21.02
        },
        "20144": {
            "year_quarter": 20144,
            "year": 2014,
            "quarter": 4,
            "eps": -0.11,
            "eps_growth_year": -129.96,
            "eps_4q": 0.65,
            "eps_4q_growth_year": null,
            "roe": -0.83,
            "roe_4q": 5.16,
            "gross_profit": 768,
            "gross_margin": 0.02,
            "gross_margin_4q_avg": 3.13,
            "net_income": -24628,
            "net_income_4q": null,
            "revenue": 3594885,
            "revenue_4q": null,
            "common_shares": 2364775,
            "book_valuer_per_share": 12.87,
            "book_valuer_per_share_4q_avg": 12.76,
            "equity": 2961006,
            "current_ratio": 129.62,
            "debt_ratio": 67.87,
            "inventory_turnover_ratio": 137.04,
            "account_receivable_turnover_ratio": 1.24,
            "reinvestment_rate": -73.91,
            "research_to_sale_ratio": null,
            "price_fair": 30.58,
            "eps_avg_yearly": 0.95,
            "eps_latest_yearly": 1.08,
            "eps_growth_yearly": 22.16
        },
        "20151": {
            "year_quarter": 20151,
            "year": 2015,
            "quarter": 1,
            "eps": 0.39,
            "eps_growth_year": 14.71,
            "eps_4q": 0.69,
            "eps_4q_growth_year": 2529.65,
            "roe": 2.94,
            "roe_4q": 5.37,
            "gross_profit": 168189,
            "gross_margin": 5.81,
            "gross_margin_4q_avg": 3.32,
            "net_income": 88232,
            "net_income_4q": null,
            "revenue": 2897225,
            "revenue_4q": null,
            "common_shares": 2364775,
            "book_valuer_per_share": 13.26,
            "book_valuer_per_share_4q_avg": 12.92,
            "equity": 3050747,
            "current_ratio": 133.4,
            "debt_ratio": 66.1,
            "inventory_turnover_ratio": 74.16,
            "account_receivable_turnover_ratio": 0.9,
            "reinvestment_rate": -74.28,
            "research_to_sale_ratio": null,
            "price_fair": 32.55,
            "eps_avg_yearly": 0.93,
            "eps_latest_yearly": 1.08,
            "eps_growth_yearly": 42.19
        },
        "20152": {
            "year_quarter": 20152,
            "year": 2015,
            "quarter": 2,
            "eps": 0.1,
            "eps_growth_year": -28.57,
            "eps_4q": 0.64,
            "eps_4q_growth_year": -45.11,
            "roe": 0.77,
            "roe_4q": 5,
            "gross_profit": 88942,
            "gross_margin": 4.14,
            "gross_margin_4q_avg": 3.62,
            "net_income": 23128,
            "net_income_4q": null,
            "revenue": 2146021,
            "revenue_4q": null,
            "common_shares": 2364775,
            "book_valuer_per_share": 13.01,
            "book_valuer_per_share_4q_avg": 13.02,
            "equity": 2994205,
            "current_ratio": 134.42,
            "debt_ratio": 65.63,
            "inventory_turnover_ratio": 45.1,
            "account_receivable_turnover_ratio": 0.65,
            "reinvestment_rate": -100.13,
            "research_to_sale_ratio": null,
            "price_fair": 27.92,
            "eps_avg_yearly": 0.88,
            "eps_latest_yearly": 0.4,
            "eps_growth_yearly": 21.85
        },
        "20153": {
            "year_quarter": 20153,
            "year": 2015,
            "quarter": 3,
            "eps": 0.09,
            "eps_growth_year": -66.67,
            "eps_4q": 0.46,
            "eps_4q_growth_year": -59.25,
            "roe": 0.7,
            "roe_4q": 3.58,
            "gross_profit": 56472,
            "gross_margin": 3.85,
            "gross_margin_4q_avg": 3.46,
            "net_income": 21090,
            "net_income_4q": null,
            "revenue": 1468500,
            "revenue_4q": null,
            "common_shares": 2314775,
            "book_valuer_per_share": 13.21,
            "book_valuer_per_share_4q_avg": 13.09,
            "equity": 3039401,
            "current_ratio": 136.39,
            "debt_ratio": 63.81,
            "inventory_turnover_ratio": 45.78,
            "account_receivable_turnover_ratio": 0.49,
            "reinvestment_rate": -111.9,
            "research_to_sale_ratio": null,
            "price_fair": 23.38,
            "eps_avg_yearly": 0.82,
            "eps_latest_yearly": 0.36,
            "eps_growth_yearly": 18.52
        },
        "20154": {
            "year_quarter": 20154,
            "year": 2015,
            "quarter": 4,
            "eps": -0.04,
            "eps_growth_year": null,
            "eps_4q": 0.54,
            "eps_4q_growth_year": -16.36,
            "roe": -0.25,
            "roe_4q": 4.16,
            "gross_profit": 31492,
            "gross_margin": 1.7,
            "gross_margin_4q_avg": 3.88,
            "net_income": -7535,
            "net_income_4q": null,
            "revenue": 1855751,
            "revenue_4q": null,
            "common_shares": 2314775,
            "book_valuer_per_share": 13.18,
            "book_valuer_per_share_4q_avg": 13.17,
            "equity": 3031834,
            "current_ratio": 106.62,
            "debt_ratio": 71.55,
            "inventory_turnover_ratio": 80.74,
            "account_receivable_turnover_ratio": 0.65,
            "reinvestment_rate": 182.95,
            "research_to_sale_ratio": null,
            "price_fair": 22.94,
            "eps_avg_yearly": 0.8,
            "eps_latest_yearly": 0.36,
            "eps_growth_yearly": 18.8
        },
        "20161": {
            "year_quarter": 20161,
            "year": 2016,
            "quarter": 1,
            "eps": 0.12,
            "eps_growth_year": -69.23,
            "eps_4q": 0.27,
            "eps_4q_growth_year": -59.98,
            "roe": 0.84,
            "roe_4q": 2.06,
            "gross_profit": 63551,
            "gross_margin": 5.42,
            "gross_margin_4q_avg": 3.78,
            "net_income": 25592,
            "net_income_4q": null,
            "revenue": 1172551,
            "revenue_4q": null,
            "common_shares": 2314775,
            "book_valuer_per_share": 13.39,
            "book_valuer_per_share_4q_avg": 13.2,
            "equity": 3076618,
            "current_ratio": 104.34,
            "debt_ratio": 69.73,
            "inventory_turnover_ratio": 57.85,
            "account_receivable_turnover_ratio": 0.42,
            "reinvestment_rate": 190.98,
            "research_to_sale_ratio": null,
            "price_fair": 28.98,
            "eps_avg_yearly": 0.83,
            "eps_latest_yearly": 0.36,
            "eps_growth_yearly": 42.9
        },
        "20162": {
            "year_quarter": 20162,
            "year": 2016,
            "quarter": 2,
            "eps": -0.02,
            "eps_growth_year": -120,
            "eps_4q": 0.16,
            "eps_4q_growth_year": -75.82,
            "roe": -0.16,
            "roe_4q": 1.13,
            "gross_profit": 41650,
            "gross_margin": 3.53,
            "gross_margin_4q_avg": 3.63,
            "net_income": -4719,
            "net_income_4q": null,
            "revenue": 1180412,
            "revenue_4q": null,
            "common_shares": 2314775,
            "book_valuer_per_share": 12.98,
            "book_valuer_per_share_4q_avg": 13.19,
            "equity": 2982162,
            "current_ratio": 109.46,
            "debt_ratio": 70.27,
            "inventory_turnover_ratio": 285.08,
            "account_receivable_turnover_ratio": 0.46,
            "reinvestment_rate": 116.79,
            "research_to_sale_ratio": null,
            "price_fair": 2.4,
            "eps_avg_yearly": 0.8,
            "eps_latest_yearly": 0.36,
            "eps_growth_yearly": -7.88
        },
        "20163": {
            "year_quarter": 20163,
            "year": 2016,
            "quarter": 3,
            "eps": 0.61,
            "eps_growth_year": 577.78,
            "eps_4q": 0.67,
            "eps_4q_growth_year": 44.97,
            "roe": 4.57,
            "roe_4q": 5,
            "gross_profit": -33234,
            "gross_margin": -2.2,
            "gross_margin_4q_avg": 2.11,
            "net_income": 137162,
            "net_income_4q": null,
            "revenue": 1513530,
            "revenue_4q": null,
            "common_shares": 2262785,
            "book_valuer_per_share": 13.33,
            "book_valuer_per_share_4q_avg": 13.22,
            "equity": 3015438,
            "current_ratio": 109.35,
            "debt_ratio": 69.95,
            "inventory_turnover_ratio": null,
            "account_receivable_turnover_ratio": 0.59,
            "reinvestment_rate": 93.55,
            "research_to_sale_ratio": null,
            "price_fair": 24.28,
            "eps_avg_yearly": 0.84,
            "eps_latest_yearly": 0.36,
            "eps_growth_yearly": 18.91
        },
        "20164": {
            "year_quarter": 20164,
            "year": 2016,
            "quarter": 4,
            "eps": -0.61,
            "eps_growth_year": null,
            "eps_4q": 0.09,
            "eps_4q_growth_year": -82.98,
            "roe": -4.7,
            "roe_4q": 0.55,
            "gross_profit": -73216,
            "gross_margin": -2.84,
            "gross_margin_4q_avg": 0.98,
            "net_income": -138996,
            "net_income_4q": null,
            "revenue": 2574798,
            "revenue_4q": null,
            "common_shares": 2262785,
            "book_valuer_per_share": 12.79,
            "book_valuer_per_share_4q_avg": 13.12,
            "equity": 2895114,
            "current_ratio": 106.72,
            "debt_ratio": 72.54,
            "inventory_turnover_ratio": null,
            "account_receivable_turnover_ratio": 0.93,
            "reinvestment_rate": 152.19,
            "research_to_sale_ratio": null,
            "price_fair": 2.54,
            "eps_avg_yearly": 0.85,
            "eps_latest_yearly": 0.36,
            "eps_growth_yearly": -16.49
        },
        "20171": {
            "year_quarter": 20171,
            "year": 2017,
            "quarter": 1,
            "eps": 0.17,
            "eps_growth_year": 41.67,
            "eps_4q": -0.2,
            "eps_4q_growth_year": -173.81,
            "roe": -1.38,
            "roe_4q": -1.6699999999999997,
            "gross_profit": -10809,
            "gross_margin": -0.52,
            "gross_margin_4q_avg": -0.51,
            "net_income": -39453,
            "net_income_4q": null,
            "revenue": 2095223,
            "revenue_4q": null,
            "common_shares": 2262785,
            "book_valuer_per_share": 12.47,
            "book_valuer_per_share_4q_avg": 12.89,
            "equity": 2821521,
            "current_ratio": 105.17,
            "debt_ratio": 70.85,
            "inventory_turnover_ratio": null,
            "account_receivable_turnover_ratio": 0.77,
            "reinvestment_rate": 445.89,
            "research_to_sale_ratio": null,
            "price_fair": 2.64,
            "eps_avg_yearly": 0.88,
            "eps_latest_yearly": 0.36,
            "eps_growth_yearly": -5.9
        },
        "20172": {
            "year_quarter": 20172,
            "year": 2017,
            "quarter": 2,
            "eps": -0.99,
            "eps_growth_year": null,
            "eps_4q": -1.17,
            "eps_4q_growth_year": -850.4,
            "roe": -8.28,
            "roe_4q": -9.79,
            "gross_profit": -204993,
            "gross_margin": -8.7,
            "gross_margin_4q_avg": -3.57,
            "net_income": -222891,
            "net_income_4q": null,
            "revenue": 2357080,
            "revenue_4q": null,
            "common_shares": 2262785,
            "book_valuer_per_share": 11.32,
            "book_valuer_per_share_4q_avg": 12.48,
            "equity": 2560744,
            "current_ratio": 101.32,
            "debt_ratio": 73.19,
            "inventory_turnover_ratio": null,
            "account_receivable_turnover_ratio": 0.88,
            "reinvestment_rate": 440.64,
            "research_to_sale_ratio": null,
            "price_fair": 2.64,
            "eps_avg_yearly": 0.88,
            "eps_latest_yearly": 0.36,
            "eps_growth_yearly": -5.9
        },
        "20173": {
            "year_quarter": 20173,
            "year": 2017,
            "quarter": 3,
            "eps": -0.1,
            "eps_growth_year": -116.39,
            "eps_4q": -1.88,
            "eps_4q_growth_year": -379.67,
            "roe": -0.91,
            "roe_4q": -15.27,
            "gross_profit": -17723,
            "gross_margin": -0.91,
            "gross_margin_4q_avg": -3.24,
            "net_income": -23115,
            "net_income_4q": null,
            "revenue": 1957271,
            "revenue_4q": null,
            "common_shares": 2262785,
            "book_valuer_per_share": 11.17,
            "book_valuer_per_share_4q_avg": 11.94,
            "equity": 2528384,
            "current_ratio": 100.6,
            "debt_ratio": 73.3,
            "inventory_turnover_ratio": null,
            "account_receivable_turnover_ratio": 0.72,
            "reinvestment_rate": 909.18,
            "research_to_sale_ratio": null,
            "price_fair": 2.64,
            "eps_avg_yearly": 0.88,
            "eps_latest_yearly": 0.36,
            "eps_growth_yearly": -5.9
        },
        "20174": {
            "year_quarter": 20174,
            "year": 2017,
            "quarter": 4,
            "eps": -1.13,
            "eps_growth_year": null,
            "eps_4q": -2.39,
            "eps_4q_growth_year": -2701.99,
            "roe": -10.68,
            "roe_4q": -21.249999999999996,
            "gross_profit": -244388,
            "gross_margin": -11.31,
            "gross_margin_4q_avg": -5.36,
            "net_income": -255625,
            "net_income_4q": null,
            "revenue": 2160973,
            "revenue_4q": null,
            "common_shares": 2262785,
            "book_valuer_per_share": 9.99,
            "book_valuer_per_share_4q_avg": 11.24,
            "equity": 2260390,
            "current_ratio": 100.56,
            "debt_ratio": 75.12,
            "inventory_turnover_ratio": null,
            "account_receivable_turnover_ratio": 0.94,
            "reinvestment_rate": null,
            "research_to_sale_ratio": null,
            "price_fair": 2.26,
            "eps_avg_yearly": 0.75,
            "eps_latest_yearly": 0.36,
            "eps_growth_yearly": -48.68
        },
        "20181": {
            "year_quarter": 20181,
            "year": 2018,
            "quarter": 1,
            "eps": 0.01,
            "eps_growth_year": -94.12,
            "eps_4q": -2.2,
            "eps_4q_growth_year": null,
            "roe": 0.14,
            "roe_4q": -19.729999999999997,
            "gross_profit": 38812,
            "gross_margin": 2.29,
            "gross_margin_4q_avg": -4.66,
            "net_income": 3089,
            "net_income_4q": null,
            "revenue": 1698256,
            "revenue_4q": null,
            "common_shares": 2262785,
            "book_valuer_per_share": 10.11,
            "book_valuer_per_share_4q_avg": 10.65,
            "equity": 2288557,
            "current_ratio": 99.36,
            "debt_ratio": 73.95,
            "inventory_turnover_ratio": null,
            "account_receivable_turnover_ratio": 1.18,
            "reinvestment_rate": null,
            "research_to_sale_ratio": null,
            "price_fair": 1.8,
            "eps_avg_yearly": 0.6,
            "eps_latest_yearly": 0.36,
            "eps_growth_yearly": -50.33
        },
        "20182": {
            "year_quarter": 20182,
            "year": 2018,
            "quarter": 2,
            "eps": 0.06,
            "eps_growth_year": null,
            "eps_4q": -1.16,
            "eps_4q_growth_year": null,
            "roe": 0.56,
            "roe_4q": -10.89,
            "gross_profit": 47500,
            "gross_margin": 2.5,
            "gross_margin_4q_avg": -1.86,
            "net_income": 12843,
            "net_income_4q": null,
            "revenue": 1897810,
            "revenue_4q": null,
            "common_shares": 2262785,
            "book_valuer_per_share": 10.3,
            "book_valuer_per_share_4q_avg": 10.39,
            "equity": 2330498,
            "current_ratio": 100.39,
            "debt_ratio": 74.5,
            "inventory_turnover_ratio": null,
            "account_receivable_turnover_ratio": 1.79,
            "reinvestment_rate": null,
            "research_to_sale_ratio": null,
            "price_fair": 18.2,
            "eps_avg_yearly": 0.52,
            "eps_latest_yearly": 0.24,
            "eps_growth_yearly": 508.5
        },
        "20183": {
            "year_quarter": 20183,
            "year": 2018,
            "quarter": 3,
            "eps": 0.11,
            "eps_growth_year": null,
            "eps_4q": -0.95,
            "eps_4q_growth_year": null,
            "roe": 1.01,
            "roe_4q": -8.969999999999999,
            "gross_profit": -4117,
            "gross_margin": -0.25,
            "gross_margin_4q_avg": -1.69,
            "net_income": 23850,
            "net_income_4q": null,
            "revenue": 1621094,
            "revenue_4q": null,
            "common_shares": 2262785,
            "book_valuer_per_share": 10.49,
            "book_valuer_per_share_4q_avg": 10.22,
            "equity": 2373648,
            "current_ratio": 100.03,
            "debt_ratio": 74.54,
            "inventory_turnover_ratio": null,
            "account_receivable_turnover_ratio": 1.18,
            "reinvestment_rate": null,
            "research_to_sale_ratio": null,
            "price_fair": 12.6,
            "eps_avg_yearly": 0.36,
            "eps_latest_yearly": 0.44,
            "eps_growth_yearly": 498.97
        },
        "20184": {
            "year_quarter": 20184,
            "year": 2018,
            "quarter": 4,
            "eps": 0.12,
            "eps_growth_year": null,
            "eps_4q": 0.3,
            "eps_4q_growth_year": null,
            "roe": 1.13,
            "roe_4q": 2.84,
            "gross_profit": 20055,
            "gross_margin": 0.89,
            "gross_margin_4q_avg": 1.36,
            "net_income": 27028,
            "net_income_4q": null,
            "revenue": 2254366,
            "revenue_4q": null,
            "common_shares": 2262785,
            "book_valuer_per_share": 10.64,
            "book_valuer_per_share_4q_avg": 10.39,
            "equity": 2407718,
            "current_ratio": 101.75,
            "debt_ratio": 73.66,
            "inventory_turnover_ratio": null,
            "account_receivable_turnover_ratio": 1.77,
            "reinvestment_rate": null,
            "research_to_sale_ratio": null,
            "price_fair": 13.44,
            "eps_avg_yearly": 0.38,
            "eps_latest_yearly": 0.48,
            "eps_growth_yearly": 406.45
        },
        "20191": {
            "year_quarter": 20191,
            "year": 2019,
            "quarter": 1,
            "eps": -0.03,
            "eps_growth_year": -400,
            "eps_4q": 0.25,
            "eps_4q_growth_year": null,
            "roe": -0.28,
            "roe_4q": 2.42,
            "gross_profit": 19818,
            "gross_margin": 1.11,
            "gross_margin_4q_avg": 1.06,
            "net_income": -6884,
            "net_income_4q": null,
            "revenue": 1778712,
            "revenue_4q": null,
            "common_shares": 2262785,
            "book_valuer_per_share": 10.73,
            "book_valuer_per_share_4q_avg": 10.54,
            "equity": 2428614,
            "current_ratio": 101.65,
            "debt_ratio": 72.31,
            "inventory_turnover_ratio": null,
            "account_receivable_turnover_ratio": 1.96,
            "reinvestment_rate": null,
            "research_to_sale_ratio": null,
            "price_fair": 13.44,
            "eps_avg_yearly": 0.38,
            "eps_latest_yearly": 0.48,
            "eps_growth_yearly": 406.45
        },
        "20192": {
            "year_quarter": 20192,
            "year": 2019,
            "quarter": 2,
            "eps": 0.14,
            "eps_growth_year": 133.33,
            "eps_4q": 0.33,
            "eps_4q_growth_year": null,
            "roe": 1.27,
            "roe_4q": 3.13,
            "gross_profit": 57370,
            "gross_margin": 3.61,
            "gross_margin_4q_avg": 1.34,
            "net_income": 31124,
            "net_income_4q": null,
            "revenue": 1589160,
            "revenue_4q": null,
            "common_shares": 2262785,
            "book_valuer_per_share": 10.97,
            "book_valuer_per_share_4q_avg": 10.71,
            "equity": 2484531,
            "current_ratio": 103.19,
            "debt_ratio": 71.5,
            "inventory_turnover_ratio": null,
            "account_receivable_turnover_ratio": 2.08,
            "reinvestment_rate": null,
            "research_to_sale_ratio": null,
            "price_fair": 13.3,
            "eps_avg_yearly": 0.38,
            "eps_latest_yearly": 0.48,
            "eps_growth_yearly": 582.42
        },
        "20193": {
            "year_quarter": 20193,
            "year": 2019,
            "quarter": 3,
            "eps": -0.03,
            "eps_growth_year": -127.27,
            "eps_4q": 0.2,
            "eps_4q_growth_year": null,
            "roe": -0.27,
            "roe_4q": 1.8499999999999999,
            "gross_profit": 26646,
            "gross_margin": 1.38,
            "gross_margin_4q_avg": 1.75,
            "net_income": -6715,
            "net_income_4q": null,
            "revenue": 1934504,
            "revenue_4q": null,
            "common_shares": 2262785,
            "book_valuer_per_share": 10.86,
            "book_valuer_per_share_4q_avg": 10.8,
            "equity": 2457258,
            "current_ratio": 102.6,
            "debt_ratio": 71.44,
            "inventory_turnover_ratio": 37408.98,
            "account_receivable_turnover_ratio": 2.53,
            "reinvestment_rate": null,
            "research_to_sale_ratio": null,
            "price_fair": 13.53,
            "eps_avg_yearly": 0.39,
            "eps_latest_yearly": 0.48,
            "eps_growth_yearly": 789.9
        },
        "20194": {
            "year_quarter": 20194,
            "year": 2019,
            "quarter": 4,
            "eps": 0.07,
            "eps_growth_year": -42.11,
            "eps_4q": 0.15,
            "eps_4q_growth_year": -49.8,
            "roe": 0.63,
            "roe_4q": 1.3499999999999999,
            "gross_profit": 17701,
            "gross_margin": 0.88,
            "gross_margin_4q_avg": 1.75,
            "net_income": 15381,
            "net_income_4q": null,
            "revenue": 2016761,
            "revenue_4q": null,
            "common_shares": 2262785,
            "book_valuer_per_share": 10.86,
            "book_valuer_per_share_4q_avg": 10.86,
            "equity": 2457355,
            "current_ratio": 118.99,
            "debt_ratio": 67.96,
            "inventory_turnover_ratio": 9799.31,
            "account_receivable_turnover_ratio": 4.2,
            "reinvestment_rate": null,
            "research_to_sale_ratio": null,
            "price_fair": 13.53,
            "eps_avg_yearly": 0.39,
            "eps_latest_yearly": 0.48,
            "eps_growth_yearly": 789.9
        },
        "20201": {
            "year_quarter": 20201,
            "year": 2020,
            "quarter": 1,
            "eps": 0.04,
            "eps_growth_year": null,
            "eps_4q": 0.22,
            "eps_4q_growth_year": -14.08,
            "roe": 0.33,
            "roe_4q": 1.96,
            "gross_profit": 13193,
            "gross_margin": 1.32,
            "gross_margin_4q_avg": 1.8,
            "net_income": 8127,
            "net_income_4q": null,
            "revenue": 996254,
            "revenue_4q": null,
            "common_shares": 2262785,
            "book_valuer_per_share": 10.91,
            "book_valuer_per_share_4q_avg": 10.9,
            "equity": 2468410,
            "current_ratio": 121.5,
            "debt_ratio": 64.82,
            "inventory_turnover_ratio": 3130.77,
            "account_receivable_turnover_ratio": 5.03,
            "reinvestment_rate": null,
            "research_to_sale_ratio": null,
            "price_fair": 11.55,
            "eps_avg_yearly": 0.33,
            "eps_latest_yearly": 0.16,
            "eps_growth_yearly": 549.57
        },
        "20202": {
            "year_quarter": 20202,
            "year": 2020,
            "quarter": 2,
            "eps": -0.89,
            "eps_growth_year": -735.71,
            "eps_4q": -0.81,
            "eps_4q_growth_year": -345.09,
            "roe": -8.59,
            "roe_4q": -7.9,
            "gross_profit": -214690,
            "gross_margin": -13.8,
            "gross_margin_4q_avg": -2.56,
            "net_income": -202731,
            "net_income_4q": null,
            "revenue": 1555314,
            "revenue_4q": null,
            "common_shares": 2262785,
            "book_valuer_per_share": 9.96,
            "book_valuer_per_share_4q_avg": 10.65,
            "equity": 2252737,
            "current_ratio": 119.08,
            "debt_ratio": 64.81,
            "inventory_turnover_ratio": 13062.76,
            "account_receivable_turnover_ratio": 7.46,
            "reinvestment_rate": null,
            "research_to_sale_ratio": null,
            "price_fair": 11.55,
            "eps_avg_yearly": 0.33,
            "eps_latest_yearly": 0.16,
            "eps_growth_yearly": 549.57
        },
        "20203": {
            "year_quarter": 20203,
            "year": 2020,
            "quarter": 3,
            "eps": -1.93,
            "eps_growth_year": null,
            "eps_4q": -2.72,
            "eps_4q_growth_year": -1468.46,
            "roe": -21.52,
            "roe_4q": -29.150000000000002,
            "gross_profit": -414043,
            "gross_margin": -21.58,
            "gross_margin_4q_avg": -8.3,
            "net_income": -436910,
            "net_income_4q": null,
            "revenue": 1918836,
            "revenue_4q": null,
            "common_shares": 2262785,
            "book_valuer_per_share": 7.99,
            "book_valuer_per_share_4q_avg": 9.93,
            "equity": 1808098,
            "current_ratio": 107.58,
            "debt_ratio": 70.07,
            "inventory_turnover_ratio": null,
            "account_receivable_turnover_ratio": 7.43,
            "reinvestment_rate": null,
            "research_to_sale_ratio": null,
            "price_fair": 11.55,
            "eps_avg_yearly": 0.33,
            "eps_latest_yearly": 0.16,
            "eps_growth_yearly": 549.57
        },
        "20204": {
            "year_quarter": 20204,
            "year": 2020,
            "quarter": 4,
            "eps": -0.32,
            "eps_growth_year": -566.73,
            "eps_4q": -3.11,
            "eps_4q_growth_year": -2197.21,
            "roe": -4.14,
            "roe_4q": -33.92,
            "gross_profit": -57797,
            "gross_margin": -3.15,
            "gross_margin_4q_avg": -9.3,
            "net_income": -73029,
            "net_income_4q": null,
            "revenue": 1833301,
            "revenue_4q": null,
            "common_shares": 2262785,
            "book_valuer_per_share": 7.62,
            "book_valuer_per_share_4q_avg": 9.12,
            "equity": 1723117,
            "current_ratio": 101.83,
            "debt_ratio": 70.94,
            "inventory_turnover_ratio": null,
            "account_receivable_turnover_ratio": 7.53,
            "reinvestment_rate": null,
            "research_to_sale_ratio": null,
            "price_fair": 11.55,
            "eps_avg_yearly": 0.33,
            "eps_latest_yearly": 0.16,
            "eps_growth_yearly": 549.57
        },
        "20211": {
            "year_quarter": 20211,
            "year": 2021,
            "quarter": 1,
            "eps": 0.21,
            "eps_growth_year": 425,
            "eps_4q": -2.94,
            "eps_4q_growth_year": -1460.83,
            "roe": 2.71,
            "roe_4q": -31.54,
            "gross_profit": 76256,
            "gross_margin": 4.96,
            "gross_margin_4q_avg": -8.39,
            "net_income": 47252,
            "net_income_4q": null,
            "revenue": 1536816,
            "revenue_4q": null,
            "common_shares": 2262785,
            "book_valuer_per_share": 7.82,
            "book_valuer_per_share_4q_avg": 8.35,
            "equity": 1770405,
            "current_ratio": 103.36,
            "debt_ratio": 69.66,
            "inventory_turnover_ratio": null,
            "account_receivable_turnover_ratio": 11.05,
            "reinvestment_rate": null,
            "research_to_sale_ratio": null,
            "price_fair": 11.55,
            "eps_avg_yearly": 0.33,
            "eps_latest_yearly": 0.16,
            "eps_growth_yearly": 549.57
        },
        "20212": {
            "year_quarter": 20212,
            "year": 2021,
            "quarter": 2,
            "eps": 0.02,
            "eps_growth_year": null,
            "eps_4q": -2.03,
            "eps_4q_growth_year": null,
            "roe": 0.21,
            "roe_4q": -22.74,
            "gross_profit": 21919,
            "gross_margin": 1.06,
            "gross_margin_4q_avg": -4.68,
            "net_income": 3766,
            "net_income_4q": null,
            "revenue": 2070043,
            "revenue_4q": null,
            "common_shares": 2262785,
            "book_valuer_per_share": 7.78,
            "book_valuer_per_share_4q_avg": 7.8,
            "equity": 1759616,
            "current_ratio": 103.66,
            "debt_ratio": 70.06,
            "inventory_turnover_ratio": null,
            "account_receivable_turnover_ratio": 13.78,
            "reinvestment_rate": null,
            "research_to_sale_ratio": null,
            "price_fair": 9.8,
            "eps_avg_yearly": 0.28,
            "eps_latest_yearly": 0.08,
            "eps_growth_yearly": 367.27
        },
        "20213": {
            "year_quarter": 20213,
            "year": 2021,
            "quarter": 3,
            "eps": 0.07,
            "eps_growth_year": null,
            "eps_4q": -0.03,
            "eps_4q_growth_year": null,
            "roe": 0.85,
            "roe_4q": -0.36999999999999966,
            "gross_profit": 48602,
            "gross_margin": 2.13,
            "gross_margin_4q_avg": 1.25,
            "net_income": 15036,
            "net_income_4q": null,
            "revenue": 2282331,
            "revenue_4q": null,
            "common_shares": 2262785,
            "book_valuer_per_share": 7.84,
            "book_valuer_per_share_4q_avg": 7.77,
            "equity": 1774328,
            "current_ratio": 104.11,
            "debt_ratio": 69.52,
            "inventory_turnover_ratio": null,
            "account_receivable_turnover_ratio": 16.23,
            "reinvestment_rate": null,
            "research_to_sale_ratio": null,
            "price_fair": 9.8,
            "eps_avg_yearly": 0.28,
            "eps_latest_yearly": 0.28,
            "eps_growth_yearly": 472.73
        },
        "20214": {
            "year_quarter": 20214,
            "year": 2021,
            "quarter": 4,
            "eps": 0.17,
            "eps_growth_year": null,
            "eps_4q": 0.47,
            "eps_4q_growth_year": null,
            "roe": 2.19,
            "roe_4q": 5.96,
            "gross_profit": 52232,
            "gross_margin": 2.43,
            "gross_margin_4q_avg": 2.65,
            "net_income": 39331,
            "net_income_4q": null,
            "revenue": 2153603,
            "revenue_4q": null,
            "common_shares": 2262785,
            "book_valuer_per_share": 8.02,
            "book_valuer_per_share_4q_avg": 7.87,
            "equity": 1814773,
            "current_ratio": 106.77,
            "debt_ratio": 69.84,
            "inventory_turnover_ratio": null,
            "account_receivable_turnover_ratio": 35.07,
            "reinvestment_rate": null,
            "research_to_sale_ratio": null,
            "price_fair": 11.8,
            "eps_avg_yearly": 0.34,
            "eps_latest_yearly": 0.68,
            "eps_growth_yearly": 486.83
        },
        "20221": {
            "year_quarter": 20221,
            "year": 2022,
            "quarter": 1,
            "eps": 0.11,
            "eps_growth_year": -47.62,
            "eps_4q": 0.36,
            "eps_4q_growth_year": null,
            "roe": 1.31,
            "roe_4q": 4.56,
            "gross_profit": 69578,
            "gross_margin": 4.74,
            "gross_margin_4q_avg": 2.59,
            "net_income": 24147,
            "net_income_4q": null,
            "revenue": 1467613,
            "revenue_4q": null,
            "common_shares": 2262785,
            "book_valuer_per_share": 8.23,
            "book_valuer_per_share_4q_avg": 7.97,
            "equity": 1863025,
            "current_ratio": 108.04,
            "debt_ratio": 68.12,
            "inventory_turnover_ratio": null,
            "account_receivable_turnover_ratio": 46.15,
            "reinvestment_rate": null,
            "research_to_sale_ratio": null,
            "price_fair": 12.25,
            "eps_avg_yearly": 0.35,
            "eps_latest_yearly": 0.44,
            "eps_growth_yearly": 408.33
        },
        "20222": {
            "year_quarter": 20222,
            "year": 2022,
            "quarter": 2,
            "eps": -1.56,
            "eps_growth_year": -7900,
            "eps_4q": -1.21,
            "eps_4q_growth_year": null,
            "roe": -20.78,
            "roe_4q": -16.43,
            "gross_profit": -303152,
            "gross_margin": -16.71,
            "gross_margin_4q_avg": -1.85,
            "net_income": -352524,
            "net_income_4q": null,
            "revenue": 1814515,
            "revenue_4q": null,
            "common_shares": 2262785,
            "book_valuer_per_share": 6.76,
            "book_valuer_per_share_4q_avg": 7.71,
            "equity": 1530033,
            "current_ratio": 100.08,
            "debt_ratio": 76.11,
            "inventory_turnover_ratio": null,
            "account_receivable_turnover_ratio": 47.38,
            "reinvestment_rate": null,
            "research_to_sale_ratio": null,
            "price_fair": 12.8,
            "eps_avg_yearly": 0.37,
            "eps_latest_yearly": 0.44,
            "eps_growth_yearly": 180.95
        },
        "20223": {
            "year_quarter": 20223,
            "year": 2022,
            "quarter": 3,
            "eps": -0.03,
            "eps_growth_year": -142.86,
            "eps_4q": -1.31,
            "eps_4q_growth_year": null,
            "roe": -0.49,
            "roe_4q": -17.77,
            "gross_profit": 33355,
            "gross_margin": 2.2,
            "gross_margin_4q_avg": -1.84,
            "net_income": -7552,
            "net_income_4q": null,
            "revenue": 1513282,
            "revenue_4q": null,
            "common_shares": 2262785,
            "book_valuer_per_share": 6.82,
            "book_valuer_per_share_4q_avg": 7.46,
            "equity": 1542702,
            "current_ratio": 100.52,
            "debt_ratio": 74.37,
            "inventory_turnover_ratio": null,
            "account_receivable_turnover_ratio": 9.37,
            "reinvestment_rate": null,
            "research_to_sale_ratio": null,
            "price_fair": 12.37,
            "eps_avg_yearly": 0.35,
            "eps_latest_yearly": 0.44,
            "eps_growth_yearly": 155.55
        },
        "20224": {
            "year_quarter": 20224,
            "year": 2022,
            "quarter": 4,
            "eps": -1.93,
            "eps_growth_year": -1211.64,
            "eps_4q": -3.42,
            "eps_4q_growth_year": -833.64,
            "roe": -30.1,
            "roe_4q": -50.06,
            "gross_profit": -395244,
            "gross_margin": -19.19,
            "gross_margin_4q_avg": -7.24,
            "net_income": -437219,
            "net_income_4q": null,
            "revenue": 2060136,
            "revenue_4q": null,
            "common_shares": 2262785,
            "book_valuer_per_share": 6.02,
            "book_valuer_per_share_4q_avg": 6.96,
            "equity": 1362366,
            "current_ratio": 95.66,
            "debt_ratio": 78.32,
            "inventory_turnover_ratio": null,
            "account_receivable_turnover_ratio": 9.85,
            "reinvestment_rate": null,
            "research_to_sale_ratio": null,
            "price_fair": 11.48,
            "eps_avg_yearly": 0.33,
            "eps_latest_yearly": 0.44,
            "eps_growth_yearly": 179.38
        },
        "20231": {
            "year_quarter": 20231,
            "year": 2023,
            "quarter": 1,
            "eps": 0.27,
            "eps_growth_year": 145.45,
            "eps_4q": -3.26,
            "eps_4q_growth_year": -995.36,
            "roe": 4.35,
            "roe_4q": -47.019999999999996,
            "gross_profit": 72842,
            "gross_margin": 3.71,
            "gross_margin_4q_avg": -7.5,
            "net_income": 60592,
            "net_income_4q": null,
            "revenue": 1963328,
            "revenue_4q": null,
            "common_shares": 2262785,
            "book_valuer_per_share": 6.28,
            "book_valuer_per_share_4q_avg": 6.47,
            "equity": 1421971,
            "current_ratio": 97.13,
            "debt_ratio": 77.49,
            "inventory_turnover_ratio": null,
            "account_receivable_turnover_ratio": 7.42,
            "reinvestment_rate": null,
            "research_to_sale_ratio": null,
            "price_fair": 11.48,
            "eps_avg_yearly": 0.33,
            "eps_latest_yearly": 0.44,
            "eps_growth_yearly": 179.38
        },
        "20232": {
            "year_quarter": 20232,
            "year": 2023,
            "quarter": 2,
            "eps": 0.23,
            "eps_growth_year": null,
            "eps_4q": -1.47,
            "eps_4q_growth_year": null,
            "roe": 3.52,
            "roe_4q": -22.720000000000002,
            "gross_profit": 78235,
            "gross_margin": 4.19,
            "gross_margin_4q_avg": -2.27,
            "net_income": 51019,
            "net_income_4q": null,
            "revenue": 1867715,
            "revenue_4q": null,
            "common_shares": 2262785,
            "book_valuer_per_share": 6.51,
            "book_valuer_per_share_4q_avg": 6.41,
            "equity": 1472971,
            "current_ratio": 98.3,
            "debt_ratio": 77.05,
            "inventory_turnover_ratio": null,
            "account_receivable_turnover_ratio": 6.04,
            "reinvestment_rate": null,
            "research_to_sale_ratio": null,
            "price_fair": 14.93,
            "eps_avg_yearly": 0.43,
            "eps_latest_yearly": 0.92,
            "eps_growth_yearly": 139.61
        },
        "20233": {
            "year_quarter": 20233,
            "year": 2023,
            "quarter": 3,
            "eps": 0.31,
            "eps_growth_year": null,
            "eps_4q": -1.12,
            "eps_4q_growth_year": null,
            "roe": 4.7,
            "roe_4q": -17.53,
            "gross_profit": 103795,
            "gross_margin": 4.49,
            "gross_margin_4q_avg": -1.7,
            "net_income": 71152,
            "net_income_4q": null,
            "revenue": 2313045,
            "revenue_4q": null,
            "common_shares": 2262785,
            "book_valuer_per_share": 6.88,
            "book_valuer_per_share_4q_avg": 6.42,
            "equity": 1555778,
            "current_ratio": 100.14,
            "debt_ratio": 76.1,
            "inventory_turnover_ratio": null,
            "account_receivable_turnover_ratio": 7.63,
            "reinvestment_rate": null,
            "research_to_sale_ratio": null,
            "price_fair": 19,
            "eps_avg_yearly": 0.54,
            "eps_latest_yearly": 1.24,
            "eps_growth_yearly": 139.54
        },
        "20234": {
            "year_quarter": 20234,
            "year": 2023,
            "quarter": 4,
            "eps": -0.04,
            "eps_growth_year": null,
            "eps_4q": 0.77,
            "eps_4q_growth_year": null,
            "roe": -0.54,
            "roe_4q": 12.03,
            "gross_profit": 56648,
            "gross_margin": 2.28,
            "gross_margin_4q_avg": 3.67,
            "net_income": -8340,
            "net_income_4q": null,
            "revenue": 2485506,
            "revenue_4q": null,
            "common_shares": 2262785,
            "book_valuer_per_share": 6.78,
            "book_valuer_per_share_4q_avg": 6.61,
            "equity": 1533510,
            "current_ratio": 100.06,
            "debt_ratio": 77.21,
            "inventory_turnover_ratio": null,
            "account_receivable_turnover_ratio": 7.08,
            "reinvestment_rate": null,
            "research_to_sale_ratio": null,
            "price_fair": 19,
            "eps_avg_yearly": 0.54,
            "eps_latest_yearly": 1.24,
            "eps_growth_yearly": 139.54
        }
    },
    "months": {
        "2001-06": {
            "month": "2001-06",
            "price": "3.02",
            "revenue": 424359
        },
        "2001-07": {
            "month": "2001-07",
            "price": "2.68",
            "revenue": 269500
        },
        "2001-08": {
            "month": "2001-08",
            "price": "2.91",
            "revenue": 261970
        },
        "2001-09": {
            "month": "2001-09",
            "price": "2.47",
            "revenue": 276442
        },
        "2001-10": {
            "month": "2001-10",
            "price": "2.14",
            "revenue": 506944
        },
        "2001-11": {
            "month": "2001-11",
            "price": "2.03",
            "revenue": 589512
        },
        "2001-12": {
            "month": "2001-12",
            "price": "2.40",
            "revenue": 1236707
        },
        "2002-01": {
            "month": "2002-01",
            "price": "2.70",
            "revenue": 698609
        },
        "2002-02": {
            "month": "2002-02",
            "price": "2.60",
            "revenue": 579086
        },
        "2002-03": {
            "month": "2002-03",
            "price": "3.18",
            "revenue": 1362369
        },
        "2002-04": {
            "month": "2002-04",
            "price": "5.24",
            "revenue": 753089
        },
        "2002-05": {
            "month": "2002-05",
            "price": "4.06",
            "revenue": 565531
        },
        "2002-06": {
            "month": "2002-06",
            "price": "4.08",
            "revenue": 874980
        },
        "2002-07": {
            "month": "2002-07",
            "price": "4.68",
            "revenue": 551342
        },
        "2002-08": {
            "month": "2002-08",
            "price": "3.53",
            "revenue": 621347
        },
        "2002-09": {
            "month": "2002-09",
            "price": "2.73",
            "revenue": 666635
        },
        "2002-10": {
            "month": "2002-10",
            "price": "2.63",
            "revenue": 507251
        },
        "2002-11": {
            "month": "2002-11",
            "price": "2.85",
            "revenue": 730549
        },
        "2002-12": {
            "month": "2002-12",
            "price": "3.58",
            "revenue": 769782
        },
        "2003-01": {
            "month": "2003-01",
            "price": "4.85",
            "revenue": 774336
        },
        "2003-02": {
            "month": "2003-02",
            "price": "4.09",
            "revenue": 409717
        },
        "2003-03": {
            "month": "2003-03",
            "price": "3.51",
            "revenue": 574907
        },
        "2003-04": {
            "month": "2003-04",
            "price": "3.38",
            "revenue": 832471
        },
        "2003-05": {
            "month": "2003-05",
            "price": "2.63",
            "revenue": 769344
        },
        "2003-06": {
            "month": "2003-06",
            "price": "3.38",
            "revenue": 536934
        },
        "2003-07": {
            "month": "2003-07",
            "price": "4.23",
            "revenue": 515500
        },
        "2003-08": {
            "month": "2003-08",
            "price": "5.08",
            "revenue": 860016
        },
        "2003-09": {
            "month": "2003-09",
            "price": "4.54",
            "revenue": 678104
        },
        "2003-10": {
            "month": "2003-10",
            "price": "4.96",
            "revenue": 673527
        },
        "2003-11": {
            "month": "2003-11",
            "price": "5.12",
            "revenue": 787946
        },
        "2003-12": {
            "month": "2003-12",
            "price": "5.00",
            "revenue": 744811
        },
        "2004-01": {
            "month": "2004-01",
            "price": "6.23",
            "revenue": 348857
        },
        "2004-02": {
            "month": "2004-02",
            "price": "7.68",
            "revenue": 625512
        },
        "2004-03": {
            "month": "2004-03",
            "price": "8.02",
            "revenue": 643673
        },
        "2004-04": {
            "month": "2004-04",
            "price": "7.21",
            "revenue": 560482
        },
        "2004-05": {
            "month": "2004-05",
            "price": "6.13",
            "revenue": 634693
        },
        "2004-06": {
            "month": "2004-06",
            "price": "5.96",
            "revenue": 829954
        },
        "2004-07": {
            "month": "2004-07",
            "price": "5.32",
            "revenue": 584142
        },
        "2004-08": {
            "month": "2004-08",
            "price": "4.81",
            "revenue": 590378
        },
        "2004-09": {
            "month": "2004-09",
            "price": "6.30",
            "revenue": 562292
        },
        "2004-10": {
            "month": "2004-10",
            "price": "6.65",
            "revenue": 455575
        },
        "2004-11": {
            "month": "2004-11",
            "price": "6.88",
            "revenue": 596856
        },
        "2004-12": {
            "month": "2004-12",
            "price": "5.86",
            "revenue": 828528
        },
        "2005-01": {
            "month": "2005-01",
            "price": "5.51",
            "revenue": 550074
        },
        "2005-02": {
            "month": "2005-02",
            "price": "5.09",
            "revenue": 502220
        },
        "2005-03": {
            "month": "2005-03",
            "price": "4.75",
            "revenue": 599780
        },
        "2005-04": {
            "month": "2005-04",
            "price": "3.71",
            "revenue": 429188
        },
        "2005-05": {
            "month": "2005-05",
            "price": "3.71",
            "revenue": 494499
        },
        "2005-06": {
            "month": "2005-06",
            "price": "4.20",
            "revenue": 474736
        },
        "2005-07": {
            "month": "2005-07",
            "price": "3.85",
            "revenue": 534184
        },
        "2005-08": {
            "month": "2005-08",
            "price": "3.46",
            "revenue": 554445
        },
        "2005-09": {
            "month": "2005-09",
            "price": "3.22",
            "revenue": 514477
        },
        "2005-10": {
            "month": "2005-10",
            "price": "2.88",
            "revenue": 481760
        },
        "2005-11": {
            "month": "2005-11",
            "price": "2.76",
            "revenue": 604655
        },
        "2005-12": {
            "month": "2005-12",
            "price": "3.14",
            "revenue": 686481
        },
        "2006-01": {
            "month": "2006-01",
            "price": "3.35",
            "revenue": 528461
        },
        "2006-02": {
            "month": "2006-02",
            "price": "3.05",
            "revenue": 387718
        },
        "2006-03": {
            "month": "2006-03",
            "price": "2.70",
            "revenue": 515039
        },
        "2006-04": {
            "month": "2006-04",
            "price": "2.78",
            "revenue": 461280
        },
        "2006-05": {
            "month": "2006-05",
            "price": "3.51",
            "revenue": 528434
        },
        "2006-06": {
            "month": "2006-06",
            "price": "3.05",
            "revenue": 540974
        },
        "2006-07": {
            "month": "2006-07",
            "price": "3.03",
            "revenue": 324260
        },
        "2006-08": {
            "month": "2006-08",
            "price": "2.77",
            "revenue": 483549
        },
        "2006-09": {
            "month": "2006-09",
            "price": "2.60",
            "revenue": 528284
        },
        "2006-10": {
            "month": "2006-10",
            "price": "2.98",
            "revenue": 449051
        },
        "2006-11": {
            "month": "2006-11",
            "price": "3.73",
            "revenue": 545569
        },
        "2006-12": {
            "month": "2006-12",
            "price": "5.70",
            "revenue": 936632
        },
        "2007-01": {
            "month": "2007-01",
            "price": "6.95",
            "revenue": 554929
        },
        "2007-02": {
            "month": "2007-02",
            "price": "5.94",
            "revenue": 519878
        },
        "2007-03": {
            "month": "2007-03",
            "price": "6.05",
            "revenue": 742769
        },
        "2007-04": {
            "month": "2007-04",
            "price": "6.26",
            "revenue": 649983
        },
        "2007-05": {
            "month": "2007-05",
            "price": "6.06",
            "revenue": 620239
        },
        "2007-06": {
            "month": "2007-06",
            "price": "6.29",
            "revenue": 914309
        },
        "2007-07": {
            "month": "2007-07",
            "price": "8.49",
            "revenue": 629452
        },
        "2007-08": {
            "month": "2007-08",
            "price": "8.87",
            "revenue": 552100
        },
        "2007-09": {
            "month": "2007-09",
            "price": "8.11",
            "revenue": 745708
        },
        "2007-10": {
            "month": "2007-10",
            "price": "7.51",
            "revenue": 635772
        },
        "2007-11": {
            "month": "2007-11",
            "price": "7.02",
            "revenue": 669238
        },
        "2007-12": {
            "month": "2007-12",
            "price": "6.15",
            "revenue": 827277
        },
        "2008-01": {
            "month": "2008-01",
            "price": "6.10",
            "revenue": 529170
        },
        "2008-02": {
            "month": "2008-02",
            "price": "6.27",
            "revenue": 383018
        },
        "2008-03": {
            "month": "2008-03",
            "price": "7.87",
            "revenue": 955781
        },
        "2008-04": {
            "month": "2008-04",
            "price": "8.59",
            "revenue": 536283
        },
        "2008-05": {
            "month": "2008-05",
            "price": "7.93",
            "revenue": 490869
        },
        "2008-06": {
            "month": "2008-06",
            "price": "6.70",
            "revenue": 587079
        },
        "2008-07": {
            "month": "2008-07",
            "price": "5.44",
            "revenue": 524370
        },
        "2008-08": {
            "month": "2008-08",
            "price": "4.99",
            "revenue": 607172
        },
        "2008-09": {
            "month": "2008-09",
            "price": "4.07",
            "revenue": 772863
        },
        "2008-10": {
            "month": "2008-10",
            "price": "3.40",
            "revenue": 423658
        },
        "2008-11": {
            "month": "2008-11",
            "price": "3.59",
            "revenue": 769234
        },
        "2008-12": {
            "month": "2008-12",
            "price": "4.13",
            "revenue": 724973
        },
        "2009-01": {
            "month": "2009-01",
            "price": "4.15",
            "revenue": 365994
        },
        "2009-02": {
            "month": "2009-02",
            "price": "4.19",
            "revenue": 720300
        },
        "2009-03": {
            "month": "2009-03",
            "price": "5.02",
            "revenue": 825239
        },
        "2009-04": {
            "month": "2009-04",
            "price": "7.38",
            "revenue": 624503
        },
        "2009-05": {
            "month": "2009-05",
            "price": "7.32",
            "revenue": 706362
        },
        "2009-06": {
            "month": "2009-06",
            "price": "6.90",
            "revenue": 879992
        },
        "2009-07": {
            "month": "2009-07",
            "price": "7.62",
            "revenue": 498681
        },
        "2009-08": {
            "month": "2009-08",
            "price": "7.90",
            "revenue": 691797
        },
        "2009-09": {
            "month": "2009-09",
            "price": "7.46",
            "revenue": 669120
        },
        "2009-10": {
            "month": "2009-10",
            "price": "7.19",
            "revenue": 519566
        },
        "2009-11": {
            "month": "2009-11",
            "price": "7.18",
            "revenue": 426352
        },
        "2009-12": {
            "month": "2009-12",
            "price": "7.15",
            "revenue": 627252
        },
        "2010-01": {
            "month": "2010-01",
            "price": "7.69",
            "revenue": 513131
        },
        "2010-02": {
            "month": "2010-02",
            "price": "7.10",
            "revenue": 518737
        },
        "2010-03": {
            "month": "2010-03",
            "price": "7.48",
            "revenue": 603648
        },
        "2010-04": {
            "month": "2010-04",
            "price": "7.42",
            "revenue": 528789
        },
        "2010-05": {
            "month": "2010-05",
            "price": "6.83",
            "revenue": 542722
        },
        "2010-06": {
            "month": "2010-06",
            "price": "6.00",
            "revenue": 736957
        },
        "2010-07": {
            "month": "2010-07",
            "price": "6.11",
            "revenue": 812528
        },
        "2010-08": {
            "month": "2010-08",
            "price": "6.80",
            "revenue": 574685
        },
        "2010-09": {
            "month": "2010-09",
            "price": "9.03",
            "revenue": 546377
        },
        "2010-10": {
            "month": "2010-10",
            "price": "9.90",
            "revenue": 599331
        },
        "2010-11": {
            "month": "2010-11",
            "price": "12.10",
            "revenue": 623637
        },
        "2010-12": {
            "month": "2010-12",
            "price": "14.51",
            "revenue": 715327
        },
        "2011-01": {
            "month": "2011-01",
            "price": "14.49",
            "revenue": 637477
        },
        "2011-02": {
            "month": "2011-02",
            "price": "13.61",
            "revenue": 338927
        },
        "2011-03": {
            "month": "2011-03",
            "price": "11.82",
            "revenue": 516166
        },
        "2011-04": {
            "month": "2011-04",
            "price": "11.79",
            "revenue": 587878
        },
        "2011-05": {
            "month": "2011-05",
            "price": "13.74",
            "revenue": 517057
        },
        "2011-06": {
            "month": "2011-06",
            "price": "13.39",
            "revenue": 733735
        },
        "2011-07": {
            "month": "2011-07",
            "price": "13.66",
            "revenue": 591726
        },
        "2011-08": {
            "month": "2011-08",
            "price": "12.24",
            "revenue": 572151
        },
        "2011-09": {
            "month": "2011-09",
            "price": "9.38",
            "revenue": 807082
        },
        "2011-10": {
            "month": "2011-10",
            "price": "9.50",
            "revenue": 527895
        },
        "2011-11": {
            "month": "2011-11",
            "price": "8.59",
            "revenue": 649197
        },
        "2011-12": {
            "month": "2011-12",
            "price": "7.58",
            "revenue": 664577
        },
        "2012-01": {
            "month": "2012-01",
            "price": "7.44",
            "revenue": 504522
        },
        "2012-02": {
            "month": "2012-02",
            "price": "8.81",
            "revenue": 479749
        },
        "2012-03": {
            "month": "2012-03",
            "price": "9.15",
            "revenue": 636298
        },
        "2012-04": {
            "month": "2012-04",
            "price": "9.01",
            "revenue": 725133
        },
        "2012-05": {
            "month": "2012-05",
            "price": "8.81",
            "revenue": 745839
        },
        "2012-06": {
            "month": "2012-06",
            "price": "8.62",
            "revenue": 586500
        },
        "2012-07": {
            "month": "2012-07",
            "price": "9.00",
            "revenue": 472667
        },
        "2012-08": {
            "month": "2012-08",
            "price": "8.28",
            "revenue": 466217
        },
        "2012-09": {
            "month": "2012-09",
            "price": "8.70",
            "revenue": 782513
        },
        "2012-10": {
            "month": "2012-10",
            "price": "8.52",
            "revenue": 950258
        },
        "2012-11": {
            "month": "2012-11",
            "price": "8.34",
            "revenue": 820574
        },
        "2012-12": {
            "month": "2012-12",
            "price": "8.37",
            "revenue": 753543
        },
        "2013-01": {
            "month": "2013-01",
            "price": "8.56",
            "revenue": 802887
        },
        "2013-02": {
            "month": "2013-02",
            "price": "8.54",
            "revenue": 827132
        },
        "2013-03": {
            "month": "2013-03",
            "price": "8.64",
            "revenue": 352833
        },
        "2013-04": {
            "month": "2013-04",
            "price": "8.88",
            "revenue": 987579
        },
        "2013-05": {
            "month": "2013-05",
            "price": "9.07",
            "revenue": 777494
        },
        "2013-06": {
            "month": "2013-06",
            "price": "9.01",
            "revenue": 658569
        },
        "2013-07": {
            "month": "2013-07",
            "price": "9.00",
            "revenue": 973423
        },
        "2013-08": {
            "month": "2013-08",
            "price": "8.44",
            "revenue": 752104
        },
        "2013-09": {
            "month": "2013-09",
            "price": "7.92",
            "revenue": 905483
        },
        "2013-10": {
            "month": "2013-10",
            "price": "7.85",
            "revenue": 821208
        },
        "2013-11": {
            "month": "2013-11",
            "price": "7.51",
            "revenue": 887911
        },
        "2013-12": {
            "month": "2013-12",
            "price": "7.51",
            "revenue": 1432223
        },
        "2014-01": {
            "month": "2014-01",
            "price": "7.65",
            "revenue": 1014261
        },
        "2014-02": {
            "month": "2014-02",
            "price": "7.67",
            "revenue": 921540
        },
        "2014-03": {
            "month": "2014-03",
            "price": "7.70",
            "revenue": 772172
        },
        "2014-04": {
            "month": "2014-04",
            "price": "7.92",
            "revenue": 960696
        },
        "2014-05": {
            "month": "2014-05",
            "price": "7.94",
            "revenue": 935766
        },
        "2014-06": {
            "month": "2014-06",
            "price": "8.14",
            "revenue": 875879
        },
        "2014-07": {
            "month": "2014-07",
            "price": "8.20",
            "revenue": 894304
        },
        "2014-08": {
            "month": "2014-08",
            "price": "8.20",
            "revenue": 822166
        },
        "2014-09": {
            "month": "2014-09",
            "price": "8.35",
            "revenue": 981188
        },
        "2014-10": {
            "month": "2014-10",
            "price": "8.03",
            "revenue": 1222996
        },
        "2014-11": {
            "month": "2014-11",
            "price": "8.17",
            "revenue": 1205669
        },
        "2014-12": {
            "month": "2014-12",
            "price": "8.66",
            "revenue": 1134078
        },
        "2015-01": {
            "month": "2015-01",
            "price": "8.72",
            "revenue": 977646
        },
        "2015-02": {
            "month": "2015-02",
            "price": "8.61",
            "revenue": 919995
        },
        "2015-03": {
            "month": "2015-03",
            "price": "8.72",
            "revenue": 999575
        },
        "2015-04": {
            "month": "2015-04",
            "price": "8.35",
            "revenue": 856192
        },
        "2015-05": {
            "month": "2015-05",
            "price": "7.86",
            "revenue": 626581
        },
        "2015-06": {
            "month": "2015-06",
            "price": "7.81",
            "revenue": 663257
        },
        "2015-07": {
            "month": "2015-07",
            "price": "7.44",
            "revenue": 564408
        },
        "2015-08": {
            "month": "2015-08",
            "price": "6.84",
            "revenue": 433339
        },
        "2015-09": {
            "month": "2015-09",
            "price": "6.66",
            "revenue": 470753
        },
        "2015-10": {
            "month": "2015-10",
            "price": "6.82",
            "revenue": 762439
        },
        "2015-11": {
            "month": "2015-11",
            "price": "6.61",
            "revenue": 549210
        },
        "2015-12": {
            "month": "2015-12",
            "price": "6.46",
            "revenue": 544102
        },
        "2016-01": {
            "month": "2016-01",
            "price": "6.24",
            "revenue": 450005
        },
        "2016-02": {
            "month": "2016-02",
            "price": "6.37",
            "revenue": 192400
        },
        "2016-03": {
            "month": "2016-03",
            "price": "6.63",
            "revenue": 427015
        },
        "2016-04": {
            "month": "2016-04",
            "price": "6.58",
            "revenue": 356739
        },
        "2016-05": {
            "month": "2016-05",
            "price": "6.20",
            "revenue": 363675
        },
        "2016-06": {
            "month": "2016-06",
            "price": "6.27",
            "revenue": 459998
        },
        "2016-07": {
            "month": "2016-07",
            "price": "6.54",
            "revenue": 552646
        },
        "2016-08": {
            "month": "2016-08",
            "price": "6.37",
            "revenue": 443494
        },
        "2016-09": {
            "month": "2016-09",
            "price": "6.27",
            "revenue": 517390
        },
        "2016-10": {
            "month": "2016-10",
            "price": "6.27",
            "revenue": 637206
        },
        "2016-11": {
            "month": "2016-11",
            "price": "6.50",
            "revenue": 861352
        },
        "2016-12": {
            "month": "2016-12",
            "price": "6.94",
            "revenue": 1076240
        },
        "2017-01": {
            "month": "2017-01",
            "price": "7.09",
            "revenue": 523411
        },
        "2017-02": {
            "month": "2017-02",
            "price": "7.65",
            "revenue": 981438
        },
        "2017-03": {
            "month": "2017-03",
            "price": "7.99",
            "revenue": 590374
        },
        "2017-04": {
            "month": "2017-04",
            "price": "7.18",
            "revenue": 802245
        },
        "2017-05": {
            "month": "2017-05",
            "price": "7.08",
            "revenue": 796994
        },
        "2017-06": {
            "month": "2017-06",
            "price": "7.07",
            "revenue": 757841
        },
        "2017-07": {
            "month": "2017-07",
            "price": "7.14",
            "revenue": 630837
        },
        "2017-08": {
            "month": "2017-08",
            "price": "6.67",
            "revenue": 569986
        },
        "2017-09": {
            "month": "2017-09",
            "price": "6.30",
            "revenue": 756448
        },
        "2017-10": {
            "month": "2017-10",
            "price": "6.55",
            "revenue": 505445
        },
        "2017-11": {
            "month": "2017-11",
            "price": "6.49",
            "revenue": 665167
        },
        "2017-12": {
            "month": "2017-12",
            "price": "6.90",
            "revenue": 990361
        },
        "2018-01": {
            "month": "2018-01",
            "price": "7.14",
            "revenue": 583513
        },
        "2018-02": {
            "month": "2018-02",
            "price": "6.69",
            "revenue": 483557
        },
        "2018-03": {
            "month": "2018-03",
            "price": "6.64",
            "revenue": 631186
        },
        "2018-04": {
            "month": "2018-04",
            "price": "6.18",
            "revenue": 523621
        },
        "2018-05": {
            "month": "2018-05",
            "price": "6.19",
            "revenue": 569374
        },
        "2018-06": {
            "month": "2018-06",
            "price": "6.57",
            "revenue": 804815
        },
        "2018-07": {
            "month": "2018-07",
            "price": "6.38",
            "revenue": 501924
        },
        "2018-08": {
            "month": "2018-08",
            "price": "6.35",
            "revenue": 540280
        },
        "2018-09": {
            "month": "2018-09",
            "price": "6.39",
            "revenue": 578890
        },
        "2018-10": {
            "month": "2018-10",
            "price": "6.21",
            "revenue": 625974
        },
        "2018-11": {
            "month": "2018-11",
            "price": "6.34",
            "revenue": 794085
        },
        "2018-12": {
            "month": "2018-12",
            "price": "6.35",
            "revenue": 834307
        },
        "2019-01": {
            "month": "2019-01",
            "price": "6.34",
            "revenue": 721334
        },
        "2019-02": {
            "month": "2019-02",
            "price": "6.36",
            "revenue": 520219
        },
        "2019-03": {
            "month": "2019-03",
            "price": "6.37",
            "revenue": 537159
        },
        "2019-04": {
            "month": "2019-04",
            "price": "6.30",
            "revenue": 568263
        },
        "2019-05": {
            "month": "2019-05",
            "price": "6.12",
            "revenue": 473796
        },
        "2019-06": {
            "month": "2019-06",
            "price": "6.09",
            "revenue": 546930
        },
        "2019-07": {
            "month": "2019-07",
            "price": "6.02",
            "revenue": 636959
        },
        "2019-08": {
            "month": "2019-08",
            "price": "5.85",
            "revenue": 691386
        },
        "2019-09": {
            "month": "2019-09",
            "price": "5.98",
            "revenue": 606161
        },
        "2019-10": {
            "month": "2019-10",
            "price": "6.02",
            "revenue": 582938
        },
        "2019-11": {
            "month": "2019-11",
            "price": "6.06",
            "revenue": 698600
        },
        "2019-12": {
            "month": "2019-12",
            "price": "6.02",
            "revenue": 735392
        },
        "2020-01": {
            "month": "2020-01",
            "price": "5.94",
            "revenue": 289486
        },
        "2020-02": {
            "month": "2020-02",
            "price": "5.71",
            "revenue": 325325
        },
        "2020-03": {
            "month": "2020-03",
            "price": "4.51",
            "revenue": 381443
        },
        "2020-04": {
            "month": "2020-04",
            "price": "4.46",
            "revenue": 433300
        },
        "2020-05": {
            "month": "2020-05",
            "price": "4.67",
            "revenue": 536337
        },
        "2020-06": {
            "month": "2020-06",
            "price": "5.02",
            "revenue": 585677
        },
        "2020-07": {
            "month": "2020-07",
            "price": "5.17",
            "revenue": 817949
        },
        "2020-08": {
            "month": "2020-08",
            "price": "5.28",
            "revenue": 404816
        },
        "2020-09": {
            "month": "2020-09",
            "price": "5.26",
            "revenue": 696071
        },
        "2020-10": {
            "month": "2020-10",
            "price": "5.33",
            "revenue": 562063
        },
        "2020-11": {
            "month": "2020-11",
            "price": "5.16",
            "revenue": 431234
        },
        "2020-12": {
            "month": "2020-12",
            "price": "5.24",
            "revenue": 840004
        },
        "2021-01": {
            "month": "2021-01",
            "price": "5.01",
            "revenue": 802398
        },
        "2021-02": {
            "month": "2021-02",
            "price": "4.90",
            "revenue": 278970
        },
        "2021-03": {
            "month": "2021-03",
            "price": "5.00",
            "revenue": 455448
        },
        "2021-04": {
            "month": "2021-04",
            "price": "5.74",
            "revenue": 728707
        },
        "2021-05": {
            "month": "2021-05",
            "price": "5.73",
            "revenue": 686870
        },
        "2021-06": {
            "month": "2021-06",
            "price": "6.17",
            "revenue": 654466
        },
        "2021-07": {
            "month": "2021-07",
            "price": "6.11",
            "revenue": 766920
        },
        "2021-08": {
            "month": "2021-08",
            "price": "5.80",
            "revenue": 898222
        },
        "2021-09": {
            "month": "2021-09",
            "price": "5.86",
            "revenue": 617189
        },
        "2021-10": {
            "month": "2021-10",
            "price": "5.72",
            "revenue": 735440
        },
        "2021-11": {
            "month": "2021-11",
            "price": "5.86",
            "revenue": 637734
        },
        "2021-12": {
            "month": "2021-12",
            "price": "6.16",
            "revenue": 780429
        },
        "2022-01": {
            "month": "2022-01",
            "price": "6.40",
            "revenue": 517668
        },
        "2022-02": {
            "month": "2022-02",
            "price": "6.07",
            "revenue": 482760
        },
        "2022-03": {
            "month": "2022-03",
            "price": "5.87",
            "revenue": 467185
        },
        "2022-04": {
            "month": "2022-04",
            "price": "5.77",
            "revenue": 610122
        },
        "2022-05": {
            "month": "2022-05",
            "price": "5.30",
            "revenue": 608978
        },
        "2022-06": {
            "month": "2022-06",
            "price": "5.33",
            "revenue": 595415
        },
        "2022-07": {
            "month": "2022-07",
            "price": "4.96",
            "revenue": 465864
        },
        "2022-08": {
            "month": "2022-08",
            "price": "4.87",
            "revenue": 565296
        },
        "2022-09": {
            "month": "2022-09",
            "price": "4.97",
            "revenue": 482122
        },
        "2022-10": {
            "month": "2022-10",
            "price": "4.91",
            "revenue": 724637
        },
        "2022-11": {
            "month": "2022-11",
            "price": "4.99",
            "revenue": 641382
        },
        "2022-12": {
            "month": "2022-12",
            "price": "5.02",
            "revenue": 694117
        },
        "2023-01": {
            "month": "2023-01",
            "price": "5.00",
            "revenue": 609947
        },
        "2023-02": {
            "month": "2023-02",
            "price": "5.04",
            "revenue": 499497
        },
        "2023-03": {
            "month": "2023-03",
            "price": "4.95",
            "revenue": 853884
        },
        "2023-04": {
            "month": "2023-04",
            "price": "4.99",
            "revenue": 603003
        },
        "2023-05": {
            "month": "2023-05",
            "price": "5.09",
            "revenue": 523162
        },
        "2023-06": {
            "month": "2023-06",
            "price": "5.49",
            "revenue": 741550
        },
        "2023-07": {
            "month": "2023-07",
            "price": "5.24",
            "revenue": 770045
        },
        "2023-08": {
            "month": "2023-08",
            "price": "6.77",
            "revenue": 680512
        },
        "2023-09": {
            "month": "2023-09",
            "price": "7.65",
            "revenue": 862488
        },
        "2023-10": {
            "month": "2023-10",
            "price": "8.41",
            "revenue": 825305
        },
        "2023-11": {
            "month": "2023-11",
            "price": "10.74",
            "revenue": 845709
        },
        "2023-12": {
            "month": "2023-12",
            "price": "13.26",
            "revenue": 814492
        }
    }
}
