{
    "summary": {
        "stock_name": "冠德",
        "stock_id": "2520",
        "category": "建材營造",
        "main_business": "委託營造廠商興建國民住宅及商業大樓出租出售業務。<br>建築傢具之買賣及進出口貿易業務。<br>接受委託辦理都市更新土地重劃及房屋買賣資訊業務。",
        "website_url": "http://www.kindom.com.tw",
        "ceo": "張勝安/謝長融",
        "pe_ratio": 11,
        "report_year_from": 2001,
        "report_year_to": 2023,
        "age": 22,
        "eps_negative_percentage": 9,
        "eps_growth_avg": {
            "last_all": 27.52,
            "last_2y": 21.1,
            "last_4y": 41.67,
            "last_8y": 22.77,
            "last_12y": 17.24,
            "last_16y": 30.75,
            "last_20y": 27.52,
            "at_2006_last_3y": 88.89,
            "at_2007_last_3y": 92.59,
            "at_2008_last_3y": 74.67,
            "at_2009_last_3y": 74.67,
            "at_2010_last_3y": 65.79,
            "at_2011_last_3y": 30.22,
            "at_2012_last_3y": 25.99,
            "at_2013_last_3y": 4.8,
            "at_2014_last_3y": 19.23,
            "at_2015_last_3y": 9.79,
            "at_2016_last_3y": 16.13,
            "at_2017_last_3y": -0.85,
            "at_2018_last_3y": -14.58,
            "at_2019_last_3y": 30.43,
            "at_2020_last_3y": 48.1,
            "at_2021_last_3y": 61.3,
            "at_2022_last_3y": 40.82,
            "at_2023_last_3y": 40.82,
            "at_2006_last_all": 25.93,
            "at_2007_last_all": 44.44,
            "at_2008_last_all": 39.73,
            "at_2009_last_all": 49.78,
            "at_2010_last_all": 48.71,
            "at_2011_last_all": 37.33,
            "at_2012_last_all": 33.62,
            "at_2013_last_all": 31.79,
            "at_2014_last_all": 37.99,
            "at_2015_last_all": 28.15,
            "at_2016_last_all": 28.24,
            "at_2017_last_all": 22.46,
            "at_2018_last_all": 23.97,
            "at_2019_last_all": 28.72,
            "at_2020_last_all": 32.91,
            "at_2021_last_all": 31.09,
            "at_2022_last_all": 27.52,
            "at_2023_last_all": 27.52
        },
        "latest_eps": 3.2,
        "latest_price": 34.55,
        "latest_roe": 12.79,
        "latest_gross_margin": 26.78,
        "latest_equity": 21294944,
        "latest_revenue": 4442079,
        "latest_gross_profit": 1189448,
        "latest_net_income": 438967,
        "latest_debt_ratio": 61.3,
        "latest_current_ratio": 160.77,
        "latest_account_receivable_turnover_ratio": 2.4,
        "latest_inventory_turnover_ratio": 0.15,
        "latest_reinvestment_rate": 4.71,
        "latest_research_to_sale_ratio": null
    },
    "eps_dividends": {
        "1991": {
            "cash": 0.5,
            "stock": 0.77,
            "eps": 0
        },
        "1992": {
            "cash": 0,
            "stock": 10,
            "eps": 0
        },
        "1993": {
            "cash": 0,
            "stock": 10,
            "eps": 0
        },
        "1996": {
            "cash": 0,
            "stock": 2.5,
            "eps": 0
        },
        "1998": {
            "cash": 0,
            "stock": 2.5,
            "eps": 0
        },
        "2000": {
            "cash": 0.5,
            "stock": 2,
            "eps": 0
        },
        "2001": {
            "cash": 2,
            "stock": 0,
            "eps": 0.44
        },
        "2002": {
            "cash": 0.3,
            "stock": 0,
            "eps": -0.03
        },
        "2003": {
            "cash": 0,
            "stock": 0,
            "eps": -0.31
        },
        "2004": {
            "cash": 0,
            "stock": 0,
            "eps": 0
        },
        "2005": {
            "cash": 0,
            "stock": 0,
            "eps": 0.18
        },
        "2006": {
            "cash": 0,
            "stock": 0,
            "eps": 0.32
        },
        "2007": {
            "cash": 0.5,
            "stock": 0,
            "eps": 0.67
        },
        "2008": {
            "cash": 0.5,
            "stock": 0,
            "eps": 0.81
        },
        "2009": {
            "cash": 0.5,
            "stock": 0,
            "eps": 2.46
        },
        "2010": {
            "cash": 1,
            "stock": 0,
            "eps": 3.5
        },
        "2011": {
            "cash": 1.99,
            "stock": 0,
            "eps": 2.02
        },
        "2012": {
            "cash": 0,
            "stock": 0,
            "eps": 2.1
        },
        "2013": {
            "cash": 0.99,
            "stock": 0,
            "eps": 2.42
        },
        "2014": {
            "cash": 1,
            "stock": 0,
            "eps": 5.81
        },
        "2015": {
            "cash": 2,
            "stock": 0,
            "eps": 1.16
        },
        "2016": {
            "cash": 1,
            "stock": 0,
            "eps": 1.5
        },
        "2017": {
            "cash": 1.1,
            "stock": 0,
            "eps": 0.71
        },
        "2018": {
            "cash": 0.5,
            "stock": 0,
            "eps": 1.03
        },
        "2019": {
            "cash": 1,
            "stock": 0,
            "eps": 2.6
        },
        "2020": {
            "cash": 1.5,
            "stock": 0,
            "eps": 6.8
        },
        "2021": {
            "cash": 2.4,
            "stock": 1,
            "eps": 6.81
        },
        "2022": {
            "cash": 2.5,
            "stock": 0,
            "eps": 4.3
        },
        "2023": {
            "cash": 1.75,
            "stock": 0,
            "eps": 1.25
        }
    },
    "dividends": {
        "1991-06-26": {
            "cash": 0.5,
            "stock": 0.77
        },
        "1992-05-13": {
            "cash": 0,
            "stock": 10
        },
        "1993-04-26": {
            "cash": 0,
            "stock": 10
        },
        "1996-05-16": {
            "cash": 0,
            "stock": 2.5
        },
        "1998-04-28": {
            "cash": 0,
            "stock": 2.5
        },
        "2000-04-18": {
            "cash": 0.5,
            "stock": 2
        },
        "2001-03-28": {
            "cash": 2,
            "stock": 0
        },
        "2002-06-14": {
            "cash": 0.3,
            "stock": 0
        },
        "2007-03-26": {
            "cash": 0.5,
            "stock": 0
        },
        "2008-03-25": {
            "cash": 0.5,
            "stock": 0
        },
        "2009-03-25": {
            "cash": 0.5,
            "stock": 0
        },
        "2010-06-15": {
            "cash": 1,
            "stock": 0
        },
        "2011-01-01": {
            "cash": 0.99,
            "stock": 0
        },
        "2011-03-25": {
            "cash": 1,
            "stock": 0
        },
        "2013-03-20": {
            "cash": 0.99,
            "stock": 0
        },
        "2014-06-23": {
            "cash": 1,
            "stock": 0
        },
        "2015-09-09": {
            "cash": 2,
            "stock": 0
        },
        "2016-08-26": {
            "cash": 1,
            "stock": 0
        },
        "2017-08-16": {
            "cash": 1.1,
            "stock": 0
        },
        "2018-08-15": {
            "cash": 0.5,
            "stock": 0
        },
        "2019-08-01": {
            "cash": 1,
            "stock": 0
        },
        "2020-08-12": {
            "cash": 1.5,
            "stock": 0
        },
        "2021-09-03": {
            "cash": 2.4,
            "stock": 1
        },
        "2022-08-26": {
            "cash": 2.5,
            "stock": 0
        },
        "2023-08-23": {
            "cash": 1.75,
            "stock": 0
        }
    },
    "prices": {
        "200101": "8.06",
        "200102": "11.13",
        "200103": "11.68",
        "200104": "9.41",
        "200105": "6.97",
        "200106": "6.25",
        "200107": "5.47",
        "200108": "5.15",
        "200109": "4.45",
        "200110": "3.85",
        "200111": "3.87",
        "200112": "4.64",
        "200201": "5.81",
        "200202": "5.54",
        "200203": "6.25",
        "200204": "9.14",
        "200205": "8.13",
        "200206": "7.89",
        "200207": "7.63",
        "200208": "6.52",
        "200209": "4.72",
        "200210": "4.28",
        "200211": "4.85",
        "200212": "5.18",
        "200301": "6.06",
        "200302": "5.66",
        "200303": "5.03",
        "200304": "5.31",
        "200305": "4.54",
        "200306": "5.44",
        "200307": "9.25",
        "200308": "10.46",
        "200309": "11.91",
        "200310": "11.75",
        "200311": "9.88",
        "200312": "9.38",
        "200401": "12.35",
        "200402": "13.89",
        "200403": "14.24",
        "200404": "13.07",
        "200405": "10.89",
        "200406": "11.37",
        "200407": "11.40",
        "200408": "9.72",
        "200409": "10.61",
        "200410": "11.48",
        "200411": "10.48",
        "200412": "10.60",
        "200501": "10.61",
        "200502": "10.05",
        "200503": "9.62",
        "200504": "7.81",
        "200505": "7.82",
        "200506": "8.73",
        "200507": "9.01",
        "200508": "9.04",
        "200509": "8.57",
        "200510": "8.26",
        "200511": "7.92",
        "200512": "8.37",
        "200601": "8.06",
        "200602": "7.50",
        "200603": "6.86",
        "200604": "7.37",
        "200605": "9.99",
        "200606": "9.41",
        "200607": "10.50",
        "200608": "9.84",
        "200609": "9.26",
        "200610": "10.97",
        "200611": "14.00",
        "200612": "17.18",
        "200701": "14.90",
        "200702": "15.32",
        "200703": "15.63",
        "200704": "15.30",
        "200705": "15.01",
        "200706": "14.56",
        "200707": "16.43",
        "200708": "14.64",
        "200709": "14.43",
        "200710": "14.93",
        "200711": "13.62",
        "200712": "11.88",
        "200801": "13.09",
        "200802": "16.08",
        "200803": "16.97",
        "200804": "24.55",
        "200805": "23.99",
        "200806": "19.78",
        "200807": "15.10",
        "200808": "13.87",
        "200809": "10.10",
        "200810": "6.39",
        "200811": "6.80",
        "200812": "7.15",
        "200901": "7.15",
        "200902": "6.88",
        "200903": "8.28",
        "200904": "11.48",
        "200905": "18.04",
        "200906": "19.40",
        "200907": "21.24",
        "200908": "17.15",
        "200909": "20.61",
        "200910": "27.27",
        "200911": "25.35",
        "200912": "26.88",
        "201001": "29.78",
        "201002": "23.13",
        "201003": "24.30",
        "201004": "25.72",
        "201005": "22.48",
        "201006": "22.53",
        "201007": "22.60",
        "201008": "24.76",
        "201009": "27.22",
        "201010": "27.36",
        "201011": "28.84",
        "201012": "32.73",
        "201101": "30.29",
        "201102": "26.56",
        "201103": "22.27",
        "201104": "22.68",
        "201105": "24.05",
        "201106": "24.93",
        "201107": "28.46",
        "201108": "23.15",
        "201109": "18.50",
        "201110": "19.90",
        "201111": "17.62",
        "201112": "14.02",
        "201201": "15.66",
        "201202": "19.46",
        "201203": "20.47",
        "201204": "18.37",
        "201205": "18.06",
        "201206": "17.22",
        "201207": "17.30",
        "201208": "19.01",
        "201209": "20.71",
        "201210": "19.53",
        "201211": "18.86",
        "201212": "20.31",
        "201301": "24.05",
        "201302": "25.24",
        "201303": "25.84",
        "201304": "30.22",
        "201305": "32.85",
        "201306": "37.52",
        "201307": "42.36",
        "201308": "42.75",
        "201309": "39.32",
        "201310": "37.53",
        "201311": "36.58",
        "201312": "36.14",
        "201401": "30.72",
        "201402": "34.43",
        "201403": "32.58",
        "201404": "32.49",
        "201405": "31.46",
        "201406": "29.39",
        "201407": "28.05",
        "201408": "28.74",
        "201409": "27.90",
        "201410": "25.17",
        "201411": "26.15",
        "201412": "28.22",
        "201501": "27.83",
        "201502": "28.76",
        "201503": "29.72",
        "201504": "27.75",
        "201505": "25.48",
        "201506": "21.72",
        "201507": "19.99",
        "201508": "16.35",
        "201509": "16.50",
        "201510": "17.84",
        "201511": "16.86",
        "201512": "15.57",
        "201601": "14.18",
        "201602": "14.71",
        "201603": "16.78",
        "201604": "16.35",
        "201605": "15.43",
        "201606": "16.60",
        "201607": "17.06",
        "201608": "15.86",
        "201609": "15.75",
        "201610": "15.68",
        "201611": "16.21",
        "201612": "19.81",
        "201701": "19.39",
        "201702": "22.65",
        "201703": "22.75",
        "201704": "19.44",
        "201705": "18.53",
        "201706": "19.26",
        "201707": "19.70",
        "201708": "18.06",
        "201709": "18.01",
        "201710": "18.38",
        "201711": "19.05",
        "201712": "19.21",
        "201801": "22.47",
        "201802": "21.10",
        "201803": "21.02",
        "201804": "19.94",
        "201805": "20.29",
        "201806": "22.47",
        "201807": "21.60",
        "201808": "21.59",
        "201809": "21.86",
        "201810": "19.97",
        "201811": "17.70",
        "201812": "19.99",
        "201901": "20.59",
        "201902": "19.55",
        "201903": "19.40",
        "201904": "20.45",
        "201905": "23.34",
        "201906": "29.01",
        "201907": "26.57",
        "201908": "28.86",
        "201909": "28.89",
        "201910": "29.43",
        "201911": "30.34",
        "201912": "32.01",
        "202001": "31.08",
        "202002": "27.12",
        "202003": "22.57",
        "202004": "24.43",
        "202005": "26.63",
        "202006": "30.75",
        "202007": "33.56",
        "202008": "36.55",
        "202009": "40.18",
        "202010": "38.60",
        "202011": "35.90",
        "202012": "34.17",
        "202101": "33.11",
        "202102": "33.97",
        "202103": "38.23",
        "202104": "41.73",
        "202105": "38.61",
        "202106": "37.74",
        "202107": "41.52",
        "202108": "41.13",
        "202109": "40.28",
        "202110": "38.47",
        "202111": "38.41",
        "202112": "38.14",
        "202201": "36.54",
        "202202": "37.28",
        "202203": "37.54",
        "202204": "34.97",
        "202205": "34.28",
        "202206": "34.46",
        "202207": "30.15",
        "202208": "27.84",
        "202209": "26.48",
        "202210": "24.40",
        "202211": "26.95",
        "202212": "28.43",
        "202301": "29.27",
        "202302": "29.00",
        "202303": "29.34",
        "202304": "30.03",
        "202305": "29.56",
        "202306": "29.96",
        "202307": "30.06",
        "202308": "31.77",
        "202309": "33.44",
        "202310": "33.75"
    },
    "quarters": {
        "20011": {
            "year_quarter": 20011,
            "year": 2001,
            "quarter": 1,
            "eps": 0.22,
            "eps_growth_year": -88.24,
            "eps_4q": -0.3,
            "eps_4q_growth_year": -108.78,
            "roe": 1.49,
            "roe_4q": 1.49,
            "gross_profit": 222070,
            "gross_margin": 18.04,
            "gross_margin_4q_avg": 18.04,
            "net_income": 110848,
            "net_income_4q": null,
            "revenue": 1230803,
            "revenue_4q": null,
            "common_shares": 5140137,
            "book_valuer_per_share": 13.51,
            "book_valuer_per_share_4q_avg": 13.51,
            "equity": 6944414,
            "current_ratio": 157,
            "debt_ratio": 58.39,
            "inventory_turnover_ratio": 0.08,
            "account_receivable_turnover_ratio": null,
            "reinvestment_rate": null,
            "research_to_sale_ratio": null,
            "price_fair": 0,
            "eps_avg_yearly": 0,
            "eps_latest_yearly": 0,
            "eps_growth_yearly": 0
        },
        "20012": {
            "year_quarter": 20012,
            "year": 2001,
            "quarter": 2,
            "eps": 0.12,
            "eps_growth_year": null,
            "eps_4q": -0.06,
            "eps_4q_growth_year": -102.61,
            "roe": 0.86,
            "roe_4q": 2.35,
            "gross_profit": 196277,
            "gross_margin": 13.47,
            "gross_margin_4q_avg": 15.76,
            "net_income": 59838,
            "net_income_4q": null,
            "revenue": 1456908,
            "revenue_4q": null,
            "common_shares": 5043767,
            "book_valuer_per_share": 13.79,
            "book_valuer_per_share_4q_avg": 13.65,
            "equity": 6955567,
            "current_ratio": 159.78,
            "debt_ratio": 57.27,
            "inventory_turnover_ratio": 0.1,
            "account_receivable_turnover_ratio": null,
            "reinvestment_rate": null,
            "research_to_sale_ratio": null,
            "price_fair": 0,
            "eps_avg_yearly": 0,
            "eps_latest_yearly": 0,
            "eps_growth_yearly": 0
        },
        "20013": {
            "year_quarter": 20013,
            "year": 2001,
            "quarter": 3,
            "eps": 0.19,
            "eps_growth_year": 72.73,
            "eps_4q": 0.02,
            "eps_4q_growth_year": -99.16,
            "roe": 1.39,
            "roe_4q": 3.74,
            "gross_profit": 139679,
            "gross_margin": 17.01,
            "gross_margin_4q_avg": 16.17,
            "net_income": 97063,
            "net_income_4q": null,
            "revenue": 821099,
            "revenue_4q": null,
            "common_shares": 5043767,
            "book_valuer_per_share": 13.86,
            "book_valuer_per_share_4q_avg": 13.72,
            "equity": 6992060,
            "current_ratio": 161.37,
            "debt_ratio": 55.5,
            "inventory_turnover_ratio": 0.06,
            "account_receivable_turnover_ratio": null,
            "reinvestment_rate": null,
            "research_to_sale_ratio": null,
            "price_fair": 0,
            "eps_avg_yearly": 0,
            "eps_latest_yearly": 0,
            "eps_growth_yearly": 0
        },
        "20014": {
            "year_quarter": 20014,
            "year": 2001,
            "quarter": 4,
            "eps": -0.09,
            "eps_growth_year": null,
            "eps_4q": 0.45,
            "eps_4q_growth_year": -57.14,
            "roe": -0.64,
            "roe_4q": 3.0999999999999996,
            "gross_profit": 85511,
            "gross_margin": 15.73,
            "gross_margin_4q_avg": 16.06,
            "net_income": -44610,
            "net_income_4q": null,
            "revenue": 543500,
            "revenue_4q": null,
            "common_shares": 4894037,
            "book_valuer_per_share": 14.2,
            "book_valuer_per_share_4q_avg": 13.84,
            "equity": 6950334,
            "current_ratio": 171.06,
            "debt_ratio": 52.24,
            "inventory_turnover_ratio": 0.04,
            "account_receivable_turnover_ratio": null,
            "reinvestment_rate": null,
            "research_to_sale_ratio": null,
            "price_fair": 0,
            "eps_avg_yearly": 0,
            "eps_latest_yearly": 0,
            "eps_growth_yearly": 0
        },
        "20021": {
            "year_quarter": 20021,
            "year": 2002,
            "quarter": 1,
            "eps": 0.07,
            "eps_growth_year": -68.18,
            "eps_4q": 0.31,
            "eps_4q_growth_year": null,
            "roe": 0.48,
            "roe_4q": 2.09,
            "gross_profit": 97610,
            "gross_margin": 11.87,
            "gross_margin_4q_avg": 14.52,
            "net_income": 33274,
            "net_income_4q": null,
            "revenue": 822557,
            "revenue_4q": null,
            "common_shares": 4894037,
            "book_valuer_per_share": 14.28,
            "book_valuer_per_share_4q_avg": 14.03,
            "equity": 6988031,
            "current_ratio": 174.89,
            "debt_ratio": 51.2,
            "inventory_turnover_ratio": 0.07,
            "account_receivable_turnover_ratio": null,
            "reinvestment_rate": null,
            "research_to_sale_ratio": null,
            "price_fair": 0,
            "eps_avg_yearly": 0,
            "eps_latest_yearly": 0,
            "eps_growth_yearly": 0
        },
        "20022": {
            "year_quarter": 20022,
            "year": 2002,
            "quarter": 2,
            "eps": 0.01,
            "eps_growth_year": -91.67,
            "eps_4q": 0.18,
            "eps_4q_growth_year": null,
            "roe": 0.05,
            "roe_4q": 1.2799999999999998,
            "gross_profit": 16513,
            "gross_margin": 1.2,
            "gross_margin_4q_avg": 11.45,
            "net_income": 3371,
            "net_income_4q": null,
            "revenue": 1377315,
            "revenue_4q": null,
            "common_shares": 4894037,
            "book_valuer_per_share": 13.98,
            "book_valuer_per_share_4q_avg": 14.08,
            "equity": 6840868,
            "current_ratio": 183.72,
            "debt_ratio": 47.78,
            "inventory_turnover_ratio": 0.13,
            "account_receivable_turnover_ratio": null,
            "reinvestment_rate": null,
            "research_to_sale_ratio": null,
            "price_fair": 0.12,
            "eps_avg_yearly": 0.04,
            "eps_latest_yearly": 0.04,
            "eps_growth_yearly": -342.86
        },
        "20023": {
            "year_quarter": 20023,
            "year": 2002,
            "quarter": 3,
            "eps": -0.02,
            "eps_growth_year": -110.53,
            "eps_4q": -0.03,
            "eps_4q_growth_year": -323.95,
            "roe": -0.13,
            "roe_4q": -0.24000000000000005,
            "gross_profit": 56737,
            "gross_margin": 9.88,
            "gross_margin_4q_avg": 9.67,
            "net_income": -9006,
            "net_income_4q": null,
            "revenue": 574482,
            "revenue_4q": null,
            "common_shares": 4894037,
            "book_valuer_per_share": 13.94,
            "book_valuer_per_share_4q_avg": 14.1,
            "equity": 6820733,
            "current_ratio": 191.72,
            "debt_ratio": 46.13,
            "inventory_turnover_ratio": 0.05,
            "account_receivable_turnover_ratio": null,
            "reinvestment_rate": null,
            "research_to_sale_ratio": null,
            "price_fair": 0.12,
            "eps_avg_yearly": 0.04,
            "eps_latest_yearly": 0.04,
            "eps_growth_yearly": -342.86
        },
        "20024": {
            "year_quarter": 20024,
            "year": 2002,
            "quarter": 4,
            "eps": -0.09,
            "eps_growth_year": null,
            "eps_4q": -0.03,
            "eps_4q_growth_year": -106.67,
            "roe": -0.66,
            "roe_4q": -0.26,
            "gross_profit": 17327,
            "gross_margin": 4.83,
            "gross_margin_4q_avg": 6.95,
            "net_income": -44796,
            "net_income_4q": null,
            "revenue": 359087,
            "revenue_4q": null,
            "common_shares": 4894037,
            "book_valuer_per_share": 13.85,
            "book_valuer_per_share_4q_avg": 14.01,
            "equity": 6777236,
            "current_ratio": 203.7,
            "debt_ratio": 43.52,
            "inventory_turnover_ratio": 0.04,
            "account_receivable_turnover_ratio": null,
            "reinvestment_rate": 7.76,
            "research_to_sale_ratio": null,
            "price_fair": 0.12,
            "eps_avg_yearly": 0.04,
            "eps_latest_yearly": 0.04,
            "eps_growth_yearly": -342.86
        },
        "20031": {
            "year_quarter": 20031,
            "year": 2003,
            "quarter": 1,
            "eps": -0.1,
            "eps_growth_year": -242.86,
            "eps_4q": -0.2,
            "eps_4q_growth_year": -166.67,
            "roe": -0.72,
            "roe_4q": -1.4599999999999997,
            "gross_profit": 20752,
            "gross_margin": 8.31,
            "gross_margin_4q_avg": 6.06,
            "net_income": -48415,
            "net_income_4q": null,
            "revenue": 249787,
            "revenue_4q": null,
            "common_shares": 4894037,
            "book_valuer_per_share": 13.75,
            "book_valuer_per_share_4q_avg": 13.88,
            "equity": 6728821,
            "current_ratio": 195.38,
            "debt_ratio": 41.9,
            "inventory_turnover_ratio": 0.03,
            "account_receivable_turnover_ratio": null,
            "reinvestment_rate": 10.2,
            "research_to_sale_ratio": null,
            "price_fair": 0.12,
            "eps_avg_yearly": 0.04,
            "eps_latest_yearly": 0.04,
            "eps_growth_yearly": -342.86
        },
        "20032": {
            "year_quarter": 20032,
            "year": 2003,
            "quarter": 2,
            "eps": -0.14,
            "eps_growth_year": -1500,
            "eps_4q": -0.35,
            "eps_4q_growth_year": -289.99,
            "roe": -1,
            "roe_4q": -2.51,
            "gross_profit": -10051,
            "gross_margin": -4.71,
            "gross_margin_4q_avg": 4.58,
            "net_income": -67058,
            "net_income_4q": null,
            "revenue": 213426,
            "revenue_4q": null,
            "common_shares": 4894037,
            "book_valuer_per_share": 13.61,
            "book_valuer_per_share_4q_avg": 13.79,
            "equity": 6662464,
            "current_ratio": 194,
            "debt_ratio": 41.93,
            "inventory_turnover_ratio": 0.03,
            "account_receivable_turnover_ratio": null,
            "reinvestment_rate": 5.12,
            "research_to_sale_ratio": null,
            "price_fair": 0.12,
            "eps_avg_yearly": 0.04,
            "eps_latest_yearly": 0.04,
            "eps_growth_yearly": -342.86
        },
        "20033": {
            "year_quarter": 20033,
            "year": 2003,
            "quarter": 3,
            "eps": -0.16,
            "eps_growth_year": null,
            "eps_4q": -0.49,
            "eps_4q_growth_year": null,
            "roe": -1.17,
            "roe_4q": -3.55,
            "gross_profit": -219,
            "gross_margin": -0.13,
            "gross_margin_4q_avg": 2.08,
            "net_income": -77920,
            "net_income_4q": null,
            "revenue": 169403,
            "revenue_4q": null,
            "common_shares": 4894037,
            "book_valuer_per_share": 13.49,
            "book_valuer_per_share_4q_avg": 13.68,
            "equity": 6602335,
            "current_ratio": 150.05,
            "debt_ratio": 41.94,
            "inventory_turnover_ratio": 0.02,
            "account_receivable_turnover_ratio": null,
            "reinvestment_rate": 3.43,
            "research_to_sale_ratio": null,
            "price_fair": 0.12,
            "eps_avg_yearly": 0.04,
            "eps_latest_yearly": 0.04,
            "eps_growth_yearly": -342.86
        },
        "20034": {
            "year_quarter": 20034,
            "year": 2003,
            "quarter": 4,
            "eps": 0.09,
            "eps_growth_year": null,
            "eps_4q": -0.31,
            "eps_4q_growth_year": null,
            "roe": 0.62,
            "roe_4q": -2.2699999999999996,
            "gross_profit": 246181,
            "gross_margin": 16.31,
            "gross_margin_4q_avg": 4.95,
            "net_income": 44062,
            "net_income_4q": null,
            "revenue": 1509170,
            "revenue_4q": null,
            "common_shares": 4894037,
            "book_valuer_per_share": 13.57,
            "book_valuer_per_share_4q_avg": 13.61,
            "equity": 7509137,
            "current_ratio": 150.71,
            "debt_ratio": 38.73,
            "inventory_turnover_ratio": 0.22,
            "account_receivable_turnover_ratio": null,
            "reinvestment_rate": 597.69,
            "research_to_sale_ratio": null,
            "price_fair": 0.12,
            "eps_avg_yearly": 0.04,
            "eps_latest_yearly": 0.04,
            "eps_growth_yearly": -342.86
        },
        "20041": {
            "year_quarter": 20041,
            "year": 2004,
            "quarter": 1,
            "eps": 0.14,
            "eps_growth_year": null,
            "eps_4q": -0.06,
            "eps_4q_growth_year": null,
            "roe": 0.97,
            "roe_4q": -0.5800000000000001,
            "gross_profit": 167389,
            "gross_margin": 14.89,
            "gross_margin_4q_avg": 6.59,
            "net_income": 68986,
            "net_income_4q": null,
            "revenue": 1124256,
            "revenue_4q": null,
            "common_shares": 4894037,
            "book_valuer_per_share": 13.71,
            "book_valuer_per_share_4q_avg": 13.6,
            "equity": 6708427,
            "current_ratio": 213.9,
            "debt_ratio": 31.03,
            "inventory_turnover_ratio": 0.2,
            "account_receivable_turnover_ratio": null,
            "reinvestment_rate": null,
            "research_to_sale_ratio": null,
            "price_fair": 0.9,
            "eps_avg_yearly": 0.3,
            "eps_latest_yearly": 0.56,
            "eps_growth_yearly": -60.32
        },
        "20042": {
            "year_quarter": 20042,
            "year": 2004,
            "quarter": 2,
            "eps": -0.11,
            "eps_growth_year": null,
            "eps_4q": -0.04,
            "eps_4q_growth_year": null,
            "roe": -0.8,
            "roe_4q": -0.38,
            "gross_profit": 34554,
            "gross_margin": 15.5,
            "gross_margin_4q_avg": 11.64,
            "net_income": -53376,
            "net_income_4q": null,
            "revenue": 222971,
            "revenue_4q": null,
            "common_shares": 4894037,
            "book_valuer_per_share": 13.61,
            "book_valuer_per_share_4q_avg": 13.6,
            "equity": 6659515,
            "current_ratio": 182.88,
            "debt_ratio": 32.08,
            "inventory_turnover_ratio": 0.04,
            "account_receivable_turnover_ratio": null,
            "reinvestment_rate": null,
            "research_to_sale_ratio": null,
            "price_fair": 0.9,
            "eps_avg_yearly": 0.3,
            "eps_latest_yearly": 0.56,
            "eps_growth_yearly": -60.32
        },
        "20043": {
            "year_quarter": 20043,
            "year": 2004,
            "quarter": 3,
            "eps": -0.1,
            "eps_growth_year": null,
            "eps_4q": 0.02,
            "eps_4q_growth_year": null,
            "roe": -0.73,
            "roe_4q": 0.05999999999999994,
            "gross_profit": 12605,
            "gross_margin": 4.96,
            "gross_margin_4q_avg": 12.92,
            "net_income": -48391,
            "net_income_4q": null,
            "revenue": 254190,
            "revenue_4q": null,
            "common_shares": 4894037,
            "book_valuer_per_share": 13.5,
            "book_valuer_per_share_4q_avg": 13.6,
            "equity": 6609384,
            "current_ratio": 184.94,
            "debt_ratio": 32.68,
            "inventory_turnover_ratio": 0.06,
            "account_receivable_turnover_ratio": null,
            "reinvestment_rate": null,
            "research_to_sale_ratio": null,
            "price_fair": 0.9,
            "eps_avg_yearly": 0.3,
            "eps_latest_yearly": 0.56,
            "eps_growth_yearly": -60.32
        },
        "20044": {
            "year_quarter": 20044,
            "year": 2004,
            "quarter": 4,
            "eps": 0.07,
            "eps_growth_year": -22.22,
            "eps_4q": 0,
            "eps_4q_growth_year": null,
            "roe": 0.48,
            "roe_4q": -0.08000000000000007,
            "gross_profit": 39502,
            "gross_margin": 44.39,
            "gross_margin_4q_avg": 19.94,
            "net_income": 33845,
            "net_income_4q": null,
            "revenue": 88987,
            "revenue_4q": null,
            "common_shares": 4894037,
            "book_valuer_per_share": 13.55,
            "book_valuer_per_share_4q_avg": 13.59,
            "equity": 7542773,
            "current_ratio": 190.28,
            "debt_ratio": 38.07,
            "inventory_turnover_ratio": 0.01,
            "account_receivable_turnover_ratio": null,
            "reinvestment_rate": 7352.15,
            "research_to_sale_ratio": null,
            "price_fair": 0.9,
            "eps_avg_yearly": 0.3,
            "eps_latest_yearly": 0.56,
            "eps_growth_yearly": -60.32
        },
        "20051": {
            "year_quarter": 20051,
            "year": 2005,
            "quarter": 1,
            "eps": -0.2,
            "eps_growth_year": -242.86,
            "eps_4q": -0.34,
            "eps_4q_growth_year": null,
            "roe": -1.36,
            "roe_4q": -2.41,
            "gross_profit": 34014,
            "gross_margin": 25.76,
            "gross_margin_4q_avg": 22.65,
            "net_income": -95889,
            "net_income_4q": null,
            "revenue": 132050,
            "revenue_4q": null,
            "common_shares": 4894037,
            "book_valuer_per_share": 13.33,
            "book_valuer_per_share_4q_avg": 13.5,
            "equity": 6522988,
            "current_ratio": 189.48,
            "debt_ratio": 33.36,
            "inventory_turnover_ratio": 0.02,
            "account_receivable_turnover_ratio": null,
            "reinvestment_rate": null,
            "research_to_sale_ratio": null,
            "price_fair": 0.9,
            "eps_avg_yearly": 0.3,
            "eps_latest_yearly": 0.56,
            "eps_growth_yearly": -60.32
        },
        "20052": {
            "year_quarter": 20052,
            "year": 2005,
            "quarter": 2,
            "eps": -0.08,
            "eps_growth_year": null,
            "eps_4q": -0.31,
            "eps_4q_growth_year": null,
            "roe": -0.62,
            "roe_4q": -2.23,
            "gross_profit": 54543,
            "gross_margin": 29.66,
            "gross_margin_4q_avg": 26.19,
            "net_income": -40241,
            "net_income_4q": null,
            "revenue": 183924,
            "revenue_4q": null,
            "common_shares": 4894037,
            "book_valuer_per_share": 13.25,
            "book_valuer_per_share_4q_avg": 13.41,
            "equity": 6486718,
            "current_ratio": 177.78,
            "debt_ratio": 34.61,
            "inventory_turnover_ratio": 0.03,
            "account_receivable_turnover_ratio": null,
            "reinvestment_rate": null,
            "research_to_sale_ratio": null,
            "price_fair": 0.9,
            "eps_avg_yearly": 0.3,
            "eps_latest_yearly": 0.56,
            "eps_growth_yearly": -60.32
        },
        "20053": {
            "year_quarter": 20053,
            "year": 2005,
            "quarter": 3,
            "eps": 0.1,
            "eps_growth_year": null,
            "eps_4q": -0.12,
            "eps_4q_growth_year": -611.48,
            "roe": 0.72,
            "roe_4q": -0.7800000000000002,
            "gross_profit": 118855,
            "gross_margin": 33.26,
            "gross_margin_4q_avg": 33.27,
            "net_income": 46941,
            "net_income_4q": null,
            "revenue": 357300,
            "revenue_4q": null,
            "common_shares": 4894037,
            "book_valuer_per_share": 13.35,
            "book_valuer_per_share_4q_avg": 13.37,
            "equity": 6533222,
            "current_ratio": 171.28,
            "debt_ratio": 36.61,
            "inventory_turnover_ratio": 0.05,
            "account_receivable_turnover_ratio": null,
            "reinvestment_rate": null,
            "research_to_sale_ratio": null,
            "price_fair": 0.9,
            "eps_avg_yearly": 0.3,
            "eps_latest_yearly": 0.56,
            "eps_growth_yearly": -60.32
        },
        "20054": {
            "year_quarter": 20054,
            "year": 2005,
            "quarter": 4,
            "eps": 0.36,
            "eps_growth_year": 414.29,
            "eps_4q": 0.18,
            "eps_4q_growth_year": 7963.79,
            "roe": 2.41,
            "roe_4q": 1.1499999999999997,
            "gross_profit": 415851,
            "gross_margin": 36.38,
            "gross_margin_4q_avg": 31.27,
            "net_income": 175919,
            "net_income_4q": null,
            "revenue": 1143117,
            "revenue_4q": null,
            "common_shares": 4894037,
            "book_valuer_per_share": 13.7,
            "book_valuer_per_share_4q_avg": 13.41,
            "equity": 8041263,
            "current_ratio": 177.21,
            "debt_ratio": 50.67,
            "inventory_turnover_ratio": 0.13,
            "account_receivable_turnover_ratio": null,
            "reinvestment_rate": null,
            "research_to_sale_ratio": null,
            "price_fair": 23.8,
            "eps_avg_yearly": 0.68,
            "eps_latest_yearly": 1.44,
            "eps_growth_yearly": 306.46
        },
        "20061": {
            "year_quarter": 20061,
            "year": 2006,
            "quarter": 1,
            "eps": 0.09,
            "eps_growth_year": null,
            "eps_4q": 0.48,
            "eps_4q_growth_year": null,
            "roe": 0.56,
            "roe_4q": 3.0700000000000003,
            "gross_profit": 80367,
            "gross_margin": 40.07,
            "gross_margin_4q_avg": 34.84,
            "net_income": 41613,
            "net_income_4q": null,
            "revenue": 200577,
            "revenue_4q": null,
            "common_shares": 4894037,
            "book_valuer_per_share": 13.77,
            "book_valuer_per_share_4q_avg": 13.52,
            "equity": 6740915,
            "current_ratio": 192.93,
            "debt_ratio": 38.09,
            "inventory_turnover_ratio": 0.02,
            "account_receivable_turnover_ratio": null,
            "reinvestment_rate": null,
            "research_to_sale_ratio": null,
            "price_fair": 21,
            "eps_avg_yearly": 0.6,
            "eps_latest_yearly": 0.36,
            "eps_growth_yearly": 154.84
        },
        "20062": {
            "year_quarter": 20062,
            "year": 2006,
            "quarter": 2,
            "eps": 0.08,
            "eps_growth_year": null,
            "eps_4q": 0.65,
            "eps_4q_growth_year": null,
            "roe": 0.55,
            "roe_4q": 4.24,
            "gross_profit": 126424,
            "gross_margin": 13.32,
            "gross_margin_4q_avg": 30.76,
            "net_income": 37368,
            "net_income_4q": null,
            "revenue": 948867,
            "revenue_4q": null,
            "common_shares": 4894037,
            "book_valuer_per_share": 13.87,
            "book_valuer_per_share_4q_avg": 13.67,
            "equity": 6786432,
            "current_ratio": 247.46,
            "debt_ratio": 33.17,
            "inventory_turnover_ratio": 0.14,
            "account_receivable_turnover_ratio": null,
            "reinvestment_rate": null,
            "research_to_sale_ratio": null,
            "price_fair": 23.45,
            "eps_avg_yearly": 0.67,
            "eps_latest_yearly": 0.32,
            "eps_growth_yearly": 229.44
        },
        "20063": {
            "year_quarter": 20063,
            "year": 2006,
            "quarter": 3,
            "eps": 0.03,
            "eps_growth_year": -70,
            "eps_4q": 0.52,
            "eps_4q_growth_year": null,
            "roe": 0.23,
            "roe_4q": 3.75,
            "gross_profit": 81872,
            "gross_margin": 17.37,
            "gross_margin_4q_avg": 26.79,
            "net_income": 15725,
            "net_income_4q": null,
            "revenue": 471401,
            "revenue_4q": null,
            "common_shares": 4894037,
            "book_valuer_per_share": 13.9,
            "book_valuer_per_share_4q_avg": 13.81,
            "equity": 6803021,
            "current_ratio": 254.86,
            "debt_ratio": 32.76,
            "inventory_turnover_ratio": 0.07,
            "account_receivable_turnover_ratio": null,
            "reinvestment_rate": null,
            "research_to_sale_ratio": null,
            "price_fair": 19.6,
            "eps_avg_yearly": 0.56,
            "eps_latest_yearly": 0.12,
            "eps_growth_yearly": 133.56
        },
        "20064": {
            "year_quarter": 20064,
            "year": 2006,
            "quarter": 4,
            "eps": 0.12,
            "eps_growth_year": -66.67,
            "eps_4q": 0.31,
            "eps_4q_growth_year": 74.16,
            "roe": 0.81,
            "roe_4q": 2.1500000000000004,
            "gross_profit": 122532,
            "gross_margin": 26.85,
            "gross_margin_4q_avg": 24.4,
            "net_income": 60098,
            "net_income_4q": null,
            "revenue": 456418,
            "revenue_4q": null,
            "common_shares": 4894037,
            "book_valuer_per_share": 14.04,
            "book_valuer_per_share_4q_avg": 13.9,
            "equity": 7956668,
            "current_ratio": 194.66,
            "debt_ratio": 50.74,
            "inventory_turnover_ratio": 0.05,
            "account_receivable_turnover_ratio": null,
            "reinvestment_rate": 6509.34,
            "research_to_sale_ratio": null,
            "price_fair": 19.13,
            "eps_avg_yearly": 0.55,
            "eps_latest_yearly": 0.48,
            "eps_growth_yearly": 311.3
        },
        "20071": {
            "year_quarter": 20071,
            "year": 2007,
            "quarter": 1,
            "eps": 0.17,
            "eps_growth_year": 88.89,
            "eps_4q": 0.41,
            "eps_4q_growth_year": -15.99,
            "roe": 1.09,
            "roe_4q": 2.6800000000000006,
            "gross_profit": 123866,
            "gross_margin": 26.47,
            "gross_margin_4q_avg": 21,
            "net_income": 81042,
            "net_income_4q": null,
            "revenue": 467950,
            "revenue_4q": null,
            "common_shares": 4894037,
            "book_valuer_per_share": 14.19,
            "book_valuer_per_share_4q_avg": 14,
            "equity": 6944442,
            "current_ratio": 194.46,
            "debt_ratio": 35.9,
            "inventory_turnover_ratio": 0.05,
            "account_receivable_turnover_ratio": null,
            "reinvestment_rate": -166.65,
            "research_to_sale_ratio": null,
            "price_fair": 19.8,
            "eps_avg_yearly": 0.57,
            "eps_latest_yearly": 0.68,
            "eps_growth_yearly": 290.63
        },
        "20072": {
            "year_quarter": 20072,
            "year": 2007,
            "quarter": 2,
            "eps": -0.03,
            "eps_growth_year": -137.5,
            "eps_4q": 0.29,
            "eps_4q_growth_year": -54.64,
            "roe": -0.2,
            "roe_4q": 1.9300000000000002,
            "gross_profit": 65164,
            "gross_margin": 25.33,
            "gross_margin_4q_avg": 24.01,
            "net_income": -13411,
            "net_income_4q": null,
            "revenue": 257274,
            "revenue_4q": null,
            "common_shares": 4894037,
            "book_valuer_per_share": 13.64,
            "book_valuer_per_share_4q_avg": 13.94,
            "equity": 6673450,
            "current_ratio": 184.86,
            "debt_ratio": 40.12,
            "inventory_turnover_ratio": 0.03,
            "account_receivable_turnover_ratio": null,
            "reinvestment_rate": -130.11,
            "research_to_sale_ratio": null,
            "price_fair": 19.8,
            "eps_avg_yearly": 0.57,
            "eps_latest_yearly": 0.68,
            "eps_growth_yearly": 290.63
        },
        "20073": {
            "year_quarter": 20073,
            "year": 2007,
            "quarter": 3,
            "eps": -0.02,
            "eps_growth_year": -166.67,
            "eps_4q": 0.24,
            "eps_4q_growth_year": -53.83,
            "roe": -0.17,
            "roe_4q": 1.5300000000000002,
            "gross_profit": 17420,
            "gross_margin": 21.53,
            "gross_margin_4q_avg": 25.05,
            "net_income": -11063,
            "net_income_4q": null,
            "revenue": 80922,
            "revenue_4q": null,
            "common_shares": 4894037,
            "book_valuer_per_share": 13.61,
            "book_valuer_per_share_4q_avg": 13.87,
            "equity": 6662384,
            "current_ratio": 183.72,
            "debt_ratio": 40.65,
            "inventory_turnover_ratio": 0.01,
            "account_receivable_turnover_ratio": null,
            "reinvestment_rate": -104.16,
            "research_to_sale_ratio": null,
            "price_fair": 19.8,
            "eps_avg_yearly": 0.57,
            "eps_latest_yearly": 0.68,
            "eps_growth_yearly": 290.63
        },
        "20074": {
            "year_quarter": 20074,
            "year": 2007,
            "quarter": 4,
            "eps": 0.55,
            "eps_growth_year": 358.33,
            "eps_4q": 0.67,
            "eps_4q_growth_year": 116.02,
            "roe": 3.6,
            "roe_4q": 4.32,
            "gross_profit": 349371,
            "gross_margin": 19.81,
            "gross_margin_4q_avg": 23.29,
            "net_income": 264264,
            "net_income_4q": null,
            "revenue": 1763453,
            "revenue_4q": null,
            "common_shares": 4894037,
            "book_valuer_per_share": 14.17,
            "book_valuer_per_share_4q_avg": 13.9,
            "equity": 8027152,
            "current_ratio": 210.35,
            "debt_ratio": 51.82,
            "inventory_turnover_ratio": 0.2,
            "account_receivable_turnover_ratio": null,
            "reinvestment_rate": 405.15,
            "research_to_sale_ratio": null,
            "price_fair": 19.8,
            "eps_avg_yearly": 0.57,
            "eps_latest_yearly": 0.68,
            "eps_growth_yearly": 290.63
        },
        "20081": {
            "year_quarter": 20081,
            "year": 2008,
            "quarter": 1,
            "eps": 0.45,
            "eps_growth_year": 164.71,
            "eps_4q": 0.95,
            "eps_4q_growth_year": 132.65,
            "roe": 2.65,
            "roe_4q": 5.88,
            "gross_profit": 409085,
            "gross_margin": 22.55,
            "gross_margin_4q_avg": 22.31,
            "net_income": 216133,
            "net_income_4q": null,
            "revenue": 1814175,
            "revenue_4q": null,
            "common_shares": 4894037,
            "book_valuer_per_share": 14.66,
            "book_valuer_per_share_4q_avg": 14.02,
            "equity": 8301888,
            "current_ratio": 202.42,
            "debt_ratio": 51.51,
            "inventory_turnover_ratio": 0.2,
            "account_receivable_turnover_ratio": null,
            "reinvestment_rate": 838.04,
            "research_to_sale_ratio": null,
            "price_fair": 26,
            "eps_avg_yearly": 0.74,
            "eps_latest_yearly": 1.8,
            "eps_growth_yearly": 248.5
        },
        "20082": {
            "year_quarter": 20082,
            "year": 2008,
            "quarter": 2,
            "eps": 0.38,
            "eps_growth_year": null,
            "eps_4q": 1.26,
            "eps_4q_growth_year": 329.85,
            "roe": 2.38,
            "roe_4q": 8.459999999999999,
            "gross_profit": 431810,
            "gross_margin": 23.42,
            "gross_margin_4q_avg": 21.83,
            "net_income": 196685,
            "net_income_4q": null,
            "revenue": 1844075,
            "revenue_4q": null,
            "common_shares": 4894037,
            "book_valuer_per_share": 14.48,
            "book_valuer_per_share_4q_avg": 14.23,
            "equity": 8192743,
            "current_ratio": 156.64,
            "debt_ratio": 57.25,
            "inventory_turnover_ratio": 0.18,
            "account_receivable_turnover_ratio": null,
            "reinvestment_rate": 629.25,
            "research_to_sale_ratio": null,
            "price_fair": 29.4,
            "eps_avg_yearly": 0.84,
            "eps_latest_yearly": 1.52,
            "eps_growth_yearly": 209.66
        },
        "20083": {
            "year_quarter": 20083,
            "year": 2008,
            "quarter": 3,
            "eps": 0.26,
            "eps_growth_year": null,
            "eps_4q": 1.39,
            "eps_4q_growth_year": 484,
            "roe": 1.79,
            "roe_4q": 10.42,
            "gross_profit": 433733,
            "gross_margin": 23.21,
            "gross_margin_4q_avg": 22.25,
            "net_income": 147532,
            "net_income_4q": null,
            "revenue": 1868986,
            "revenue_4q": null,
            "common_shares": 4894037,
            "book_valuer_per_share": 14.68,
            "book_valuer_per_share_4q_avg": 14.5,
            "equity": 8282205,
            "current_ratio": 171.32,
            "debt_ratio": 52.78,
            "inventory_turnover_ratio": 0.18,
            "account_receivable_turnover_ratio": null,
            "reinvestment_rate": 529.94,
            "research_to_sale_ratio": null,
            "price_fair": 30.18,
            "eps_avg_yearly": 0.86,
            "eps_latest_yearly": 1.04,
            "eps_growth_yearly": 172.33
        },
        "20084": {
            "year_quarter": 20084,
            "year": 2008,
            "quarter": 4,
            "eps": -0.28,
            "eps_growth_year": -150.91,
            "eps_4q": 0.8,
            "eps_4q_growth_year": 19.65,
            "roe": -1.93,
            "roe_4q": 4.890000000000001,
            "gross_profit": 127587,
            "gross_margin": 8.88,
            "gross_margin_4q_avg": 19.52,
            "net_income": -157315,
            "net_income_4q": null,
            "revenue": 1437070,
            "revenue_4q": null,
            "common_shares": 4894037,
            "book_valuer_per_share": 14.39,
            "book_valuer_per_share_4q_avg": 14.55,
            "equity": 8014265,
            "current_ratio": 163,
            "debt_ratio": 54.5,
            "inventory_turnover_ratio": 0.17,
            "account_receivable_turnover_ratio": 5.34,
            "reinvestment_rate": 168.05,
            "research_to_sale_ratio": null,
            "price_fair": 30.18,
            "eps_avg_yearly": 0.86,
            "eps_latest_yearly": 1.04,
            "eps_growth_yearly": 172.33
        },
        "20091": {
            "year_quarter": 20091,
            "year": 2009,
            "quarter": 1,
            "eps": 0.6,
            "eps_growth_year": 33.33,
            "eps_4q": 0.89,
            "eps_4q_growth_year": -5.92,
            "roe": 3.8,
            "roe_4q": 6.04,
            "gross_profit": 528700,
            "gross_margin": 23.14,
            "gross_margin_4q_avg": 19.66,
            "net_income": 311013,
            "net_income_4q": null,
            "revenue": 2285249,
            "revenue_4q": null,
            "common_shares": 4894037,
            "book_valuer_per_share": 15.01,
            "book_valuer_per_share_4q_avg": 14.64,
            "equity": 8366757,
            "current_ratio": 179.63,
            "debt_ratio": 51.89,
            "inventory_turnover_ratio": 0.23,
            "account_receivable_turnover_ratio": 4.86,
            "reinvestment_rate": 452.19,
            "research_to_sale_ratio": null,
            "price_fair": 30.18,
            "eps_avg_yearly": 0.86,
            "eps_latest_yearly": 1.04,
            "eps_growth_yearly": 172.33
        },
        "20092": {
            "year_quarter": 20092,
            "year": 2009,
            "quarter": 2,
            "eps": 0.33,
            "eps_growth_year": -13.16,
            "eps_4q": 0.99,
            "eps_4q_growth_year": -21.06,
            "roe": 1.73,
            "roe_4q": 5.39,
            "gross_profit": 309168,
            "gross_margin": 15.72,
            "gross_margin_4q_avg": 17.74,
            "net_income": 144726,
            "net_income_4q": null,
            "revenue": 1966205,
            "revenue_4q": null,
            "common_shares": 4894037,
            "book_valuer_per_share": 14.9,
            "book_valuer_per_share_4q_avg": 14.75,
            "equity": 8333056,
            "current_ratio": 169.3,
            "debt_ratio": 53.97,
            "inventory_turnover_ratio": 0.21,
            "account_receivable_turnover_ratio": 3.89,
            "reinvestment_rate": 405.07,
            "research_to_sale_ratio": null,
            "price_fair": 31.78,
            "eps_avg_yearly": 0.91,
            "eps_latest_yearly": 1.32,
            "eps_growth_yearly": 137.1
        },
        "20093": {
            "year_quarter": 20093,
            "year": 2009,
            "quarter": 3,
            "eps": 1.01,
            "eps_growth_year": 288.46,
            "eps_4q": 1.53,
            "eps_4q_growth_year": 10.22,
            "roe": 6.04,
            "roe_4q": 9.64,
            "gross_profit": 760932,
            "gross_margin": 27.31,
            "gross_margin_4q_avg": 18.76,
            "net_income": 521941,
            "net_income_4q": null,
            "revenue": 2785882,
            "revenue_4q": null,
            "common_shares": 4894037,
            "book_valuer_per_share": 16.03,
            "book_valuer_per_share_4q_avg": 15.08,
            "equity": 8942041,
            "current_ratio": 151.72,
            "debt_ratio": 60.77,
            "inventory_turnover_ratio": 0.2,
            "account_receivable_turnover_ratio": 4.53,
            "reinvestment_rate": 306.71,
            "research_to_sale_ratio": null,
            "price_fair": 41.75,
            "eps_avg_yearly": 1.19,
            "eps_latest_yearly": 4.04,
            "eps_growth_yearly": 199.56
        },
        "20094": {
            "year_quarter": 20094,
            "year": 2009,
            "quarter": 4,
            "eps": 0.52,
            "eps_growth_year": null,
            "eps_4q": 2.45,
            "eps_4q_growth_year": 206.71,
            "roe": 3.76,
            "roe_4q": 15.330000000000002,
            "gross_profit": 684433,
            "gross_margin": 19.53,
            "gross_margin_4q_avg": 21.43,
            "net_income": 339393,
            "net_income_4q": null,
            "revenue": 3505116,
            "revenue_4q": null,
            "common_shares": 4894037,
            "book_valuer_per_share": 16.72,
            "book_valuer_per_share_4q_avg": 15.67,
            "equity": 9114557,
            "current_ratio": 146.06,
            "debt_ratio": 62.84,
            "inventory_turnover_ratio": 0.22,
            "account_receivable_turnover_ratio": 13.64,
            "reinvestment_rate": 128.04,
            "research_to_sale_ratio": null,
            "price_fair": 43.78,
            "eps_avg_yearly": 1.25,
            "eps_latest_yearly": 2.08,
            "eps_growth_yearly": 87.38
        },
        "20101": {
            "year_quarter": 20101,
            "year": 2010,
            "quarter": 1,
            "eps": 1.21,
            "eps_growth_year": 101.67,
            "eps_4q": 3.07,
            "eps_4q_growth_year": 243.96,
            "roe": 6.55,
            "roe_4q": 18.08,
            "gross_profit": 900321,
            "gross_margin": 28.97,
            "gross_margin_4q_avg": 22.88,
            "net_income": 618314,
            "net_income_4q": null,
            "revenue": 3107894,
            "revenue_4q": null,
            "common_shares": 4894037,
            "book_valuer_per_share": 18.03,
            "book_valuer_per_share_4q_avg": 16.42,
            "equity": 9776867,
            "current_ratio": 150.02,
            "debt_ratio": 61.01,
            "inventory_turnover_ratio": 0.16,
            "account_receivable_turnover_ratio": 6.37,
            "reinvestment_rate": 371.02,
            "research_to_sale_ratio": null,
            "price_fair": 58.04,
            "eps_avg_yearly": 1.66,
            "eps_latest_yearly": 4.84,
            "eps_growth_yearly": 162.9
        },
        "20102": {
            "year_quarter": 20102,
            "year": 2010,
            "quarter": 2,
            "eps": 1.27,
            "eps_growth_year": 283.81,
            "eps_4q": 4.01,
            "eps_4q_growth_year": 302.87,
            "roe": 7.11,
            "roe_4q": 23.46,
            "gross_profit": 1143295,
            "gross_margin": 24.75,
            "gross_margin_4q_avg": 25.14,
            "net_income": 701123,
            "net_income_4q": null,
            "revenue": 4619892,
            "revenue_4q": null,
            "common_shares": 4894037,
            "book_valuer_per_share": 18.31,
            "book_valuer_per_share_4q_avg": 17.27,
            "equity": 9950595,
            "current_ratio": 152.43,
            "debt_ratio": 63.05,
            "inventory_turnover_ratio": 0.24,
            "account_receivable_turnover_ratio": 6.46,
            "reinvestment_rate": 305.51,
            "research_to_sale_ratio": null,
            "price_fair": 73.18,
            "eps_avg_yearly": 2.09,
            "eps_latest_yearly": 5.08,
            "eps_growth_yearly": 168.74
        },
        "20103": {
            "year_quarter": 20103,
            "year": 2010,
            "quarter": 3,
            "eps": 0.39,
            "eps_growth_year": -60.94,
            "eps_4q": 3.4,
            "eps_4q_growth_year": 121.28,
            "roe": 1.87,
            "roe_4q": 19.29,
            "gross_profit": 474741,
            "gross_margin": 13.96,
            "gross_margin_4q_avg": 21.8,
            "net_income": 191512,
            "net_income_4q": null,
            "revenue": 3401881,
            "revenue_4q": null,
            "common_shares": 4894037,
            "book_valuer_per_share": 18.7,
            "book_valuer_per_share_4q_avg": 17.94,
            "equity": 10535278,
            "current_ratio": 157.71,
            "debt_ratio": 60.62,
            "inventory_turnover_ratio": 0.2,
            "account_receivable_turnover_ratio": 4.03,
            "reinvestment_rate": 290.63,
            "research_to_sale_ratio": null,
            "price_fair": 77.76,
            "eps_avg_yearly": 2.22,
            "eps_latest_yearly": 1.56,
            "eps_growth_yearly": 166.27
        },
        "20104": {
            "year_quarter": 20104,
            "year": 2010,
            "quarter": 4,
            "eps": 0.63,
            "eps_growth_year": 21.35,
            "eps_4q": 3.48,
            "eps_4q_growth_year": 42.14,
            "roe": 3.21,
            "roe_4q": 18.740000000000002,
            "gross_profit": 604857,
            "gross_margin": 17.1,
            "gross_margin_4q_avg": 21.2,
            "net_income": 348009,
            "net_income_4q": null,
            "revenue": 3536514,
            "revenue_4q": null,
            "common_shares": 4922736,
            "book_valuer_per_share": 19.37,
            "book_valuer_per_share_4q_avg": 18.6,
            "equity": 11117556,
            "current_ratio": 154.76,
            "debt_ratio": 61.03,
            "inventory_turnover_ratio": 0.19,
            "account_receivable_turnover_ratio": 4.26,
            "reinvestment_rate": 104.43,
            "research_to_sale_ratio": null,
            "price_fair": 84.25,
            "eps_avg_yearly": 2.41,
            "eps_latest_yearly": 2.52,
            "eps_growth_yearly": 79.56
        },
        "20111": {
            "year_quarter": 20111,
            "year": 2011,
            "quarter": 1,
            "eps": 0.44,
            "eps_growth_year": -63.64,
            "eps_4q": 2.72,
            "eps_4q_growth_year": -11.23,
            "roe": 2.25,
            "roe_4q": 14.440000000000001,
            "gross_profit": 601724,
            "gross_margin": 14.72,
            "gross_margin_4q_avg": 17.63,
            "net_income": 252651,
            "net_income_4q": null,
            "revenue": 4087061,
            "revenue_4q": null,
            "common_shares": 4926189,
            "book_valuer_per_share": 19.86,
            "book_valuer_per_share_4q_avg": 19.06,
            "equity": 11389552,
            "current_ratio": 151.53,
            "debt_ratio": 62.3,
            "inventory_turnover_ratio": 0.21,
            "account_receivable_turnover_ratio": 5.11,
            "reinvestment_rate": 274,
            "research_to_sale_ratio": null,
            "price_fair": 87.69,
            "eps_avg_yearly": 2.51,
            "eps_latest_yearly": 1.76,
            "eps_growth_yearly": 53.44
        },
        "20112": {
            "year_quarter": 20112,
            "year": 2011,
            "quarter": 2,
            "eps": 0.43,
            "eps_growth_year": -65.71,
            "eps_4q": 1.9,
            "eps_4q_growth_year": -52.58,
            "roe": 2.4,
            "roe_4q": 9.73,
            "gross_profit": 692967,
            "gross_margin": 15.96,
            "gross_margin_4q_avg": 15.44,
            "net_income": 268357,
            "net_income_4q": null,
            "revenue": 4342837,
            "revenue_4q": null,
            "common_shares": 4926189,
            "book_valuer_per_share": 19.29,
            "book_valuer_per_share_4q_avg": 19.31,
            "equity": 10962019,
            "current_ratio": 140.55,
            "debt_ratio": 65.27,
            "inventory_turnover_ratio": 0.21,
            "account_receivable_turnover_ratio": 3.87,
            "reinvestment_rate": 157.32,
            "research_to_sale_ratio": null,
            "price_fair": 85.4,
            "eps_avg_yearly": 2.44,
            "eps_latest_yearly": 1.72,
            "eps_growth_yearly": 48.23
        },
        "20113": {
            "year_quarter": 20113,
            "year": 2011,
            "quarter": 3,
            "eps": 0.5,
            "eps_growth_year": 25.83,
            "eps_4q": 2,
            "eps_4q_growth_year": -41.02,
            "roe": 1.63,
            "roe_4q": 9.489999999999998,
            "gross_profit": 553629,
            "gross_margin": 23.13,
            "gross_margin_4q_avg": 17.73,
            "net_income": 180332,
            "net_income_4q": null,
            "revenue": 2393994,
            "revenue_4q": null,
            "common_shares": 4933453,
            "book_valuer_per_share": 19.79,
            "book_valuer_per_share_4q_avg": 19.58,
            "equity": 11113485,
            "current_ratio": 153.84,
            "debt_ratio": 61.84,
            "inventory_turnover_ratio": 0.11,
            "account_receivable_turnover_ratio": 1.89,
            "reinvestment_rate": 148.92,
            "research_to_sale_ratio": null,
            "price_fair": 84.22,
            "eps_avg_yearly": 2.41,
            "eps_latest_yearly": 2,
            "eps_growth_yearly": 49.53
        },
        "20114": {
            "year_quarter": 20114,
            "year": 2011,
            "quarter": 4,
            "eps": 0.65,
            "eps_growth_year": 3.01,
            "eps_4q": 2.02,
            "eps_4q_growth_year": -41.94,
            "roe": 3.52,
            "roe_4q": 9.8,
            "gross_profit": 709610,
            "gross_margin": 16.31,
            "gross_margin_4q_avg": 17.53,
            "net_income": 397927,
            "net_income_4q": null,
            "revenue": 4351987,
            "revenue_4q": null,
            "common_shares": 4933453,
            "book_valuer_per_share": 20.45,
            "book_valuer_per_share_4q_avg": 19.85,
            "equity": 11517842,
            "current_ratio": 161.87,
            "debt_ratio": 63.25,
            "inventory_turnover_ratio": 0.21,
            "account_receivable_turnover_ratio": 4.64,
            "reinvestment_rate": 4.85,
            "research_to_sale_ratio": null,
            "price_fair": 84.7,
            "eps_avg_yearly": 2.42,
            "eps_latest_yearly": 2.6,
            "eps_growth_yearly": 54.56
        },
        "20121": {
            "year_quarter": 20121,
            "year": 2012,
            "quarter": 1,
            "eps": 0.51,
            "eps_growth_year": 15.91,
            "eps_4q": 2.09,
            "eps_4q_growth_year": -23.17,
            "roe": 2.42,
            "roe_4q": 9.969999999999999,
            "gross_profit": 562828,
            "gross_margin": 15.15,
            "gross_margin_4q_avg": 17.64,
            "net_income": 281428,
            "net_income_4q": null,
            "revenue": 3714992,
            "revenue_4q": null,
            "common_shares": 4933453,
            "book_valuer_per_share": 20.96,
            "book_valuer_per_share_4q_avg": 20.12,
            "equity": 11746340,
            "current_ratio": 161.57,
            "debt_ratio": 63.2,
            "inventory_turnover_ratio": 0.17,
            "account_receivable_turnover_ratio": 3.93,
            "reinvestment_rate": 5.81,
            "research_to_sale_ratio": null,
            "price_fair": 85.3,
            "eps_avg_yearly": 2.44,
            "eps_latest_yearly": 2.04,
            "eps_growth_yearly": 53.61
        },
        "20122": {
            "year_quarter": 20122,
            "year": 2012,
            "quarter": 2,
            "eps": 0.33,
            "eps_growth_year": -24.23,
            "eps_4q": 1.97,
            "eps_4q_growth_year": 3.83,
            "roe": 1.14,
            "roe_4q": 8.71,
            "gross_profit": 490962,
            "gross_margin": 15.28,
            "gross_margin_4q_avg": 17.47,
            "net_income": 132981,
            "net_income_4q": null,
            "revenue": 3213527,
            "revenue_4q": null,
            "common_shares": 4965081,
            "book_valuer_per_share": 20.29,
            "book_valuer_per_share_4q_avg": 20.37,
            "equity": 11497948,
            "current_ratio": 159.49,
            "debt_ratio": 68.55,
            "inventory_turnover_ratio": 0.13,
            "account_receivable_turnover_ratio": 3.32,
            "reinvestment_rate": 7.53,
            "research_to_sale_ratio": null,
            "price_fair": 84.8,
            "eps_avg_yearly": 2.42,
            "eps_latest_yearly": 1.32,
            "eps_growth_yearly": 47.97
        },
        "20123": {
            "year_quarter": 20123,
            "year": 2012,
            "quarter": 3,
            "eps": 0.22,
            "eps_growth_year": -55.95,
            "eps_4q": 1.7,
            "eps_4q_growth_year": -15.29,
            "roe": 1.12,
            "roe_4q": 8.2,
            "gross_profit": 426594,
            "gross_margin": 14.75,
            "gross_margin_4q_avg": 15.37,
            "net_income": 130080,
            "net_income_4q": null,
            "revenue": 2891528,
            "revenue_4q": null,
            "common_shares": 4987221,
            "book_valuer_per_share": 20.51,
            "book_valuer_per_share_4q_avg": 20.55,
            "equity": 11651254,
            "current_ratio": 155.96,
            "debt_ratio": 69.57,
            "inventory_turnover_ratio": 0.1,
            "account_receivable_turnover_ratio": 2.83,
            "reinvestment_rate": 14.79,
            "research_to_sale_ratio": null,
            "price_fair": 84.4,
            "eps_avg_yearly": 2.41,
            "eps_latest_yearly": 0.88,
            "eps_growth_yearly": 47.46
        },
        "20124": {
            "year_quarter": 20124,
            "year": 2012,
            "quarter": 4,
            "eps": 1.04,
            "eps_growth_year": 60.31,
            "eps_4q": 2.1,
            "eps_4q_growth_year": 3.61,
            "roe": 4.81,
            "roe_4q": 9.489999999999998,
            "gross_profit": 924354,
            "gross_margin": 22.4,
            "gross_margin_4q_avg": 16.9,
            "net_income": 573788,
            "net_income_4q": null,
            "revenue": 4127106,
            "revenue_4q": null,
            "common_shares": 4987221,
            "book_valuer_per_share": 21.55,
            "book_valuer_per_share_4q_avg": 20.83,
            "equity": 12212734,
            "current_ratio": 157.87,
            "debt_ratio": 68.8,
            "inventory_turnover_ratio": 0.13,
            "account_receivable_turnover_ratio": 3.63,
            "reinvestment_rate": 17.55,
            "research_to_sale_ratio": null,
            "price_fair": 88.48,
            "eps_avg_yearly": 2.53,
            "eps_latest_yearly": 4.16,
            "eps_growth_yearly": 143.69
        },
        "20131": {
            "year_quarter": 20131,
            "year": 2013,
            "quarter": 1,
            "eps": 0.79,
            "eps_growth_year": 54.9,
            "eps_4q": 2.36,
            "eps_4q_growth_year": 12.76,
            "roe": 2.95,
            "roe_4q": 10.02,
            "gross_profit": 220867,
            "gross_margin": 22.13,
            "gross_margin_4q_avg": 18.64,
            "net_income": 336954,
            "net_income_4q": null,
            "revenue": 998226,
            "revenue_4q": null,
            "common_shares": 5015102,
            "book_valuer_per_share": 18.3,
            "book_valuer_per_share_4q_avg": 20.16,
            "equity": 10647969,
            "current_ratio": 149.08,
            "debt_ratio": 71.76,
            "inventory_turnover_ratio": 0.03,
            "account_receivable_turnover_ratio": 0.86,
            "reinvestment_rate": 17.1,
            "research_to_sale_ratio": null,
            "price_fair": 89.86,
            "eps_avg_yearly": 2.57,
            "eps_latest_yearly": 3.16,
            "eps_growth_yearly": 128.7
        },
        "20132": {
            "year_quarter": 20132,
            "year": 2013,
            "quarter": 2,
            "eps": -0.22,
            "eps_growth_year": -166.87,
            "eps_4q": 1.81,
            "eps_4q_growth_year": -8.14,
            "roe": -0.89,
            "roe_4q": 7.989999999999999,
            "gross_profit": 283662,
            "gross_margin": 38.81,
            "gross_margin_4q_avg": 24.52,
            "net_income": -91560,
            "net_income_4q": null,
            "revenue": 730891,
            "revenue_4q": null,
            "common_shares": 5037910,
            "book_valuer_per_share": 17.08,
            "book_valuer_per_share_4q_avg": 19.36,
            "equity": 9994970,
            "current_ratio": 149.63,
            "debt_ratio": 74.05,
            "inventory_turnover_ratio": 0.02,
            "account_receivable_turnover_ratio": 0.77,
            "reinvestment_rate": 19.9,
            "research_to_sale_ratio": null,
            "price_fair": 92.77,
            "eps_avg_yearly": 2.65,
            "eps_latest_yearly": 3.16,
            "eps_growth_yearly": 149.28
        },
        "20133": {
            "year_quarter": 20133,
            "year": 2013,
            "quarter": 3,
            "eps": -0.03,
            "eps_growth_year": -113.72,
            "eps_4q": 1.57,
            "eps_4q_growth_year": -7.54,
            "roe": -0.27,
            "roe_4q": 6.6,
            "gross_profit": 330197,
            "gross_margin": 38.71,
            "gross_margin_4q_avg": 30.51,
            "net_income": -27002,
            "net_income_4q": null,
            "revenue": 853037,
            "revenue_4q": null,
            "common_shares": 5037910,
            "book_valuer_per_share": 17.07,
            "book_valuer_per_share_4q_avg": 18.5,
            "equity": 9976093,
            "current_ratio": 155.26,
            "debt_ratio": 74.54,
            "inventory_turnover_ratio": 0.02,
            "account_receivable_turnover_ratio": 1.22,
            "reinvestment_rate": 21.49,
            "research_to_sale_ratio": null,
            "price_fair": 89.3,
            "eps_avg_yearly": 2.55,
            "eps_latest_yearly": 3.16,
            "eps_growth_yearly": 101.07
        },
        "20134": {
            "year_quarter": 20134,
            "year": 2013,
            "quarter": 4,
            "eps": 1.88,
            "eps_growth_year": 80.63,
            "eps_4q": 2.42,
            "eps_4q_growth_year": 15.49,
            "roe": 9.58,
            "roe_4q": 11.370000000000001,
            "gross_profit": 1460495,
            "gross_margin": 31.06,
            "gross_margin_4q_avg": 32.68,
            "net_income": 1001828,
            "net_income_4q": null,
            "revenue": 4702238,
            "revenue_4q": null,
            "common_shares": 5037910,
            "book_valuer_per_share": 18.95,
            "book_valuer_per_share_4q_avg": 17.85,
            "equity": 10948808,
            "current_ratio": 163.56,
            "debt_ratio": 72.12,
            "inventory_turnover_ratio": 0.13,
            "account_receivable_turnover_ratio": 4.59,
            "reinvestment_rate": -49.73,
            "research_to_sale_ratio": null,
            "price_fair": 90.57,
            "eps_avg_yearly": 2.59,
            "eps_latest_yearly": 3.16,
            "eps_growth_yearly": 123.77
        },
        "20141": {
            "year_quarter": 20141,
            "year": 2014,
            "quarter": 1,
            "eps": 2.38,
            "eps_growth_year": 201.27,
            "eps_4q": 4.02,
            "eps_4q_growth_year": 70.49,
            "roe": 10.84,
            "roe_4q": 19.26,
            "gross_profit": 1819095,
            "gross_margin": 36.64,
            "gross_margin_4q_avg": 36.31,
            "net_income": 1253737,
            "net_income_4q": null,
            "revenue": 4965164,
            "revenue_4q": null,
            "common_shares": 5037910,
            "book_valuer_per_share": 21.33,
            "book_valuer_per_share_4q_avg": 18.61,
            "equity": 12186358,
            "current_ratio": 169.77,
            "debt_ratio": 69.9,
            "inventory_turnover_ratio": 0.13,
            "account_receivable_turnover_ratio": 2.23,
            "reinvestment_rate": -48.82,
            "research_to_sale_ratio": null,
            "price_fair": 103.17,
            "eps_avg_yearly": 2.95,
            "eps_latest_yearly": 9.52,
            "eps_growth_yearly": 91.13
        },
        "20142": {
            "year_quarter": 20142,
            "year": 2014,
            "quarter": 2,
            "eps": 0.5,
            "eps_growth_year": null,
            "eps_4q": 4.75,
            "eps_4q_growth_year": 162.08,
            "roe": 2.27,
            "roe_4q": 22.419999999999998,
            "gross_profit": 781447,
            "gross_margin": 47.86,
            "gross_margin_4q_avg": 38.57,
            "net_income": 272640,
            "net_income_4q": null,
            "revenue": 1632849,
            "revenue_4q": null,
            "common_shares": 5037910,
            "book_valuer_per_share": 20.83,
            "book_valuer_per_share_4q_avg": 19.55,
            "equity": 11850955,
            "current_ratio": 167.29,
            "debt_ratio": 70.68,
            "inventory_turnover_ratio": 0.03,
            "account_receivable_turnover_ratio": 0.74,
            "reinvestment_rate": -51.18,
            "research_to_sale_ratio": null,
            "price_fair": 94.88,
            "eps_avg_yearly": 2.71,
            "eps_latest_yearly": 2,
            "eps_growth_yearly": 65.3
        },
        "20143": {
            "year_quarter": 20143,
            "year": 2014,
            "quarter": 3,
            "eps": -0.12,
            "eps_growth_year": null,
            "eps_4q": 4.66,
            "eps_4q_growth_year": 197.15,
            "roe": -0.43,
            "roe_4q": 22.259999999999998,
            "gross_profit": 352186,
            "gross_margin": 50.3,
            "gross_margin_4q_avg": 41.47,
            "net_income": -50478,
            "net_income_4q": null,
            "revenue": 700133,
            "revenue_4q": null,
            "common_shares": 5037910,
            "book_valuer_per_share": 20.74,
            "book_valuer_per_share_4q_avg": 20.46,
            "equity": 11813103,
            "current_ratio": 163.83,
            "debt_ratio": 72.39,
            "inventory_turnover_ratio": 0.01,
            "account_receivable_turnover_ratio": 0.56,
            "reinvestment_rate": -51.98,
            "research_to_sale_ratio": null,
            "price_fair": 98.23,
            "eps_avg_yearly": 2.81,
            "eps_latest_yearly": 2,
            "eps_growth_yearly": 93.84
        },
        "20144": {
            "year_quarter": 20144,
            "year": 2014,
            "quarter": 4,
            "eps": 3.05,
            "eps_growth_year": 62.27,
            "eps_4q": 5.83,
            "eps_4q_growth_year": 140.77,
            "roe": 12.36,
            "roe_4q": 25.04,
            "gross_profit": 2018443,
            "gross_margin": 34.4,
            "gross_margin_4q_avg": 42.3,
            "net_income": 1556106,
            "net_income_4q": null,
            "revenue": 5867513,
            "revenue_4q": null,
            "common_shares": 5037910,
            "book_valuer_per_share": 23.8,
            "book_valuer_per_share_4q_avg": 21.68,
            "equity": 13375745,
            "current_ratio": 170.59,
            "debt_ratio": 68.26,
            "inventory_turnover_ratio": 0.14,
            "account_receivable_turnover_ratio": 4.65,
            "reinvestment_rate": -48.37,
            "research_to_sale_ratio": null,
            "price_fair": 99.15,
            "eps_avg_yearly": 2.83,
            "eps_latest_yearly": 2,
            "eps_growth_yearly": 79.99
        },
        "20151": {
            "year_quarter": 20151,
            "year": 2015,
            "quarter": 1,
            "eps": 0.24,
            "eps_growth_year": -89.92,
            "eps_4q": 3.67,
            "eps_4q_growth_year": -8.64,
            "roe": 0.99,
            "roe_4q": 15.19,
            "gross_profit": 595296,
            "gross_margin": 32.67,
            "gross_margin_4q_avg": 41.31,
            "net_income": 133676,
            "net_income_4q": null,
            "revenue": 1822278,
            "revenue_4q": null,
            "common_shares": 5037910,
            "book_valuer_per_share": 24.03,
            "book_valuer_per_share_4q_avg": 22.35,
            "equity": 13507346,
            "current_ratio": 170.93,
            "debt_ratio": 68.16,
            "inventory_turnover_ratio": 0.05,
            "account_receivable_turnover_ratio": 1.38,
            "reinvestment_rate": -51.18,
            "research_to_sale_ratio": null,
            "price_fair": 96.6,
            "eps_avg_yearly": 2.76,
            "eps_latest_yearly": 0.96,
            "eps_growth_yearly": 57.46
        },
        "20152": {
            "year_quarter": 20152,
            "year": 2015,
            "quarter": 2,
            "eps": -0.31,
            "eps_growth_year": -162,
            "eps_4q": 2.87,
            "eps_4q_growth_year": -39.6,
            "roe": -1,
            "roe_4q": 11.92,
            "gross_profit": 479390,
            "gross_margin": 32.72,
            "gross_margin_4q_avg": 37.52,
            "net_income": -128360,
            "net_income_4q": null,
            "revenue": 1465290,
            "revenue_4q": null,
            "common_shares": 5037910,
            "book_valuer_per_share": 21.68,
            "book_valuer_per_share_4q_avg": 22.56,
            "equity": 12264419,
            "current_ratio": 152.95,
            "debt_ratio": 71.29,
            "inventory_turnover_ratio": 0.04,
            "account_receivable_turnover_ratio": 1.25,
            "reinvestment_rate": 15.64,
            "research_to_sale_ratio": null,
            "price_fair": 100.24,
            "eps_avg_yearly": 2.86,
            "eps_latest_yearly": 0.96,
            "eps_growth_yearly": 64.11
        },
        "20153": {
            "year_quarter": 20153,
            "year": 2015,
            "quarter": 3,
            "eps": -0.09,
            "eps_growth_year": null,
            "eps_4q": 2.9,
            "eps_4q_growth_year": -37.82,
            "roe": 0.07,
            "roe_4q": 12.42,
            "gross_profit": 498581,
            "gross_margin": 24.05,
            "gross_margin_4q_avg": 30.96,
            "net_income": 8588,
            "net_income_4q": null,
            "revenue": 2073067,
            "revenue_4q": null,
            "common_shares": 5037910,
            "book_valuer_per_share": 21.65,
            "book_valuer_per_share_4q_avg": 22.79,
            "equity": 12300048,
            "current_ratio": 149.58,
            "debt_ratio": 71.49,
            "inventory_turnover_ratio": 0.06,
            "account_receivable_turnover_ratio": 1.74,
            "reinvestment_rate": 15.51,
            "research_to_sale_ratio": null,
            "price_fair": 103.6,
            "eps_avg_yearly": 2.96,
            "eps_latest_yearly": 0.96,
            "eps_growth_yearly": 64
        },
        "20154": {
            "year_quarter": 20154,
            "year": 2015,
            "quarter": 4,
            "eps": 1.32,
            "eps_growth_year": -56.89,
            "eps_4q": 1.16,
            "eps_4q_growth_year": -80.08,
            "roe": 5.45,
            "roe_4q": 5.510000000000001,
            "gross_profit": 1315528,
            "gross_margin": 24.36,
            "gross_margin_4q_avg": 28.45,
            "net_income": 688594,
            "net_income_4q": null,
            "revenue": 5399468,
            "revenue_4q": null,
            "common_shares": 5037910,
            "book_valuer_per_share": 22.95,
            "book_valuer_per_share_4q_avg": 22.58,
            "equity": 12979193,
            "current_ratio": 152.54,
            "debt_ratio": 68.83,
            "inventory_turnover_ratio": 0.15,
            "account_receivable_turnover_ratio": 3.84,
            "reinvestment_rate": 12.56,
            "research_to_sale_ratio": null,
            "price_fair": 105.18,
            "eps_avg_yearly": 3.01,
            "eps_latest_yearly": 0.96,
            "eps_growth_yearly": 57
        },
        "20161": {
            "year_quarter": 20161,
            "year": 2016,
            "quarter": 1,
            "eps": 0.22,
            "eps_growth_year": -8.33,
            "eps_4q": 1.14,
            "eps_4q_growth_year": -68.88,
            "roe": 0.96,
            "roe_4q": 5.48,
            "gross_profit": 693148,
            "gross_margin": 29.49,
            "gross_margin_4q_avg": 27.66,
            "net_income": 125451,
            "net_income_4q": null,
            "revenue": 2350598,
            "revenue_4q": null,
            "common_shares": 5037910,
            "book_valuer_per_share": 23.16,
            "book_valuer_per_share_4q_avg": 22.36,
            "equity": 13098936,
            "current_ratio": 153.53,
            "debt_ratio": 68.53,
            "inventory_turnover_ratio": 0.06,
            "account_receivable_turnover_ratio": 1.5,
            "reinvestment_rate": 11.32,
            "research_to_sale_ratio": null,
            "price_fair": 100.1,
            "eps_avg_yearly": 2.86,
            "eps_latest_yearly": 0.88,
            "eps_growth_yearly": 26.1
        },
        "20162": {
            "year_quarter": 20162,
            "year": 2016,
            "quarter": 2,
            "eps": 0.58,
            "eps_growth_year": null,
            "eps_4q": 2.03,
            "eps_4q_growth_year": -29.39,
            "roe": 2.04,
            "roe_4q": 8.52,
            "gross_profit": 1056378,
            "gross_margin": 25.95,
            "gross_margin_4q_avg": 25.96,
            "net_income": 263890,
            "net_income_4q": null,
            "revenue": 4071291,
            "revenue_4q": null,
            "common_shares": 5037910,
            "book_valuer_per_share": 22.71,
            "book_valuer_per_share_4q_avg": 22.62,
            "equity": 12783816,
            "current_ratio": 157.39,
            "debt_ratio": 68.79,
            "inventory_turnover_ratio": 0.12,
            "account_receivable_turnover_ratio": 2.64,
            "reinvestment_rate": 4.8,
            "research_to_sale_ratio": null,
            "price_fair": 104.48,
            "eps_avg_yearly": 2.99,
            "eps_latest_yearly": 2.32,
            "eps_growth_yearly": 125.57
        },
        "20163": {
            "year_quarter": 20163,
            "year": 2016,
            "quarter": 3,
            "eps": 0.54,
            "eps_growth_year": null,
            "eps_4q": 2.65,
            "eps_4q_growth_year": -8.59,
            "roe": 2.62,
            "roe_4q": 11.07,
            "gross_profit": 701007,
            "gross_margin": 24.31,
            "gross_margin_4q_avg": 26.03,
            "net_income": 339283,
            "net_income_4q": null,
            "revenue": 2883500,
            "revenue_4q": null,
            "common_shares": 5037910,
            "book_valuer_per_share": 23.24,
            "book_valuer_per_share_4q_avg": 23.02,
            "equity": 13122947,
            "current_ratio": 156.73,
            "debt_ratio": 68.51,
            "inventory_turnover_ratio": 0.08,
            "account_receivable_turnover_ratio": 1.78,
            "reinvestment_rate": 2.99,
            "research_to_sale_ratio": null,
            "price_fair": 110.08,
            "eps_avg_yearly": 3.15,
            "eps_latest_yearly": 2.16,
            "eps_growth_yearly": 138.78
        },
        "20164": {
            "year_quarter": 20164,
            "year": 2016,
            "quarter": 4,
            "eps": 0.16,
            "eps_growth_year": -87.89,
            "eps_4q": 1.49,
            "eps_4q_growth_year": 28.54,
            "roe": 0.64,
            "roe_4q": 6.260000000000001,
            "gross_profit": 674591,
            "gross_margin": 28.3,
            "gross_margin_4q_avg": 27.01,
            "net_income": 84256,
            "net_income_4q": null,
            "revenue": 2383706,
            "revenue_4q": null,
            "common_shares": 5037910,
            "book_valuer_per_share": 23.42,
            "book_valuer_per_share_4q_avg": 23.13,
            "equity": 13243469,
            "current_ratio": 154.76,
            "debt_ratio": 69.25,
            "inventory_turnover_ratio": 0.07,
            "account_receivable_turnover_ratio": 1.53,
            "reinvestment_rate": 0.08,
            "research_to_sale_ratio": null,
            "price_fair": 8.12,
            "eps_avg_yearly": 2.71,
            "eps_latest_yearly": 0.64,
            "eps_growth_yearly": -82.76
        },
        "20171": {
            "year_quarter": 20171,
            "year": 2017,
            "quarter": 1,
            "eps": 0.14,
            "eps_growth_year": -36.36,
            "eps_4q": 1.41,
            "eps_4q_growth_year": 23.18,
            "roe": 0.6,
            "roe_4q": 5.9,
            "gross_profit": 619269,
            "gross_margin": 28.67,
            "gross_margin_4q_avg": 26.81,
            "net_income": 79725,
            "net_income_4q": null,
            "revenue": 2159648,
            "revenue_4q": null,
            "common_shares": 5037910,
            "book_valuer_per_share": 23.54,
            "book_valuer_per_share_4q_avg": 23.23,
            "equity": 13310481,
            "current_ratio": 155.84,
            "debt_ratio": 69.08,
            "inventory_turnover_ratio": 0.06,
            "account_receivable_turnover_ratio": 1.56,
            "reinvestment_rate": 1.54,
            "research_to_sale_ratio": null,
            "price_fair": 7.14,
            "eps_avg_yearly": 2.38,
            "eps_latest_yearly": 0.56,
            "eps_growth_yearly": -77
        },
        "20172": {
            "year_quarter": 20172,
            "year": 2017,
            "quarter": 2,
            "eps": 0.21,
            "eps_growth_year": -63.79,
            "eps_4q": 1.04,
            "eps_4q_growth_year": -48.77,
            "roe": 1.28,
            "roe_4q": 5.140000000000001,
            "gross_profit": 733558,
            "gross_margin": 30.45,
            "gross_margin_4q_avg": 27.93,
            "net_income": 167415,
            "net_income_4q": null,
            "revenue": 2409047,
            "revenue_4q": null,
            "common_shares": 5037910,
            "book_valuer_per_share": 22.63,
            "book_valuer_per_share_4q_avg": 23.21,
            "equity": 12821047,
            "current_ratio": 145.86,
            "debt_ratio": 70.39,
            "inventory_turnover_ratio": 0.06,
            "account_receivable_turnover_ratio": 1.84,
            "reinvestment_rate": -0.86,
            "research_to_sale_ratio": null,
            "price_fair": 6.63,
            "eps_avg_yearly": 2.21,
            "eps_latest_yearly": 0.84,
            "eps_growth_yearly": -46.22
        },
        "20173": {
            "year_quarter": 20173,
            "year": 2017,
            "quarter": 3,
            "eps": 0.31,
            "eps_growth_year": -42.59,
            "eps_4q": 0.82,
            "eps_4q_growth_year": -69.21,
            "roe": 1.52,
            "roe_4q": 4.04,
            "gross_profit": 698080,
            "gross_margin": 32.06,
            "gross_margin_4q_avg": 29.87,
            "net_income": 196810,
            "net_income_4q": null,
            "revenue": 2177195,
            "revenue_4q": null,
            "common_shares": 5037910,
            "book_valuer_per_share": 22.97,
            "book_valuer_per_share_4q_avg": 23.14,
            "equity": 13031626,
            "current_ratio": 138.56,
            "debt_ratio": 70.67,
            "inventory_turnover_ratio": 0.05,
            "account_receivable_turnover_ratio": 1.51,
            "reinvestment_rate": -0.59,
            "research_to_sale_ratio": null,
            "price_fair": 6.34,
            "eps_avg_yearly": 2.11,
            "eps_latest_yearly": 1.24,
            "eps_growth_yearly": -22.55
        },
        "20174": {
            "year_quarter": 20174,
            "year": 2017,
            "quarter": 4,
            "eps": 0.05,
            "eps_growth_year": -71.13,
            "eps_4q": 0.7,
            "eps_4q_growth_year": -52.93,
            "roe": 0.25,
            "roe_4q": 3.65,
            "gross_profit": 748008,
            "gross_margin": 23.47,
            "gross_margin_4q_avg": 28.66,
            "net_income": 33100,
            "net_income_4q": null,
            "revenue": 3186929,
            "revenue_4q": null,
            "common_shares": 5037910,
            "book_valuer_per_share": 23.01,
            "book_valuer_per_share_4q_avg": 23.04,
            "equity": 13061408,
            "current_ratio": 132.35,
            "debt_ratio": 73.93,
            "inventory_turnover_ratio": 0.08,
            "account_receivable_turnover_ratio": 1.71,
            "reinvestment_rate": 3.54,
            "research_to_sale_ratio": null,
            "price_fair": 5.81,
            "eps_avg_yearly": 1.94,
            "eps_latest_yearly": 0.2,
            "eps_growth_yearly": -51
        },
        "20181": {
            "year_quarter": 20181,
            "year": 2018,
            "quarter": 1,
            "eps": -0.09,
            "eps_growth_year": -164.29,
            "eps_4q": 0.48,
            "eps_4q_growth_year": -66,
            "roe": -0.19,
            "roe_4q": 2.8600000000000003,
            "gross_profit": 562116,
            "gross_margin": 25.99,
            "gross_margin_4q_avg": 27.99,
            "net_income": -24838,
            "net_income_4q": null,
            "revenue": 2163049,
            "revenue_4q": null,
            "common_shares": 5037910,
            "book_valuer_per_share": 23.37,
            "book_valuer_per_share_4q_avg": 23,
            "equity": 13257283,
            "current_ratio": 138.61,
            "debt_ratio": 73.29,
            "inventory_turnover_ratio": 0.05,
            "account_receivable_turnover_ratio": 1.53,
            "reinvestment_rate": 2.73,
            "research_to_sale_ratio": null,
            "price_fair": 3.54,
            "eps_avg_yearly": 1.18,
            "eps_latest_yearly": 0.2,
            "eps_growth_yearly": -66.74
        },
        "20182": {
            "year_quarter": 20182,
            "year": 2018,
            "quarter": 2,
            "eps": -0.37,
            "eps_growth_year": -276.19,
            "eps_4q": -0.1,
            "eps_4q_growth_year": -109.93,
            "roe": -1.24,
            "roe_4q": 0.3400000000000001,
            "gross_profit": 501447,
            "gross_margin": 25.81,
            "gross_margin_4q_avg": 26.83,
            "net_income": -161097,
            "net_income_4q": null,
            "revenue": 1942876,
            "revenue_4q": null,
            "common_shares": 5037910,
            "book_valuer_per_share": 22.48,
            "book_valuer_per_share_4q_avg": 22.96,
            "equity": 12692048,
            "current_ratio": 135.28,
            "debt_ratio": 74.87,
            "inventory_turnover_ratio": 0.05,
            "account_receivable_turnover_ratio": 2.85,
            "reinvestment_rate": -2.66,
            "research_to_sale_ratio": null,
            "price_fair": 3.27,
            "eps_avg_yearly": 1.09,
            "eps_latest_yearly": 0.2,
            "eps_growth_yearly": -39.04
        },
        "20183": {
            "year_quarter": 20183,
            "year": 2018,
            "quarter": 3,
            "eps": -0.6,
            "eps_growth_year": -293.55,
            "eps_4q": -1.01,
            "eps_4q_growth_year": -224.01,
            "roe": -2.07,
            "roe_4q": -3.2499999999999996,
            "gross_profit": 627180,
            "gross_margin": 24.13,
            "gross_margin_4q_avg": 24.85,
            "net_income": -260253,
            "net_income_4q": null,
            "revenue": 2599272,
            "revenue_4q": null,
            "common_shares": 5037910,
            "book_valuer_per_share": 21.91,
            "book_valuer_per_share_4q_avg": 22.69,
            "equity": 12447362,
            "current_ratio": 128.43,
            "debt_ratio": 76.12,
            "inventory_turnover_ratio": 0.06,
            "account_receivable_turnover_ratio": 3.64,
            "reinvestment_rate": -10.45,
            "research_to_sale_ratio": null,
            "price_fair": 3.27,
            "eps_avg_yearly": 1.09,
            "eps_latest_yearly": 0.2,
            "eps_growth_yearly": -39.04
        },
        "20184": {
            "year_quarter": 20184,
            "year": 2018,
            "quarter": 4,
            "eps": 2.09,
            "eps_growth_year": 4432,
            "eps_4q": 1.03,
            "eps_4q_growth_year": 46.48,
            "roe": 8.61,
            "roe_4q": 5.1099999999999985,
            "gross_profit": 2308383,
            "gross_margin": 29.86,
            "gross_margin_4q_avg": 26.45,
            "net_income": 1119501,
            "net_income_4q": null,
            "revenue": 7730483,
            "revenue_4q": null,
            "common_shares": 5037910,
            "book_valuer_per_share": 24,
            "book_valuer_per_share_4q_avg": 22.94,
            "equity": 13567563,
            "current_ratio": 140.27,
            "debt_ratio": 73.48,
            "inventory_turnover_ratio": 0.16,
            "account_receivable_turnover_ratio": 6.82,
            "reinvestment_rate": -37.82,
            "research_to_sale_ratio": null,
            "price_fair": 3.27,
            "eps_avg_yearly": 1.09,
            "eps_latest_yearly": 0.2,
            "eps_growth_yearly": -39.04
        },
        "20191": {
            "year_quarter": 20191,
            "year": 2019,
            "quarter": 1,
            "eps": 0.25,
            "eps_growth_year": null,
            "eps_4q": 1.37,
            "eps_4q_growth_year": 186.04,
            "roe": 1.33,
            "roe_4q": 6.629999999999999,
            "gross_profit": 741662,
            "gross_margin": 24.43,
            "gross_margin_4q_avg": 26.06,
            "net_income": 181892,
            "net_income_4q": null,
            "revenue": 3036345,
            "revenue_4q": null,
            "common_shares": 5037910,
            "book_valuer_per_share": 24.24,
            "book_valuer_per_share_4q_avg": 23.16,
            "equity": 13739308,
            "current_ratio": 138.79,
            "debt_ratio": 74.79,
            "inventory_turnover_ratio": 0.07,
            "account_receivable_turnover_ratio": 3.14,
            "reinvestment_rate": -35.28,
            "research_to_sale_ratio": null,
            "price_fair": 3.28,
            "eps_avg_yearly": 1.09,
            "eps_latest_yearly": 1,
            "eps_growth_yearly": -37.22
        },
        "20192": {
            "year_quarter": 20192,
            "year": 2019,
            "quarter": 2,
            "eps": 0.22,
            "eps_growth_year": null,
            "eps_4q": 1.96,
            "eps_4q_growth_year": null,
            "roe": 1.54,
            "roe_4q": 9.41,
            "gross_profit": 745878,
            "gross_margin": 23.76,
            "gross_margin_4q_avg": 25.55,
            "net_income": 207415,
            "net_income_4q": null,
            "revenue": 3138569,
            "revenue_4q": null,
            "common_shares": 5037910,
            "book_valuer_per_share": 23.45,
            "book_valuer_per_share_4q_avg": 23.4,
            "equity": 13244952,
            "current_ratio": 135.42,
            "debt_ratio": 75.73,
            "inventory_turnover_ratio": 0.07,
            "account_receivable_turnover_ratio": 7.13,
            "reinvestment_rate": -31.39,
            "research_to_sale_ratio": null,
            "price_fair": 3.22,
            "eps_avg_yearly": 1.07,
            "eps_latest_yearly": 0.88,
            "eps_growth_yearly": -38.3
        },
        "20193": {
            "year_quarter": 20193,
            "year": 2019,
            "quarter": 3,
            "eps": 0.53,
            "eps_growth_year": null,
            "eps_4q": 3.09,
            "eps_4q_growth_year": null,
            "roe": 2.21,
            "roe_4q": 13.69,
            "gross_profit": 929903,
            "gross_margin": 31.33,
            "gross_margin_4q_avg": 27.35,
            "net_income": 295880,
            "net_income_4q": null,
            "revenue": 2968068,
            "revenue_4q": null,
            "common_shares": 5037910,
            "book_valuer_per_share": 24,
            "book_valuer_per_share_4q_avg": 23.92,
            "equity": 13549408,
            "current_ratio": 135.22,
            "debt_ratio": 75.66,
            "inventory_turnover_ratio": 0.06,
            "account_receivable_turnover_ratio": 8.2,
            "reinvestment_rate": -29.36,
            "research_to_sale_ratio": null,
            "price_fair": 30.84,
            "eps_avg_yearly": 1.17,
            "eps_latest_yearly": 2.12,
            "eps_growth_yearly": 16.42
        },
        "20194": {
            "year_quarter": 20194,
            "year": 2019,
            "quarter": 4,
            "eps": 1.6,
            "eps_growth_year": -23.21,
            "eps_4q": 2.6,
            "eps_4q_growth_year": 153.04,
            "roe": 6.16,
            "roe_4q": 11.24,
            "gross_profit": 1610851,
            "gross_margin": 26.05,
            "gross_margin_4q_avg": 26.39,
            "net_income": 861036,
            "net_income_4q": null,
            "revenue": 6183917,
            "revenue_4q": null,
            "common_shares": 5037910,
            "book_valuer_per_share": 25.6,
            "book_valuer_per_share_4q_avg": 24.32,
            "equity": 14412909,
            "current_ratio": 143.06,
            "debt_ratio": 74.18,
            "inventory_turnover_ratio": 0.14,
            "account_receivable_turnover_ratio": 7,
            "reinvestment_rate": -34.46,
            "research_to_sale_ratio": null,
            "price_fair": 56.12,
            "eps_avg_yearly": 1.6,
            "eps_latest_yearly": 6.4,
            "eps_growth_yearly": 82.35
        },
        "20201": {
            "year_quarter": 20201,
            "year": 2020,
            "quarter": 1,
            "eps": 0.61,
            "eps_growth_year": 144,
            "eps_4q": 2.96,
            "eps_4q_growth_year": 116.27,
            "roe": 2.53,
            "roe_4q": 12.439999999999998,
            "gross_profit": 1004553,
            "gross_margin": 25.78,
            "gross_margin_4q_avg": 26.73,
            "net_income": 368901,
            "net_income_4q": null,
            "revenue": 3897274,
            "revenue_4q": null,
            "common_shares": 5037910,
            "book_valuer_per_share": 26.22,
            "book_valuer_per_share_4q_avg": 24.82,
            "equity": 14780583,
            "current_ratio": 143.77,
            "debt_ratio": 74.13,
            "inventory_turnover_ratio": 0.09,
            "account_receivable_turnover_ratio": 3.53,
            "reinvestment_rate": -31.12,
            "research_to_sale_ratio": null,
            "price_fair": 60.67,
            "eps_avg_yearly": 1.73,
            "eps_latest_yearly": 2.44,
            "eps_growth_yearly": 89.5
        },
        "20202": {
            "year_quarter": 20202,
            "year": 2020,
            "quarter": 2,
            "eps": 0.98,
            "eps_growth_year": 345.45,
            "eps_4q": 3.73,
            "eps_4q_growth_year": 90.25,
            "roe": 4.34,
            "roe_4q": 15.239999999999998,
            "gross_profit": 1285869,
            "gross_margin": 24.87,
            "gross_margin_4q_avg": 27.01,
            "net_income": 633981,
            "net_income_4q": null,
            "revenue": 5170037,
            "revenue_4q": null,
            "common_shares": 5037910,
            "book_valuer_per_share": 25.66,
            "book_valuer_per_share_4q_avg": 25.37,
            "equity": 14446691,
            "current_ratio": 134.12,
            "debt_ratio": 75.82,
            "inventory_turnover_ratio": 0.12,
            "account_receivable_turnover_ratio": 4.62,
            "reinvestment_rate": -23.27,
            "research_to_sale_ratio": null,
            "price_fair": 65.33,
            "eps_avg_yearly": 1.87,
            "eps_latest_yearly": 3.92,
            "eps_growth_yearly": 55.17
        },
        "20203": {
            "year_quarter": 20203,
            "year": 2020,
            "quarter": 3,
            "eps": 0.83,
            "eps_growth_year": 56.6,
            "eps_4q": 4.03,
            "eps_4q_growth_year": 30.46,
            "roe": 3.36,
            "roe_4q": 16.39,
            "gross_profit": 1026077,
            "gross_margin": 21.81,
            "gross_margin_4q_avg": 24.63,
            "net_income": 493599,
            "net_income_4q": null,
            "revenue": 4705176,
            "revenue_4q": null,
            "common_shares": 5037910,
            "book_valuer_per_share": 26.53,
            "book_valuer_per_share_4q_avg": 26,
            "equity": 14957390,
            "current_ratio": 136.47,
            "debt_ratio": 74.67,
            "inventory_turnover_ratio": 0.11,
            "account_receivable_turnover_ratio": 4.75,
            "reinvestment_rate": -28.06,
            "research_to_sale_ratio": null,
            "price_fair": 68.72,
            "eps_avg_yearly": 1.96,
            "eps_latest_yearly": 3.32,
            "eps_growth_yearly": 52.37
        },
        "20204": {
            "year_quarter": 20204,
            "year": 2020,
            "quarter": 4,
            "eps": 4.38,
            "eps_growth_year": 173.18,
            "eps_4q": 6.8,
            "eps_4q_growth_year": 161.31,
            "roe": 14.9,
            "roe_4q": 25.130000000000003,
            "gross_profit": 3794112,
            "gross_margin": 27.95,
            "gross_margin_4q_avg": 25.1,
            "net_income": 2408656,
            "net_income_4q": null,
            "revenue": 13572918,
            "revenue_4q": null,
            "common_shares": 5037910,
            "book_valuer_per_share": 30.9,
            "book_valuer_per_share_4q_avg": 27.33,
            "equity": 17365557,
            "current_ratio": 153.78,
            "debt_ratio": 69.73,
            "inventory_turnover_ratio": 0.31,
            "account_receivable_turnover_ratio": 9.85,
            "reinvestment_rate": -20.24,
            "research_to_sale_ratio": null,
            "price_fair": 117.95,
            "eps_avg_yearly": 3.37,
            "eps_latest_yearly": 17.52,
            "eps_growth_yearly": 218.4
        },
        "20211": {
            "year_quarter": 20211,
            "year": 2021,
            "quarter": 1,
            "eps": 1.09,
            "eps_growth_year": 78.69,
            "eps_4q": 7.27,
            "eps_4q_growth_year": 145.53,
            "roe": 3.64,
            "roe_4q": 26.24,
            "gross_profit": 1277164,
            "gross_margin": 25.96,
            "gross_margin_4q_avg": 25.15,
            "net_income": 643507,
            "net_income_4q": null,
            "revenue": 4920665,
            "revenue_4q": null,
            "common_shares": 5037910,
            "book_valuer_per_share": 31.99,
            "book_valuer_per_share_4q_avg": 28.77,
            "equity": 18010614,
            "current_ratio": 153.22,
            "debt_ratio": 69.54,
            "inventory_turnover_ratio": 0.13,
            "account_receivable_turnover_ratio": 3.36,
            "reinvestment_rate": -19.86,
            "research_to_sale_ratio": null,
            "price_fair": 129.03,
            "eps_avg_yearly": 3.69,
            "eps_latest_yearly": 4.36,
            "eps_growth_yearly": 197.53
        },
        "20212": {
            "year_quarter": 20212,
            "year": 2021,
            "quarter": 2,
            "eps": 2.76,
            "eps_growth_year": 181.63,
            "eps_4q": 9.06,
            "eps_4q_growth_year": 142.88,
            "roe": 8.39,
            "roe_4q": 30.29,
            "gross_profit": 2374381,
            "gross_margin": 25.16,
            "gross_margin_4q_avg": 25.22,
            "net_income": 1576581,
            "net_income_4q": null,
            "revenue": 9437595,
            "revenue_4q": null,
            "common_shares": 5037910,
            "book_valuer_per_share": 34.75,
            "book_valuer_per_share_4q_avg": 31.04,
            "equity": 19586749,
            "current_ratio": 179.32,
            "debt_ratio": 62.5,
            "inventory_turnover_ratio": 0.28,
            "account_receivable_turnover_ratio": 10.66,
            "reinvestment_rate": -16.25,
            "research_to_sale_ratio": null,
            "price_fair": 158.78,
            "eps_avg_yearly": 4.54,
            "eps_latest_yearly": 11.04,
            "eps_growth_yearly": 231.93
        },
        "20213": {
            "year_quarter": 20213,
            "year": 2021,
            "quarter": 3,
            "eps": 1.02,
            "eps_growth_year": 22.89,
            "eps_4q": 8.5,
            "eps_4q_growth_year": 111.17,
            "roe": 3.33,
            "roe_4q": 30.26,
            "gross_profit": 1401588,
            "gross_margin": 30.84,
            "gross_margin_4q_avg": 27.48,
            "net_income": 638704,
            "net_income_4q": null,
            "revenue": 4545332,
            "revenue_4q": null,
            "common_shares": 5541701,
            "book_valuer_per_share": 30.44,
            "book_valuer_per_share_4q_avg": 32.02,
            "equity": 18779146,
            "current_ratio": 171.76,
            "debt_ratio": 64.24,
            "inventory_turnover_ratio": 0.14,
            "account_receivable_turnover_ratio": 4.84,
            "reinvestment_rate": -14.57,
            "research_to_sale_ratio": null,
            "price_fair": 167.07,
            "eps_avg_yearly": 4.77,
            "eps_latest_yearly": 4.08,
            "eps_growth_yearly": 195.04
        },
        "20214": {
            "year_quarter": 20214,
            "year": 2021,
            "quarter": 4,
            "eps": 1.94,
            "eps_growth_year": -55.64,
            "eps_4q": 6.47,
            "eps_4q_growth_year": -4.91,
            "roe": 6.29,
            "roe_4q": 21.650000000000002,
            "gross_profit": 1964222,
            "gross_margin": 31.24,
            "gross_margin_4q_avg": 28.3,
            "net_income": 1218541,
            "net_income_4q": null,
            "revenue": 6287546,
            "revenue_4q": null,
            "common_shares": 5541701,
            "book_valuer_per_share": 32.37,
            "book_valuer_per_share_4q_avg": 32.39,
            "equity": 19995633,
            "current_ratio": 176.1,
            "debt_ratio": 62.87,
            "inventory_turnover_ratio": 0.2,
            "account_receivable_turnover_ratio": 6.1,
            "reinvestment_rate": -14.54,
            "research_to_sale_ratio": null,
            "price_fair": 189.12,
            "eps_avg_yearly": 5.4,
            "eps_latest_yearly": 7.76,
            "eps_growth_yearly": 253.06
        },
        "20221": {
            "year_quarter": 20221,
            "year": 2022,
            "quarter": 1,
            "eps": 1.53,
            "eps_growth_year": 40.37,
            "eps_4q": 7.01,
            "eps_4q_growth_year": -3.63,
            "roe": 4.75,
            "roe_4q": 22.759999999999998,
            "gross_profit": 1657546,
            "gross_margin": 33.28,
            "gross_margin_4q_avg": 30.13,
            "net_income": 973485,
            "net_income_4q": null,
            "revenue": 4981047,
            "revenue_4q": null,
            "common_shares": 5541701,
            "book_valuer_per_share": 33.91,
            "book_valuer_per_share_4q_avg": 32.87,
            "equity": 20970154,
            "current_ratio": 172.8,
            "debt_ratio": 61.68,
            "inventory_turnover_ratio": 0.16,
            "account_receivable_turnover_ratio": 4.62,
            "reinvestment_rate": -11.92,
            "research_to_sale_ratio": null,
            "price_fair": 191.05,
            "eps_avg_yearly": 5.46,
            "eps_latest_yearly": 6.12,
            "eps_growth_yearly": 227.09
        },
        "20222": {
            "year_quarter": 20222,
            "year": 2022,
            "quarter": 2,
            "eps": 0.82,
            "eps_growth_year": -70.29,
            "eps_4q": 5.32,
            "eps_4q_growth_year": -41.28,
            "roe": 2.76,
            "roe_4q": 17.130000000000003,
            "gross_profit": 1304518,
            "gross_margin": 27.79,
            "gross_margin_4q_avg": 30.79,
            "net_income": 564206,
            "net_income_4q": null,
            "revenue": 4694939,
            "revenue_4q": null,
            "common_shares": 5541701,
            "book_valuer_per_share": 32.17,
            "book_valuer_per_share_4q_avg": 32.22,
            "equity": 19964474,
            "current_ratio": 166.95,
            "debt_ratio": 63.16,
            "inventory_turnover_ratio": 0.16,
            "account_receivable_turnover_ratio": 4.73,
            "reinvestment_rate": -11.07,
            "research_to_sale_ratio": null,
            "price_fair": 185.6,
            "eps_avg_yearly": 5.3,
            "eps_latest_yearly": 3.28,
            "eps_growth_yearly": 197.62
        },
        "20223": {
            "year_quarter": 20223,
            "year": 2022,
            "quarter": 3,
            "eps": 0.6,
            "eps_growth_year": -41.18,
            "eps_4q": 4.9,
            "eps_4q_growth_year": -42.36,
            "roe": 2.47,
            "roe_4q": 16.27,
            "gross_profit": 1120449,
            "gross_margin": 25.21,
            "gross_margin_4q_avg": 29.38,
            "net_income": 498522,
            "net_income_4q": null,
            "revenue": 4444711,
            "revenue_4q": null,
            "common_shares": 5541701,
            "book_valuer_per_share": 32.84,
            "book_valuer_per_share_4q_avg": 32.82,
            "equity": 20467942,
            "current_ratio": 167.4,
            "debt_ratio": 61.84,
            "inventory_turnover_ratio": 0.16,
            "account_receivable_turnover_ratio": 4.12,
            "reinvestment_rate": -0.66,
            "research_to_sale_ratio": null,
            "price_fair": 178.83,
            "eps_avg_yearly": 5.11,
            "eps_latest_yearly": 2.4,
            "eps_growth_yearly": 177.29
        },
        "20224": {
            "year_quarter": 20224,
            "year": 2022,
            "quarter": 4,
            "eps": 1.35,
            "eps_growth_year": -30.34,
            "eps_4q": 4.31,
            "eps_4q_growth_year": -33.35,
            "roe": 5.2,
            "roe_4q": 15.18,
            "gross_profit": 1841257,
            "gross_margin": 24.93,
            "gross_margin_4q_avg": 27.8,
            "net_income": 1093484,
            "net_income_4q": null,
            "revenue": 7385405,
            "revenue_4q": null,
            "common_shares": 5541701,
            "book_valuer_per_share": 34.2,
            "book_valuer_per_share_4q_avg": 33.28,
            "equity": 21565448,
            "current_ratio": 161.18,
            "debt_ratio": 61.4,
            "inventory_turnover_ratio": 0.27,
            "account_receivable_turnover_ratio": 4.58,
            "reinvestment_rate": 4.92,
            "research_to_sale_ratio": null,
            "price_fair": 179.46,
            "eps_avg_yearly": 5.13,
            "eps_latest_yearly": 5.4,
            "eps_growth_yearly": 197.46
        },
        "20231": {
            "year_quarter": 20231,
            "year": 2023,
            "quarter": 1,
            "eps": 0.89,
            "eps_growth_year": -41.83,
            "eps_4q": 3.66,
            "eps_4q_growth_year": -47.73,
            "roe": 2.77,
            "roe_4q": 13.200000000000001,
            "gross_profit": 1255481,
            "gross_margin": 27.95,
            "gross_margin_4q_avg": 26.47,
            "net_income": 606665,
            "net_income_4q": null,
            "revenue": 4492665,
            "revenue_4q": null,
            "common_shares": 5541701,
            "book_valuer_per_share": 35.08,
            "book_valuer_per_share_4q_avg": 33.57,
            "equity": 22171699,
            "current_ratio": 167.49,
            "debt_ratio": 59.37,
            "inventory_turnover_ratio": 0.15,
            "account_receivable_turnover_ratio": 2,
            "reinvestment_rate": 4.65,
            "research_to_sale_ratio": null,
            "price_fair": 185.06,
            "eps_avg_yearly": 5.29,
            "eps_latest_yearly": 3.56,
            "eps_growth_yearly": 210.95
        },
        "20232": {
            "year_quarter": 20232,
            "year": 2023,
            "quarter": 2,
            "eps": 0.36,
            "eps_growth_year": -56.1,
            "eps_4q": 3.2,
            "eps_4q_growth_year": -39.81,
            "roe": 2.02,
            "roe_4q": 12.46,
            "gross_profit": 1189448,
            "gross_margin": 26.78,
            "gross_margin_4q_avg": 26.22,
            "net_income": 438967,
            "net_income_4q": null,
            "revenue": 4442079,
            "revenue_4q": null,
            "common_shares": 5541701,
            "book_valuer_per_share": 33.65,
            "book_valuer_per_share_4q_avg": 33.94,
            "equity": 21294944,
            "current_ratio": 160.77,
            "debt_ratio": 61.3,
            "inventory_turnover_ratio": 0.15,
            "account_receivable_turnover_ratio": 2.4,
            "reinvestment_rate": 4.71,
            "research_to_sale_ratio": null,
            "price_fair": 186.29,
            "eps_avg_yearly": 5.32,
            "eps_latest_yearly": 1.44,
            "eps_growth_yearly": 199.06
        }
    },
    "months": {
        "2001-06": {
            "month": "2001-06",
            "price": "6.25",
            "revenue": 375643
        },
        "2001-07": {
            "month": "2001-07",
            "price": "5.47",
            "revenue": 252877
        },
        "2001-08": {
            "month": "2001-08",
            "price": "5.15",
            "revenue": 365645
        },
        "2001-09": {
            "month": "2001-09",
            "price": "4.45",
            "revenue": 124674
        },
        "2001-10": {
            "month": "2001-10",
            "price": "3.85",
            "revenue": 108600
        },
        "2001-11": {
            "month": "2001-11",
            "price": "3.87",
            "revenue": 212452
        },
        "2001-12": {
            "month": "2001-12",
            "price": "4.64",
            "revenue": 240644
        },
        "2002-01": {
            "month": "2002-01",
            "price": "5.81",
            "revenue": 149222
        },
        "2002-02": {
            "month": "2002-02",
            "price": "5.54",
            "revenue": 224578
        },
        "2002-03": {
            "month": "2002-03",
            "price": "6.25",
            "revenue": 160409
        },
        "2002-04": {
            "month": "2002-04",
            "price": "9.14",
            "revenue": 474975
        },
        "2002-05": {
            "month": "2002-05",
            "price": "8.13",
            "revenue": 77027
        },
        "2002-06": {
            "month": "2002-06",
            "price": "7.89",
            "revenue": 1113724
        },
        "2002-07": {
            "month": "2002-07",
            "price": "7.63",
            "revenue": 78419
        },
        "2002-08": {
            "month": "2002-08",
            "price": "6.52",
            "revenue": 362565
        },
        "2002-09": {
            "month": "2002-09",
            "price": "4.72",
            "revenue": 133435
        },
        "2002-10": {
            "month": "2002-10",
            "price": "4.28",
            "revenue": 129611
        },
        "2002-11": {
            "month": "2002-11",
            "price": "4.85",
            "revenue": 74722
        },
        "2002-12": {
            "month": "2002-12",
            "price": "5.18",
            "revenue": 123752
        },
        "2003-01": {
            "month": "2003-01",
            "price": "6.06",
            "revenue": 118045
        },
        "2003-02": {
            "month": "2003-02",
            "price": "5.66",
            "revenue": 32784
        },
        "2003-03": {
            "month": "2003-03",
            "price": "5.03",
            "revenue": 98958
        },
        "2003-04": {
            "month": "2003-04",
            "price": "5.31",
            "revenue": 46058
        },
        "2003-05": {
            "month": "2003-05",
            "price": "4.54",
            "revenue": 61489
        },
        "2003-06": {
            "month": "2003-06",
            "price": "5.44",
            "revenue": 67432
        },
        "2003-07": {
            "month": "2003-07",
            "price": "9.25",
            "revenue": 35751
        },
        "2003-08": {
            "month": "2003-08",
            "price": "10.46",
            "revenue": 34176
        },
        "2003-09": {
            "month": "2003-09",
            "price": "11.91",
            "revenue": 137922
        },
        "2003-10": {
            "month": "2003-10",
            "price": "11.75",
            "revenue": 34786
        },
        "2003-11": {
            "month": "2003-11",
            "price": "9.88",
            "revenue": 99704
        },
        "2003-12": {
            "month": "2003-12",
            "price": "9.38",
            "revenue": 1372164
        },
        "2004-01": {
            "month": "2004-01",
            "price": "12.35",
            "revenue": 548832
        },
        "2004-02": {
            "month": "2004-02",
            "price": "13.89",
            "revenue": 236458
        },
        "2004-03": {
            "month": "2004-03",
            "price": "14.24",
            "revenue": 339932
        },
        "2004-04": {
            "month": "2004-04",
            "price": "13.07",
            "revenue": 198643
        },
        "2004-05": {
            "month": "2004-05",
            "price": "10.89",
            "revenue": 59583
        },
        "2004-06": {
            "month": "2004-06",
            "price": "11.37",
            "revenue": 41708
        },
        "2004-07": {
            "month": "2004-07",
            "price": "11.40",
            "revenue": 19114
        },
        "2004-08": {
            "month": "2004-08",
            "price": "9.72",
            "revenue": 62645
        },
        "2004-09": {
            "month": "2004-09",
            "price": "10.61",
            "revenue": 46150
        },
        "2004-10": {
            "month": "2004-10",
            "price": "11.48",
            "revenue": 30445
        },
        "2004-11": {
            "month": "2004-11",
            "price": "10.48",
            "revenue": 57890
        },
        "2004-12": {
            "month": "2004-12",
            "price": "10.60",
            "revenue": 69546
        },
        "2005-01": {
            "month": "2005-01",
            "price": "10.61",
            "revenue": 12291
        },
        "2005-02": {
            "month": "2005-02",
            "price": "10.05",
            "revenue": 11890
        },
        "2005-03": {
            "month": "2005-03",
            "price": "9.62",
            "revenue": 94732
        },
        "2005-04": {
            "month": "2005-04",
            "price": "7.81",
            "revenue": 43545
        },
        "2005-05": {
            "month": "2005-05",
            "price": "7.82",
            "revenue": 107119
        },
        "2005-06": {
            "month": "2005-06",
            "price": "8.73",
            "revenue": 54669
        },
        "2005-07": {
            "month": "2005-07",
            "price": "9.01",
            "revenue": 25881
        },
        "2005-08": {
            "month": "2005-08",
            "price": "9.04",
            "revenue": 15218
        },
        "2005-09": {
            "month": "2005-09",
            "price": "8.57",
            "revenue": 388435
        },
        "2005-10": {
            "month": "2005-10",
            "price": "8.26",
            "revenue": 199410
        },
        "2005-11": {
            "month": "2005-11",
            "price": "7.92",
            "revenue": 300537
        },
        "2005-12": {
            "month": "2005-12",
            "price": "8.37",
            "revenue": 643169
        },
        "2006-01": {
            "month": "2006-01",
            "price": "8.06",
            "revenue": 56652
        },
        "2006-02": {
            "month": "2006-02",
            "price": "7.50",
            "revenue": 71624
        },
        "2006-03": {
            "month": "2006-03",
            "price": "6.86",
            "revenue": 140451
        },
        "2006-04": {
            "month": "2006-04",
            "price": "7.37",
            "revenue": 103034
        },
        "2006-05": {
            "month": "2006-05",
            "price": "9.99",
            "revenue": 48821
        },
        "2006-06": {
            "month": "2006-06",
            "price": "9.41",
            "revenue": 797012
        },
        "2006-07": {
            "month": "2006-07",
            "price": "10.50",
            "revenue": 101578
        },
        "2006-08": {
            "month": "2006-08",
            "price": "9.84",
            "revenue": 191854
        },
        "2006-09": {
            "month": "2006-09",
            "price": "9.26",
            "revenue": 177968
        },
        "2006-10": {
            "month": "2006-10",
            "price": "10.97",
            "revenue": 143522
        },
        "2006-11": {
            "month": "2006-11",
            "price": "14.00",
            "revenue": 61250
        },
        "2006-12": {
            "month": "2006-12",
            "price": "17.18",
            "revenue": 250082
        },
        "2007-01": {
            "month": "2007-01",
            "price": "14.90",
            "revenue": 176312
        },
        "2007-02": {
            "month": "2007-02",
            "price": "15.32",
            "revenue": 78646
        },
        "2007-03": {
            "month": "2007-03",
            "price": "15.63",
            "revenue": 212992
        },
        "2007-04": {
            "month": "2007-04",
            "price": "15.30",
            "revenue": 69072
        },
        "2007-05": {
            "month": "2007-05",
            "price": "15.01",
            "revenue": 151557
        },
        "2007-06": {
            "month": "2007-06",
            "price": "14.56",
            "revenue": 36644
        },
        "2007-07": {
            "month": "2007-07",
            "price": "16.43",
            "revenue": 71020
        },
        "2007-08": {
            "month": "2007-08",
            "price": "14.64",
            "revenue": 3046
        },
        "2007-09": {
            "month": "2007-09",
            "price": "14.43",
            "revenue": 6855
        },
        "2007-10": {
            "month": "2007-10",
            "price": "14.93",
            "revenue": 14918
        },
        "2007-11": {
            "month": "2007-11",
            "price": "13.62",
            "revenue": 121443
        },
        "2007-12": {
            "month": "2007-12",
            "price": "11.88",
            "revenue": 1629105
        },
        "2008-01": {
            "month": "2008-01",
            "price": "13.09",
            "revenue": 103991
        },
        "2008-02": {
            "month": "2008-02",
            "price": "16.08",
            "revenue": 194701
        },
        "2008-03": {
            "month": "2008-03",
            "price": "16.97",
            "revenue": 579274
        },
        "2008-04": {
            "month": "2008-04",
            "price": "24.55",
            "revenue": 240282
        },
        "2008-05": {
            "month": "2008-05",
            "price": "23.99",
            "revenue": 169042
        },
        "2008-06": {
            "month": "2008-06",
            "price": "19.78",
            "revenue": 534933
        },
        "2008-07": {
            "month": "2008-07",
            "price": "15.10",
            "revenue": 482354
        },
        "2008-08": {
            "month": "2008-08",
            "price": "13.87",
            "revenue": 212042
        },
        "2008-09": {
            "month": "2008-09",
            "price": "10.10",
            "revenue": 145492
        },
        "2008-10": {
            "month": "2008-10",
            "price": "6.39",
            "revenue": 94060
        },
        "2008-11": {
            "month": "2008-11",
            "price": "6.80",
            "revenue": 42172
        },
        "2008-12": {
            "month": "2008-12",
            "price": "7.15",
            "revenue": 2745
        },
        "2009-01": {
            "month": "2009-01",
            "price": "7.15",
            "revenue": 295145
        },
        "2009-02": {
            "month": "2009-02",
            "price": "6.88",
            "revenue": 186156
        },
        "2009-03": {
            "month": "2009-03",
            "price": "8.28",
            "revenue": 647306
        },
        "2009-04": {
            "month": "2009-04",
            "price": "11.48",
            "revenue": 78509
        },
        "2009-05": {
            "month": "2009-05",
            "price": "18.04",
            "revenue": 184757
        },
        "2009-06": {
            "month": "2009-06",
            "price": "19.40",
            "revenue": 369090
        },
        "2009-07": {
            "month": "2009-07",
            "price": "21.24",
            "revenue": 508712
        },
        "2009-08": {
            "month": "2009-08",
            "price": "17.15",
            "revenue": 540313
        },
        "2009-09": {
            "month": "2009-09",
            "price": "20.61",
            "revenue": 554668
        },
        "2009-10": {
            "month": "2009-10",
            "price": "27.27",
            "revenue": 220243
        },
        "2009-11": {
            "month": "2009-11",
            "price": "25.35",
            "revenue": 617184
        },
        "2009-12": {
            "month": "2009-12",
            "price": "26.88",
            "revenue": 175793
        },
        "2010-01": {
            "month": "2010-01",
            "price": "29.78",
            "revenue": 149953
        },
        "2010-02": {
            "month": "2010-02",
            "price": "23.13",
            "revenue": 1026439
        },
        "2010-03": {
            "month": "2010-03",
            "price": "24.30",
            "revenue": 410948
        },
        "2010-04": {
            "month": "2010-04",
            "price": "25.72",
            "revenue": 380826
        },
        "2010-05": {
            "month": "2010-05",
            "price": "22.48",
            "revenue": 1226890
        },
        "2010-06": {
            "month": "2010-06",
            "price": "22.53",
            "revenue": 741850
        },
        "2010-07": {
            "month": "2010-07",
            "price": "22.60",
            "revenue": 229995
        },
        "2010-08": {
            "month": "2010-08",
            "price": "24.76",
            "revenue": 296180
        },
        "2010-09": {
            "month": "2010-09",
            "price": "27.22",
            "revenue": 186383
        },
        "2010-10": {
            "month": "2010-10",
            "price": "27.36",
            "revenue": 741777
        },
        "2010-11": {
            "month": "2010-11",
            "price": "28.84",
            "revenue": 156857
        },
        "2010-12": {
            "month": "2010-12",
            "price": "32.73",
            "revenue": 185550
        },
        "2011-01": {
            "month": "2011-01",
            "price": "30.29",
            "revenue": 162935
        },
        "2011-02": {
            "month": "2011-02",
            "price": "26.56",
            "revenue": 205388
        },
        "2011-03": {
            "month": "2011-03",
            "price": "22.27",
            "revenue": 955379
        },
        "2011-04": {
            "month": "2011-04",
            "price": "22.68",
            "revenue": 45823
        },
        "2011-05": {
            "month": "2011-05",
            "price": "24.05",
            "revenue": 340505
        },
        "2011-06": {
            "month": "2011-06",
            "price": "24.93",
            "revenue": 1212348
        },
        "2011-07": {
            "month": "2011-07",
            "price": "28.46",
            "revenue": 351218
        },
        "2011-08": {
            "month": "2011-08",
            "price": "23.15",
            "revenue": 290677
        },
        "2011-09": {
            "month": "2011-09",
            "price": "18.50",
            "revenue": 304638
        },
        "2011-10": {
            "month": "2011-10",
            "price": "19.90",
            "revenue": 413960
        },
        "2011-11": {
            "month": "2011-11",
            "price": "17.62",
            "revenue": 420236
        },
        "2011-12": {
            "month": "2011-12",
            "price": "14.02",
            "revenue": 243119
        },
        "2012-01": {
            "month": "2012-01",
            "price": "15.66",
            "revenue": 367111
        },
        "2012-02": {
            "month": "2012-02",
            "price": "19.46",
            "revenue": 144125
        },
        "2012-03": {
            "month": "2012-03",
            "price": "20.47",
            "revenue": 299420
        },
        "2012-04": {
            "month": "2012-04",
            "price": "18.37",
            "revenue": 516208
        },
        "2012-05": {
            "month": "2012-05",
            "price": "18.06",
            "revenue": 195636
        },
        "2012-06": {
            "month": "2012-06",
            "price": "17.22",
            "revenue": 243752
        },
        "2012-07": {
            "month": "2012-07",
            "price": "17.30",
            "revenue": 162521
        },
        "2012-08": {
            "month": "2012-08",
            "price": "19.01",
            "revenue": 226538
        },
        "2012-09": {
            "month": "2012-09",
            "price": "20.71",
            "revenue": 188592
        },
        "2012-10": {
            "month": "2012-10",
            "price": "19.53",
            "revenue": 237598
        },
        "2012-11": {
            "month": "2012-11",
            "price": "18.86",
            "revenue": 437174
        },
        "2012-12": {
            "month": "2012-12",
            "price": "20.31",
            "revenue": 1031467
        },
        "2013-01": {
            "month": "2013-01",
            "price": "24.05",
            "revenue": 575968
        },
        "2013-02": {
            "month": "2013-02",
            "price": "25.24",
            "revenue": 202386
        },
        "2013-03": {
            "month": "2013-03",
            "price": "25.84",
            "revenue": 219241
        },
        "2013-04": {
            "month": "2013-04",
            "price": "30.22",
            "revenue": 251302
        },
        "2013-05": {
            "month": "2013-05",
            "price": "32.85",
            "revenue": 179963
        },
        "2013-06": {
            "month": "2013-06",
            "price": "37.52",
            "revenue": 300257
        },
        "2013-07": {
            "month": "2013-07",
            "price": "42.36",
            "revenue": 264157
        },
        "2013-08": {
            "month": "2013-08",
            "price": "42.75",
            "revenue": 191943
        },
        "2013-09": {
            "month": "2013-09",
            "price": "39.32",
            "revenue": 393184
        },
        "2013-10": {
            "month": "2013-10",
            "price": "37.53",
            "revenue": 399156
        },
        "2013-11": {
            "month": "2013-11",
            "price": "36.58",
            "revenue": 1390273
        },
        "2013-12": {
            "month": "2013-12",
            "price": "36.14",
            "revenue": 2912809
        },
        "2014-01": {
            "month": "2014-01",
            "price": "30.72",
            "revenue": 288722
        },
        "2014-02": {
            "month": "2014-02",
            "price": "34.43",
            "revenue": 274067
        },
        "2014-03": {
            "month": "2014-03",
            "price": "32.58",
            "revenue": 4402375
        },
        "2014-04": {
            "month": "2014-04",
            "price": "32.49",
            "revenue": 277085
        },
        "2014-05": {
            "month": "2014-05",
            "price": "31.46",
            "revenue": 350863
        },
        "2014-06": {
            "month": "2014-06",
            "price": "29.39",
            "revenue": 1004901
        },
        "2014-07": {
            "month": "2014-07",
            "price": "28.05",
            "revenue": 151605
        },
        "2014-08": {
            "month": "2014-08",
            "price": "28.74",
            "revenue": 296397
        },
        "2014-09": {
            "month": "2014-09",
            "price": "27.90",
            "revenue": 252131
        },
        "2014-10": {
            "month": "2014-10",
            "price": "25.17",
            "revenue": 363190
        },
        "2014-11": {
            "month": "2014-11",
            "price": "26.15",
            "revenue": 1496942
        },
        "2014-12": {
            "month": "2014-12",
            "price": "28.22",
            "revenue": 4007391
        },
        "2015-01": {
            "month": "2015-01",
            "price": "27.83",
            "revenue": 756130
        },
        "2015-02": {
            "month": "2015-02",
            "price": "28.76",
            "revenue": 640668
        },
        "2015-03": {
            "month": "2015-03",
            "price": "29.72",
            "revenue": 425480
        },
        "2015-04": {
            "month": "2015-04",
            "price": "27.75",
            "revenue": 325743
        },
        "2015-05": {
            "month": "2015-05",
            "price": "25.48",
            "revenue": 511450
        },
        "2015-06": {
            "month": "2015-06",
            "price": "21.72",
            "revenue": 628097
        },
        "2015-07": {
            "month": "2015-07",
            "price": "19.99",
            "revenue": 565572
        },
        "2015-08": {
            "month": "2015-08",
            "price": "16.35",
            "revenue": 768241
        },
        "2015-09": {
            "month": "2015-09",
            "price": "16.50",
            "revenue": 739254
        },
        "2015-10": {
            "month": "2015-10",
            "price": "17.84",
            "revenue": 2209006
        },
        "2015-11": {
            "month": "2015-11",
            "price": "16.86",
            "revenue": 956320
        },
        "2015-12": {
            "month": "2015-12",
            "price": "15.57",
            "revenue": 2233514
        },
        "2016-01": {
            "month": "2016-01",
            "price": "14.18",
            "revenue": 574958
        },
        "2016-02": {
            "month": "2016-02",
            "price": "14.71",
            "revenue": 552519
        },
        "2016-03": {
            "month": "2016-03",
            "price": "16.78",
            "revenue": 1223121
        },
        "2016-04": {
            "month": "2016-04",
            "price": "16.35",
            "revenue": 807893
        },
        "2016-05": {
            "month": "2016-05",
            "price": "15.43",
            "revenue": 1151666
        },
        "2016-06": {
            "month": "2016-06",
            "price": "16.60",
            "revenue": 2111731
        },
        "2016-07": {
            "month": "2016-07",
            "price": "17.06",
            "revenue": 870109
        },
        "2016-08": {
            "month": "2016-08",
            "price": "15.86",
            "revenue": 943046
        },
        "2016-09": {
            "month": "2016-09",
            "price": "15.75",
            "revenue": 1098651
        },
        "2016-10": {
            "month": "2016-10",
            "price": "15.68",
            "revenue": 681183
        },
        "2016-11": {
            "month": "2016-11",
            "price": "16.21",
            "revenue": 668941
        },
        "2016-12": {
            "month": "2016-12",
            "price": "19.81",
            "revenue": 1004613
        },
        "2017-01": {
            "month": "2017-01",
            "price": "19.39",
            "revenue": 838370
        },
        "2017-02": {
            "month": "2017-02",
            "price": "22.65",
            "revenue": 736340
        },
        "2017-03": {
            "month": "2017-03",
            "price": "22.75",
            "revenue": 584939
        },
        "2017-04": {
            "month": "2017-04",
            "price": "19.44",
            "revenue": 560544
        },
        "2017-05": {
            "month": "2017-05",
            "price": "18.53",
            "revenue": 751739
        },
        "2017-06": {
            "month": "2017-06",
            "price": "19.26",
            "revenue": 1096763
        },
        "2017-07": {
            "month": "2017-07",
            "price": "19.70",
            "revenue": 877354
        },
        "2017-08": {
            "month": "2017-08",
            "price": "18.06",
            "revenue": 625861
        },
        "2017-09": {
            "month": "2017-09",
            "price": "18.01",
            "revenue": 673980
        },
        "2017-10": {
            "month": "2017-10",
            "price": "18.38",
            "revenue": 465485
        },
        "2017-11": {
            "month": "2017-11",
            "price": "19.05",
            "revenue": 590781
        },
        "2017-12": {
            "month": "2017-12",
            "price": "19.21",
            "revenue": 2130663
        },
        "2018-01": {
            "month": "2018-01",
            "price": "22.47",
            "revenue": 718585
        },
        "2018-02": {
            "month": "2018-02",
            "price": "21.10",
            "revenue": 567860
        },
        "2018-03": {
            "month": "2018-03",
            "price": "21.02",
            "revenue": 877944
        },
        "2018-04": {
            "month": "2018-04",
            "price": "19.94",
            "revenue": 810597
        },
        "2018-05": {
            "month": "2018-05",
            "price": "20.29",
            "revenue": 434318
        },
        "2018-06": {
            "month": "2018-06",
            "price": "22.47",
            "revenue": 696621
        },
        "2018-07": {
            "month": "2018-07",
            "price": "21.60",
            "revenue": 696658
        },
        "2018-08": {
            "month": "2018-08",
            "price": "21.59",
            "revenue": 1111372
        },
        "2018-09": {
            "month": "2018-09",
            "price": "21.86",
            "revenue": 791242
        },
        "2018-10": {
            "month": "2018-10",
            "price": "19.97",
            "revenue": 957390
        },
        "2018-11": {
            "month": "2018-11",
            "price": "17.70",
            "revenue": 3174503
        },
        "2018-12": {
            "month": "2018-12",
            "price": "19.99",
            "revenue": 3809572
        },
        "2019-01": {
            "month": "2019-01",
            "price": "20.59",
            "revenue": 1457722
        },
        "2019-02": {
            "month": "2019-02",
            "price": "19.55",
            "revenue": 732258
        },
        "2019-03": {
            "month": "2019-03",
            "price": "19.40",
            "revenue": 846365
        },
        "2019-04": {
            "month": "2019-04",
            "price": "20.45",
            "revenue": 1527583
        },
        "2019-05": {
            "month": "2019-05",
            "price": "23.34",
            "revenue": 787699
        },
        "2019-06": {
            "month": "2019-06",
            "price": "29.01",
            "revenue": 823477
        },
        "2019-07": {
            "month": "2019-07",
            "price": "26.57",
            "revenue": 1389523
        },
        "2019-08": {
            "month": "2019-08",
            "price": "28.86",
            "revenue": 721340
        },
        "2019-09": {
            "month": "2019-09",
            "price": "28.89",
            "revenue": 857015
        },
        "2019-10": {
            "month": "2019-10",
            "price": "29.43",
            "revenue": 1736588
        },
        "2019-11": {
            "month": "2019-11",
            "price": "30.34",
            "revenue": 1668594
        },
        "2019-12": {
            "month": "2019-12",
            "price": "32.01",
            "revenue": 2783405
        },
        "2020-01": {
            "month": "2020-01",
            "price": "31.08",
            "revenue": 857575
        },
        "2020-02": {
            "month": "2020-02",
            "price": "27.12",
            "revenue": 1221682
        },
        "2020-03": {
            "month": "2020-03",
            "price": "22.57",
            "revenue": 1818017
        },
        "2020-04": {
            "month": "2020-04",
            "price": "24.43",
            "revenue": 1858612
        },
        "2020-05": {
            "month": "2020-05",
            "price": "26.63",
            "revenue": 1878295
        },
        "2020-06": {
            "month": "2020-06",
            "price": "30.75",
            "revenue": 1433130
        },
        "2020-07": {
            "month": "2020-07",
            "price": "33.56",
            "revenue": 1635701
        },
        "2020-08": {
            "month": "2020-08",
            "price": "36.55",
            "revenue": 1807472
        },
        "2020-09": {
            "month": "2020-09",
            "price": "40.18",
            "revenue": 1262003
        },
        "2020-10": {
            "month": "2020-10",
            "price": "38.60",
            "revenue": 2282959
        },
        "2020-11": {
            "month": "2020-11",
            "price": "35.90",
            "revenue": 3989089
        },
        "2020-12": {
            "month": "2020-12",
            "price": "34.17",
            "revenue": 7137013
        },
        "2021-01": {
            "month": "2021-01",
            "price": "33.11",
            "revenue": 1246993
        },
        "2021-02": {
            "month": "2021-02",
            "price": "33.97",
            "revenue": 1655813
        },
        "2021-03": {
            "month": "2021-03",
            "price": "38.23",
            "revenue": 1957988
        },
        "2021-04": {
            "month": "2021-04",
            "price": "41.73",
            "revenue": 1369639
        },
        "2021-05": {
            "month": "2021-05",
            "price": "38.61",
            "revenue": 1004173
        },
        "2021-06": {
            "month": "2021-06",
            "price": "37.74",
            "revenue": 7064591
        },
        "2021-07": {
            "month": "2021-07",
            "price": "41.52",
            "revenue": 2311124
        },
        "2021-08": {
            "month": "2021-08",
            "price": "41.13",
            "revenue": 996142
        },
        "2021-09": {
            "month": "2021-09",
            "price": "40.28",
            "revenue": 1238066
        },
        "2021-10": {
            "month": "2021-10",
            "price": "38.47",
            "revenue": 1099417
        },
        "2021-11": {
            "month": "2021-11",
            "price": "38.41",
            "revenue": 1427132
        },
        "2021-12": {
            "month": "2021-12",
            "price": "38.14",
            "revenue": 3701604
        },
        "2022-01": {
            "month": "2022-01",
            "price": "36.54",
            "revenue": 1941495
        },
        "2022-02": {
            "month": "2022-02",
            "price": "37.28",
            "revenue": 1310986
        },
        "2022-03": {
            "month": "2022-03",
            "price": "37.54",
            "revenue": 1718608
        },
        "2022-04": {
            "month": "2022-04",
            "price": "34.97",
            "revenue": 1691013
        },
        "2022-05": {
            "month": "2022-05",
            "price": "34.28",
            "revenue": 1672763
        },
        "2022-06": {
            "month": "2022-06",
            "price": "34.46",
            "revenue": 1446759
        },
        "2022-07": {
            "month": "2022-07",
            "price": "30.15",
            "revenue": 1525880
        },
        "2022-08": {
            "month": "2022-08",
            "price": "27.84",
            "revenue": 1546557
        },
        "2022-09": {
            "month": "2022-09",
            "price": "26.48",
            "revenue": 1266636
        },
        "2022-10": {
            "month": "2022-10",
            "price": "24.40",
            "revenue": 1691632
        },
        "2022-11": {
            "month": "2022-11",
            "price": "26.95",
            "revenue": 3336301
        },
        "2022-12": {
            "month": "2022-12",
            "price": "28.43",
            "revenue": 2818487
        },
        "2023-01": {
            "month": "2023-01",
            "price": "29.27",
            "revenue": 943955
        },
        "2023-02": {
            "month": "2023-02",
            "price": "29.00",
            "revenue": 2214162
        },
        "2023-03": {
            "month": "2023-03",
            "price": "29.34",
            "revenue": 1334550
        },
        "2023-04": {
            "month": "2023-04",
            "price": "30.03",
            "revenue": 1226542
        },
        "2023-05": {
            "month": "2023-05",
            "price": "29.56",
            "revenue": 1956528
        },
        "2023-06": {
            "month": "2023-06",
            "price": "29.96",
            "revenue": 1259008
        },
        "2023-07": {
            "month": "2023-07",
            "price": "30.06",
            "revenue": 1229817
        },
        "2023-08": {
            "month": "2023-08",
            "price": "31.77",
            "revenue": 1888548
        },
        "2023-09": {
            "month": "2023-09",
            "price": "33.44",
            "revenue": 1850438
        }
    }
}
