{
    "summary": {
        "stock_name": "京城",
        "stock_id": "2524",
        "category": "建材營造",
        "main_business": "H701010住宅及大樓開發租售業。<br>J901020一般旅館業。<br>F501060餐館業。",
        "website_url": "http://www.kingtown.com.tw/",
        "ceo": "蔡天贊",
        "pe_ratio": 17,
        "report_year_from": 2001,
        "report_year_to": 2023,
        "age": 23,
        "eps_negative_percentage": 4,
        "eps_growth_avg": {
            "last_all": 7.51,
            "last_2y": -37.79,
            "last_4y": -1.79,
            "last_8y": 0.03,
            "last_12y": 0.94,
            "last_16y": 2.48,
            "last_20y": 7.51,
            "at_2006_last_3y": 28.89,
            "at_2007_last_3y": 2.32,
            "at_2008_last_3y": -28.49,
            "at_2009_last_3y": -20.62,
            "at_2010_last_3y": 7.51,
            "at_2011_last_3y": 4.98,
            "at_2012_last_3y": 25.18,
            "at_2013_last_3y": 30.71,
            "at_2014_last_3y": 2.97,
            "at_2015_last_3y": -11.95,
            "at_2016_last_3y": -1.34,
            "at_2017_last_3y": 1.57,
            "at_2018_last_3y": 2.31,
            "at_2019_last_3y": 46.33,
            "at_2020_last_3y": 22.43,
            "at_2021_last_3y": 17.47,
            "at_2022_last_3y": 16.32,
            "at_2023_last_3y": -27.24,
            "at_2024_last_3y": -27.24,
            "at_2006_last_all": 28.89,
            "at_2007_last_all": 21.85,
            "at_2008_last_all": 14.34,
            "at_2009_last_all": 10.46,
            "at_2010_last_all": 18.2,
            "at_2011_last_all": 14.35,
            "at_2012_last_all": 18.67,
            "at_2013_last_all": 17.82,
            "at_2014_last_all": 13.12,
            "at_2015_last_all": 6.26,
            "at_2016_last_all": 12.96,
            "at_2017_last_all": 13.49,
            "at_2018_last_all": 10.42,
            "at_2019_last_all": 15.69,
            "at_2020_last_all": 15.06,
            "at_2021_last_all": 14.33,
            "at_2022_last_all": 11.6,
            "at_2023_last_all": 7.51,
            "at_2024_last_all": 7.51
        },
        "latest_eps": 2.23,
        "latest_price": 38.05,
        "latest_roe": 4.82,
        "latest_gross_margin": 46.55,
        "latest_equity": 17540385,
        "latest_revenue": 899524,
        "latest_gross_profit": 418715,
        "latest_net_income": 205277,
        "latest_debt_ratio": 51.69,
        "latest_current_ratio": 372.26,
        "latest_account_receivable_turnover_ratio": 13.64,
        "latest_inventory_turnover_ratio": 0.01,
        "latest_reinvestment_rate": -4.45,
        "latest_research_to_sale_ratio": null
    },
    "eps_dividends": {
        "1995": {
            "cash": 5,
            "stock": 3.5,
            "eps": 0
        },
        "1999": {
            "cash": 0,
            "stock": 1,
            "eps": 0
        },
        "2001": {
            "cash": 0,
            "stock": 0,
            "eps": -1.71
        },
        "2002": {
            "cash": 0,
            "stock": 0,
            "eps": 0.39
        },
        "2003": {
            "cash": 0,
            "stock": 0,
            "eps": 1.94
        },
        "2004": {
            "cash": 0,
            "stock": 0,
            "eps": 8.13
        },
        "2005": {
            "cash": 0,
            "stock": 5,
            "eps": 4.53
        },
        "2006": {
            "cash": 0,
            "stock": 2.05,
            "eps": 2.71
        },
        "2007": {
            "cash": 0,
            "stock": 1.02,
            "eps": 2.54
        },
        "2008": {
            "cash": 0,
            "stock": 1.02,
            "eps": 1.95
        },
        "2009": {
            "cash": 0,
            "stock": 0,
            "eps": 1.7
        },
        "2010": {
            "cash": 0.2,
            "stock": 0.8,
            "eps": 2.93
        },
        "2011": {
            "cash": 0.7,
            "stock": 1.3,
            "eps": 2.45
        },
        "2012": {
            "cash": 0,
            "stock": 0,
            "eps": 3.86
        },
        "2013": {
            "cash": 0,
            "stock": 0,
            "eps": 4.22
        },
        "2014": {
            "cash": 0,
            "stock": 0,
            "eps": 2.59
        },
        "2015": {
            "cash": 0.8,
            "stock": 0.2,
            "eps": 0.62
        },
        "2016": {
            "cash": 0,
            "stock": 0,
            "eps": 1.67
        },
        "2017": {
            "cash": 0,
            "stock": 0,
            "eps": 2.02
        },
        "2018": {
            "cash": 2,
            "stock": 0,
            "eps": 1.3
        },
        "2019": {
            "cash": 0,
            "stock": 0,
            "eps": 4.31
        },
        "2020": {
            "cash": 0,
            "stock": 0,
            "eps": 4.5
        },
        "2021": {
            "cash": 0,
            "stock": 0,
            "eps": 4.55
        },
        "2022": {
            "cash": 0,
            "stock": 0,
            "eps": 2.72
        },
        "2023": {
            "cash": 0,
            "stock": 0,
            "eps": 0.7
        }
    },
    "dividends": {
        "1995-06-16": {
            "cash": 5,
            "stock": 3.5
        },
        "1999-05-25": {
            "cash": 0,
            "stock": 1
        },
        "2005-03-15": {
            "cash": 0,
            "stock": 5
        },
        "2006-04-06": {
            "cash": 0,
            "stock": 2.05
        },
        "2007-03-27": {
            "cash": 0,
            "stock": 1.02
        },
        "2008-04-25": {
            "cash": 0,
            "stock": 1.02
        },
        "2010-05-12": {
            "cash": 0.2,
            "stock": 0.8
        },
        "2011-01-01": {
            "cash": 0.5,
            "stock": 0.5
        },
        "2011-04-28": {
            "cash": 0.2,
            "stock": 0.8
        },
        "2015-09-25": {
            "cash": 0.8,
            "stock": 0.2
        },
        "2018-10-05": {
            "cash": 2,
            "stock": 0
        }
    },
    "prices": {
        "200101": "5.98",
        "200102": "7.50",
        "200103": "9.02",
        "200104": "8.71",
        "200105": "6.68",
        "200106": "5.63",
        "200107": "5.06",
        "200108": "5.24",
        "200109": "4.87",
        "200110": "3.99",
        "200111": "3.86",
        "200112": "4.74",
        "200201": "5.66",
        "200202": "5.38",
        "200203": "5.84",
        "200204": "7.53",
        "200205": "7.35",
        "200206": "6.61",
        "200207": "6.68",
        "200208": "6.72",
        "200209": "6.40",
        "200210": "5.65",
        "200211": "5.55",
        "200212": "5.96",
        "200301": "6.42",
        "200302": "6.09",
        "200303": "6.22",
        "200304": "6.49",
        "200305": "6.27",
        "200306": "6.31",
        "200307": "7.37",
        "200308": "8.81",
        "200309": "12.88",
        "200310": "18.05",
        "200311": "28.70",
        "200312": "35.75",
        "200401": "51.65",
        "200402": "57.72",
        "200403": "63.33",
        "200404": "61.27",
        "200405": "53.57",
        "200406": "55.93",
        "200407": "49.00",
        "200408": "40.64",
        "200409": "51.93",
        "200410": "54.02",
        "200411": "54.34",
        "200412": "62.96",
        "200501": "56.79",
        "200502": "59.23",
        "200503": "58.32",
        "200504": "52.90",
        "200505": "51.34",
        "200506": "51.40",
        "200507": "49.66",
        "200508": "34.16",
        "200509": "31.05",
        "200510": "27.00",
        "200511": "24.54",
        "200512": "32.19",
        "200601": "36.65",
        "200602": "36.50",
        "200603": "33.46",
        "200604": "35.04",
        "200605": "36.90",
        "200606": "33.38",
        "200607": "36.53",
        "200608": "32.35",
        "200609": "31.55",
        "200610": "32.90",
        "200611": "35.21",
        "200612": "33.94",
        "200701": "33.47",
        "200702": "32.82",
        "200703": "32.44",
        "200704": "32.53",
        "200705": "30.94",
        "200706": "29.85",
        "200707": "32.03",
        "200708": "26.93",
        "200709": "24.53",
        "200710": "23.95",
        "200711": "20.99",
        "200712": "20.26",
        "200801": "21.27",
        "200802": "24.62",
        "200803": "28.21",
        "200804": "47.39",
        "200805": "51.69",
        "200806": "39.22",
        "200807": "31.61",
        "200808": "26.56",
        "200809": "19.20",
        "200810": "13.19",
        "200811": "13.00",
        "200812": "12.68",
        "200901": "13.40",
        "200902": "12.78",
        "200903": "14.13",
        "200904": "18.39",
        "200905": "24.22",
        "200906": "23.56",
        "200907": "26.62",
        "200908": "26.31",
        "200909": "28.60",
        "200910": "30.36",
        "200911": "31.05",
        "200912": "32.89",
        "201001": "33.14",
        "201002": "28.17",
        "201003": "31.57",
        "201004": "32.15",
        "201005": "29.52",
        "201006": "29.33",
        "201007": "29.10",
        "201008": "29.26",
        "201009": "28.39",
        "201010": "27.94",
        "201011": "28.12",
        "201012": "32.49",
        "201101": "36.20",
        "201102": "33.53",
        "201103": "28.63",
        "201104": "29.00",
        "201105": "29.55",
        "201106": "28.67",
        "201107": "30.61",
        "201108": "25.95",
        "201109": "21.19",
        "201110": "20.31",
        "201111": "20.21",
        "201112": "17.99",
        "201201": "18.19",
        "201202": "22.21",
        "201203": "26.91",
        "201204": "25.13",
        "201205": "27.41",
        "201206": "25.59",
        "201207": "24.51",
        "201208": "26.74",
        "201209": "32.44",
        "201210": "29.74",
        "201211": "29.27",
        "201212": "30.47",
        "201301": "31.04",
        "201302": "31.61",
        "201303": "30.89",
        "201304": "30.54",
        "201305": "30.95",
        "201306": "29.40",
        "201307": "28.81",
        "201308": "28.65",
        "201309": "28.28",
        "201310": "28.32",
        "201311": "28.15",
        "201312": "29.54",
        "201401": "28.99",
        "201402": "28.50",
        "201403": "27.27",
        "201404": "26.52",
        "201405": "24.96",
        "201406": "24.76",
        "201407": "24.21",
        "201408": "24.00",
        "201409": "24.90",
        "201410": "26.11",
        "201411": "27.12",
        "201412": "27.78",
        "201501": "27.04",
        "201502": "26.53",
        "201503": "26.43",
        "201504": "26.53",
        "201505": "26.48",
        "201506": "25.20",
        "201507": "24.90",
        "201508": "22.50",
        "201509": "18.43",
        "201510": "18.64",
        "201511": "18.01",
        "201512": "17.15",
        "201601": "18.40",
        "201602": "18.04",
        "201603": "18.37",
        "201604": "17.87",
        "201605": "17.67",
        "201606": "18.08",
        "201607": "18.72",
        "201608": "19.30",
        "201609": "19.16",
        "201610": "18.91",
        "201611": "19.50",
        "201612": "21.37",
        "201701": "21.48",
        "201702": "23.10",
        "201703": "23.80",
        "201704": "23.95",
        "201705": "23.82",
        "201706": "23.99",
        "201707": "24.19",
        "201708": "23.52",
        "201709": "23.30",
        "201710": "22.95",
        "201711": "22.65",
        "201712": "22.19",
        "201801": "23.09",
        "201802": "22.77",
        "201803": "22.87",
        "201804": "22.37",
        "201805": "22.83",
        "201806": "23.27",
        "201807": "22.51",
        "201808": "22.10",
        "201809": "20.32",
        "201810": "19.13",
        "201811": "21.35",
        "201812": "27.21",
        "201901": "25.85",
        "201902": "25.96",
        "201903": "26.00",
        "201904": "26.91",
        "201905": "26.67",
        "201906": "28.81",
        "201907": "28.83",
        "201908": "28.66",
        "201909": "28.99",
        "201910": "28.57",
        "201911": "30.67",
        "201912": "31.06",
        "202001": "32.32",
        "202002": "31.17",
        "202003": "29.33",
        "202004": "30.98",
        "202005": "32.19",
        "202006": "33.07",
        "202007": "35.38",
        "202008": "38.49",
        "202009": "39.58",
        "202010": "38.64",
        "202011": "38.55",
        "202012": "38.85",
        "202101": "37.04",
        "202102": "35.58",
        "202103": "35.47",
        "202104": "36.73",
        "202105": "35.95",
        "202106": "34.61",
        "202107": "35.11",
        "202108": "34.57",
        "202109": "36.53",
        "202110": "37.13",
        "202111": "41.59",
        "202112": "40.79",
        "202201": "39.19",
        "202202": "37.95",
        "202203": "36.11",
        "202204": "34.18",
        "202205": "34.10",
        "202206": "34.01",
        "202207": "34.65",
        "202208": "37.31",
        "202209": "35.48",
        "202210": "33.38",
        "202211": "34.22",
        "202212": "33.31",
        "202301": "33.12",
        "202302": "32.90",
        "202303": "32.37",
        "202304": "31.74",
        "202305": "31.69",
        "202306": "31.86",
        "202307": "31.53",
        "202308": "30.97",
        "202309": "30.97",
        "202310": "30.78",
        "202311": "31.14",
        "202312": "31.50"
    },
    "quarters": {
        "20011": {
            "year_quarter": 20011,
            "year": 2001,
            "quarter": 1,
            "eps": -0.37,
            "eps_growth_year": null,
            "eps_4q": -1.38,
            "eps_4q_growth_year": null,
            "roe": -4.8,
            "roe_4q": -4.8,
            "gross_profit": -8180,
            "gross_margin": -3.49,
            "gross_margin_4q_avg": -3.49,
            "net_income": -55582,
            "net_income_4q": null,
            "revenue": 234543,
            "revenue_4q": null,
            "common_shares": 1486626,
            "book_valuer_per_share": 7.6,
            "book_valuer_per_share_4q_avg": 7.6,
            "equity": 1130230,
            "current_ratio": 124.74,
            "debt_ratio": 74.13,
            "inventory_turnover_ratio": 0.06,
            "account_receivable_turnover_ratio": null,
            "reinvestment_rate": null,
            "research_to_sale_ratio": null,
            "price_fair": 0,
            "eps_avg_yearly": 0,
            "eps_latest_yearly": 0,
            "eps_growth_yearly": 0
        },
        "20012": {
            "year_quarter": 20012,
            "year": 2001,
            "quarter": 2,
            "eps": -0.28,
            "eps_growth_year": null,
            "eps_4q": -1.5,
            "eps_4q_growth_year": null,
            "roe": -3.75,
            "roe_4q": -8.55,
            "gross_profit": 3713,
            "gross_margin": 0.63,
            "gross_margin_4q_avg": -1.43,
            "net_income": -41643,
            "net_income_4q": null,
            "revenue": 593201,
            "revenue_4q": null,
            "common_shares": 1486626,
            "book_valuer_per_share": 7.32,
            "book_valuer_per_share_4q_avg": 7.46,
            "equity": 1088587,
            "current_ratio": 125.95,
            "debt_ratio": 75.17,
            "inventory_turnover_ratio": 0.15,
            "account_receivable_turnover_ratio": null,
            "reinvestment_rate": null,
            "research_to_sale_ratio": null,
            "price_fair": 0,
            "eps_avg_yearly": 0,
            "eps_latest_yearly": 0,
            "eps_growth_yearly": 0
        },
        "20013": {
            "year_quarter": 20013,
            "year": 2001,
            "quarter": 3,
            "eps": -0.59,
            "eps_growth_year": null,
            "eps_4q": -1.56,
            "eps_4q_growth_year": null,
            "roe": -8.47,
            "roe_4q": -17.02,
            "gross_profit": -8798,
            "gross_margin": -2.61,
            "gross_margin_4q_avg": -1.82,
            "net_income": -88449,
            "net_income_4q": null,
            "revenue": 337559,
            "revenue_4q": null,
            "common_shares": 1486626,
            "book_valuer_per_share": 6.73,
            "book_valuer_per_share_4q_avg": 7.22,
            "equity": 1000138,
            "current_ratio": 122.33,
            "debt_ratio": 77.45,
            "inventory_turnover_ratio": 0.09,
            "account_receivable_turnover_ratio": null,
            "reinvestment_rate": null,
            "research_to_sale_ratio": null,
            "price_fair": 0,
            "eps_avg_yearly": 0,
            "eps_latest_yearly": 0,
            "eps_growth_yearly": 0
        },
        "20014": {
            "year_quarter": 20014,
            "year": 2001,
            "quarter": 4,
            "eps": -0.47,
            "eps_growth_year": null,
            "eps_4q": -1.72,
            "eps_4q_growth_year": null,
            "roe": -7.21,
            "roe_4q": -24.23,
            "gross_profit": 7936,
            "gross_margin": 2.01,
            "gross_margin_4q_avg": -0.87,
            "net_income": -69621,
            "net_income_4q": null,
            "revenue": 395641,
            "revenue_4q": null,
            "common_shares": 1486626,
            "book_valuer_per_share": 6.26,
            "book_valuer_per_share_4q_avg": 6.98,
            "equity": 930518,
            "current_ratio": 100.24,
            "debt_ratio": 77.78,
            "inventory_turnover_ratio": 0.12,
            "account_receivable_turnover_ratio": null,
            "reinvestment_rate": null,
            "research_to_sale_ratio": null,
            "price_fair": 0,
            "eps_avg_yearly": 0,
            "eps_latest_yearly": 0,
            "eps_growth_yearly": 0
        },
        "20021": {
            "year_quarter": 20021,
            "year": 2002,
            "quarter": 1,
            "eps": 0.29,
            "eps_growth_year": null,
            "eps_4q": -1.04,
            "eps_4q_growth_year": null,
            "roe": 4.58,
            "roe_4q": -14.850000000000001,
            "gross_profit": 73872,
            "gross_margin": 12.31,
            "gross_margin_4q_avg": 3.09,
            "net_income": 43586,
            "net_income_4q": null,
            "revenue": 600150,
            "revenue_4q": null,
            "common_shares": 1486626,
            "book_valuer_per_share": 6.55,
            "book_valuer_per_share_4q_avg": 6.72,
            "equity": 974104,
            "current_ratio": 101.56,
            "debt_ratio": 73.94,
            "inventory_turnover_ratio": 0.19,
            "account_receivable_turnover_ratio": null,
            "reinvestment_rate": null,
            "research_to_sale_ratio": null,
            "price_fair": 0,
            "eps_avg_yearly": 0,
            "eps_latest_yearly": 0,
            "eps_growth_yearly": 0
        },
        "20022": {
            "year_quarter": 20022,
            "year": 2002,
            "quarter": 2,
            "eps": 0.36,
            "eps_growth_year": null,
            "eps_4q": -0.41,
            "eps_4q_growth_year": null,
            "roe": 5.35,
            "roe_4q": -5.750000000000001,
            "gross_profit": 67910,
            "gross_margin": 8.05,
            "gross_margin_4q_avg": 4.94,
            "net_income": 53588,
            "net_income_4q": null,
            "revenue": 843421,
            "revenue_4q": null,
            "common_shares": 1486626,
            "book_valuer_per_share": 6.91,
            "book_valuer_per_share_4q_avg": 6.61,
            "equity": 1027692,
            "current_ratio": 101.93,
            "debt_ratio": 67.59,
            "inventory_turnover_ratio": 0.34,
            "account_receivable_turnover_ratio": null,
            "reinvestment_rate": null,
            "research_to_sale_ratio": null,
            "price_fair": 50.4,
            "eps_avg_yearly": 1.44,
            "eps_latest_yearly": 1.44,
            "eps_growth_yearly": 96.55
        },
        "20023": {
            "year_quarter": 20023,
            "year": 2002,
            "quarter": 3,
            "eps": -0.18,
            "eps_growth_year": null,
            "eps_4q": 0.01,
            "eps_4q_growth_year": null,
            "roe": -2.64,
            "roe_4q": 0.07999999999999918,
            "gross_profit": 14213,
            "gross_margin": 3.46,
            "gross_margin_4q_avg": 6.46,
            "net_income": -26741,
            "net_income_4q": null,
            "revenue": 410236,
            "revenue_4q": null,
            "common_shares": 1486626,
            "book_valuer_per_share": 6.73,
            "book_valuer_per_share_4q_avg": 6.61,
            "equity": 1000951,
            "current_ratio": 99.35,
            "debt_ratio": 66.33,
            "inventory_turnover_ratio": 0.22,
            "account_receivable_turnover_ratio": null,
            "reinvestment_rate": null,
            "research_to_sale_ratio": null,
            "price_fair": 50.4,
            "eps_avg_yearly": 1.44,
            "eps_latest_yearly": 1.44,
            "eps_growth_yearly": 96.55
        },
        "20024": {
            "year_quarter": 20024,
            "year": 2002,
            "quarter": 4,
            "eps": -0.08,
            "eps_growth_year": null,
            "eps_4q": 0.39,
            "eps_4q_growth_year": null,
            "roe": -1.25,
            "roe_4q": 6.039999999999999,
            "gross_profit": 36358,
            "gross_margin": 8.01,
            "gross_margin_4q_avg": 7.96,
            "net_income": -12433,
            "net_income_4q": null,
            "revenue": 454175,
            "revenue_4q": null,
            "common_shares": 1486626,
            "book_valuer_per_share": 6.65,
            "book_valuer_per_share_4q_avg": 6.71,
            "equity": 988518,
            "current_ratio": 99.99,
            "debt_ratio": 68.12,
            "inventory_turnover_ratio": 0.24,
            "account_receivable_turnover_ratio": null,
            "reinvestment_rate": null,
            "research_to_sale_ratio": null,
            "price_fair": 50.4,
            "eps_avg_yearly": 1.44,
            "eps_latest_yearly": 1.44,
            "eps_growth_yearly": 96.55
        },
        "20031": {
            "year_quarter": 20031,
            "year": 2003,
            "quarter": 1,
            "eps": -0.07,
            "eps_growth_year": -124.14,
            "eps_4q": 0.02,
            "eps_4q_growth_year": null,
            "roe": -1.11,
            "roe_4q": 0.34999999999999964,
            "gross_profit": 13084,
            "gross_margin": 5.8,
            "gross_margin_4q_avg": 6.33,
            "net_income": -10867,
            "net_income_4q": null,
            "revenue": 225547,
            "revenue_4q": null,
            "common_shares": 1486626,
            "book_valuer_per_share": 6.58,
            "book_valuer_per_share_4q_avg": 6.72,
            "equity": 977651,
            "current_ratio": 100.06,
            "debt_ratio": 70.93,
            "inventory_turnover_ratio": 0.1,
            "account_receivable_turnover_ratio": null,
            "reinvestment_rate": null,
            "research_to_sale_ratio": null,
            "price_fair": 50.4,
            "eps_avg_yearly": 1.44,
            "eps_latest_yearly": 1.44,
            "eps_growth_yearly": 96.55
        },
        "20032": {
            "year_quarter": 20032,
            "year": 2003,
            "quarter": 2,
            "eps": 0.09,
            "eps_growth_year": -75,
            "eps_4q": -0.24,
            "eps_4q_growth_year": null,
            "roe": 1.37,
            "roe_4q": -3.63,
            "gross_profit": 33993,
            "gross_margin": 16.8,
            "gross_margin_4q_avg": 8.52,
            "net_income": 13479,
            "net_income_4q": null,
            "revenue": 202281,
            "revenue_4q": null,
            "common_shares": 1486626,
            "book_valuer_per_share": 6.67,
            "book_valuer_per_share_4q_avg": 6.66,
            "equity": 991130,
            "current_ratio": 100.48,
            "debt_ratio": 77.82,
            "inventory_turnover_ratio": 0.06,
            "account_receivable_turnover_ratio": null,
            "reinvestment_rate": null,
            "research_to_sale_ratio": null,
            "price_fair": 50.4,
            "eps_avg_yearly": 1.44,
            "eps_latest_yearly": 1.44,
            "eps_growth_yearly": 96.55
        },
        "20033": {
            "year_quarter": 20033,
            "year": 2003,
            "quarter": 3,
            "eps": 0.26,
            "eps_growth_year": null,
            "eps_4q": 0.19,
            "eps_4q_growth_year": 3461.66,
            "roe": 3.86,
            "roe_4q": 2.87,
            "gross_profit": 63257,
            "gross_margin": 17.35,
            "gross_margin_4q_avg": 11.99,
            "net_income": 39007,
            "net_income_4q": null,
            "revenue": 364605,
            "revenue_4q": null,
            "common_shares": 1486626,
            "book_valuer_per_share": 6.93,
            "book_valuer_per_share_4q_avg": 6.71,
            "equity": 1030137,
            "current_ratio": 101.36,
            "debt_ratio": 79.78,
            "inventory_turnover_ratio": 0.09,
            "account_receivable_turnover_ratio": null,
            "reinvestment_rate": null,
            "research_to_sale_ratio": null,
            "price_fair": 43.4,
            "eps_avg_yearly": 1.24,
            "eps_latest_yearly": 1.04,
            "eps_growth_yearly": 426.05
        },
        "20034": {
            "year_quarter": 20034,
            "year": 2003,
            "quarter": 4,
            "eps": 1.66,
            "eps_growth_year": null,
            "eps_4q": 1.94,
            "eps_4q_growth_year": 397.52,
            "roe": 21.37,
            "roe_4q": 25.490000000000002,
            "gross_profit": 217483,
            "gross_margin": 23.15,
            "gross_margin_4q_avg": 15.78,
            "net_income": 246459,
            "net_income_4q": null,
            "revenue": 939547,
            "revenue_4q": null,
            "common_shares": 1486626,
            "book_valuer_per_share": 8.59,
            "book_valuer_per_share_4q_avg": 7.19,
            "equity": 1276503,
            "current_ratio": 106.43,
            "debt_ratio": 78.9,
            "inventory_turnover_ratio": 0.18,
            "account_receivable_turnover_ratio": null,
            "reinvestment_rate": null,
            "research_to_sale_ratio": null,
            "price_fair": 106.4,
            "eps_avg_yearly": 3.04,
            "eps_latest_yearly": 6.64,
            "eps_growth_yearly": 1001.98
        },
        "20041": {
            "year_quarter": 20041,
            "year": 2004,
            "quarter": 1,
            "eps": 2.05,
            "eps_growth_year": null,
            "eps_4q": 4.07,
            "eps_4q_growth_year": 17694.27,
            "roe": 21.28,
            "roe_4q": 47.88,
            "gross_profit": 324303,
            "gross_margin": 28.74,
            "gross_margin_4q_avg": 21.51,
            "net_income": 304042,
            "net_income_4q": null,
            "revenue": 1128291,
            "revenue_4q": null,
            "common_shares": 1486626,
            "book_valuer_per_share": 10.63,
            "book_valuer_per_share_4q_avg": 8.21,
            "equity": 1580638,
            "current_ratio": 113.84,
            "debt_ratio": 73.54,
            "inventory_turnover_ratio": 0.18,
            "account_receivable_turnover_ratio": null,
            "reinvestment_rate": 285.52,
            "research_to_sale_ratio": null,
            "price_fair": 151.55,
            "eps_avg_yearly": 4.33,
            "eps_latest_yearly": 8.2,
            "eps_growth_yearly": 774.98
        },
        "20042": {
            "year_quarter": 20042,
            "year": 2004,
            "quarter": 2,
            "eps": 1.87,
            "eps_growth_year": 1977.78,
            "eps_4q": 5.83,
            "eps_4q_growth_year": null,
            "roe": 16.19,
            "roe_4q": 62.7,
            "gross_profit": 286396,
            "gross_margin": 26.64,
            "gross_margin_4q_avg": 23.97,
            "net_income": 278518,
            "net_income_4q": null,
            "revenue": 1074977,
            "revenue_4q": null,
            "common_shares": 1486626,
            "book_valuer_per_share": 12.51,
            "book_valuer_per_share_4q_avg": 9.67,
            "equity": 1859156,
            "current_ratio": 120.83,
            "debt_ratio": 69.89,
            "inventory_turnover_ratio": 0.18,
            "account_receivable_turnover_ratio": null,
            "reinvestment_rate": 127.64,
            "research_to_sale_ratio": null,
            "price_fair": 173.6,
            "eps_avg_yearly": 4.96,
            "eps_latest_yearly": 7.48,
            "eps_growth_yearly": 612.96
        },
        "20043": {
            "year_quarter": 20043,
            "year": 2004,
            "quarter": 3,
            "eps": 0.96,
            "eps_growth_year": 269.23,
            "eps_4q": 6.55,
            "eps_4q_growth_year": 3264.49,
            "roe": 7.38,
            "roe_4q": 66.22,
            "gross_profit": 189076,
            "gross_margin": 36.64,
            "gross_margin_4q_avg": 28.79,
            "net_income": 142494,
            "net_income_4q": null,
            "revenue": 516092,
            "revenue_4q": null,
            "common_shares": 1486626,
            "book_valuer_per_share": 13.46,
            "book_valuer_per_share_4q_avg": 11.3,
            "equity": 2001650,
            "current_ratio": 121.25,
            "debt_ratio": 71,
            "inventory_turnover_ratio": 0.06,
            "account_receivable_turnover_ratio": null,
            "reinvestment_rate": 92.11,
            "research_to_sale_ratio": null,
            "price_fair": 167.07,
            "eps_avg_yearly": 4.77,
            "eps_latest_yearly": 3.84,
            "eps_growth_yearly": 478.36
        },
        "20044": {
            "year_quarter": 20044,
            "year": 2004,
            "quarter": 4,
            "eps": 3.25,
            "eps_growth_year": 95.78,
            "eps_4q": 8.12,
            "eps_4q_growth_year": 318.48,
            "roe": 21.57,
            "roe_4q": 66.42,
            "gross_profit": 491581,
            "gross_margin": 36.47,
            "gross_margin_4q_avg": 32.12,
            "net_income": 483883,
            "net_income_4q": null,
            "revenue": 1347881,
            "revenue_4q": null,
            "common_shares": 1486626,
            "book_valuer_per_share": 16.72,
            "book_valuer_per_share_4q_avg": 13.33,
            "equity": 2485399,
            "current_ratio": 126.25,
            "debt_ratio": 70.77,
            "inventory_turnover_ratio": 0.14,
            "account_receivable_turnover_ratio": null,
            "reinvestment_rate": 56.47,
            "research_to_sale_ratio": null,
            "price_fair": 208.2,
            "eps_avg_yearly": 5.95,
            "eps_latest_yearly": 13,
            "eps_growth_yearly": 546.33
        },
        "20051": {
            "year_quarter": 20051,
            "year": 2005,
            "quarter": 1,
            "eps": 1.1,
            "eps_growth_year": -46.34,
            "eps_4q": 7.16,
            "eps_4q_growth_year": 76.18,
            "roe": 6.39,
            "roe_4q": 51.53,
            "gross_profit": 276063,
            "gross_margin": 35.28,
            "gross_margin_4q_avg": 33.76,
            "net_income": 164179,
            "net_income_4q": null,
            "revenue": 782557,
            "revenue_4q": null,
            "common_shares": 1486626,
            "book_valuer_per_share": 17.82,
            "book_valuer_per_share_4q_avg": 15.13,
            "equity": 2649712,
            "current_ratio": 125.57,
            "debt_ratio": 72.59,
            "inventory_turnover_ratio": 0.07,
            "account_receivable_turnover_ratio": null,
            "reinvestment_rate": 44.89,
            "research_to_sale_ratio": null,
            "price_fair": 201.43,
            "eps_avg_yearly": 5.76,
            "eps_latest_yearly": 4.4,
            "eps_growth_yearly": 444.96
        },
        "20052": {
            "year_quarter": 20052,
            "year": 2005,
            "quarter": 2,
            "eps": 1.57,
            "eps_growth_year": -16.04,
            "eps_4q": 6.89,
            "eps_4q_growth_year": 18.17,
            "roe": 8.44,
            "roe_4q": 43.78,
            "gross_profit": 317906,
            "gross_margin": 34.23,
            "gross_margin_4q_avg": 35.66,
            "net_income": 233447,
            "net_income_4q": null,
            "revenue": 928707,
            "revenue_4q": null,
            "common_shares": 1486626,
            "book_valuer_per_share": 19.39,
            "book_valuer_per_share_4q_avg": 16.85,
            "equity": 2883159,
            "current_ratio": 128.66,
            "debt_ratio": 71.17,
            "inventory_turnover_ratio": 0.07,
            "account_receivable_turnover_ratio": null,
            "reinvestment_rate": 38.02,
            "research_to_sale_ratio": null,
            "price_fair": 203.47,
            "eps_avg_yearly": 5.81,
            "eps_latest_yearly": 6.28,
            "eps_growth_yearly": 414.51
        },
        "20053": {
            "year_quarter": 20053,
            "year": 2005,
            "quarter": 3,
            "eps": 0.9,
            "eps_growth_year": -6.25,
            "eps_4q": 4.82,
            "eps_4q_growth_year": -26.38,
            "roe": 6.78,
            "roe_4q": 43.18,
            "gross_profit": 273246,
            "gross_margin": 36.87,
            "gross_margin_4q_avg": 35.71,
            "net_income": 202451,
            "net_income_4q": null,
            "revenue": 741145,
            "revenue_4q": null,
            "common_shares": 2237602,
            "book_valuer_per_share": 13.79,
            "book_valuer_per_share_4q_avg": 16.93,
            "equity": 3085610,
            "current_ratio": 133.24,
            "debt_ratio": 68.67,
            "inventory_turnover_ratio": 0.06,
            "account_receivable_turnover_ratio": null,
            "reinvestment_rate": 32.73,
            "research_to_sale_ratio": null,
            "price_fair": 195.72,
            "eps_avg_yearly": 5.59,
            "eps_latest_yearly": 3.6,
            "eps_growth_yearly": 355.99
        },
        "20054": {
            "year_quarter": 20054,
            "year": 2005,
            "quarter": 4,
            "eps": 0.96,
            "eps_growth_year": -70.46,
            "eps_4q": 3.65,
            "eps_4q_growth_year": -55.03,
            "roe": 6.71,
            "roe_4q": 28.32,
            "gross_profit": 308674,
            "gross_margin": 34.74,
            "gross_margin_4q_avg": 35.28,
            "net_income": 214063,
            "net_income_4q": null,
            "revenue": 888534,
            "revenue_4q": null,
            "common_shares": 2237602,
            "book_valuer_per_share": 14.74,
            "book_valuer_per_share_4q_avg": 16.44,
            "equity": 3298299,
            "current_ratio": 133.4,
            "debt_ratio": 69.11,
            "inventory_turnover_ratio": 0.07,
            "account_receivable_turnover_ratio": null,
            "reinvestment_rate": -1.87,
            "research_to_sale_ratio": null,
            "price_fair": 190.15,
            "eps_avg_yearly": 5.43,
            "eps_latest_yearly": 3.84,
            "eps_growth_yearly": 326.05
        },
        "20061": {
            "year_quarter": 20061,
            "year": 2006,
            "quarter": 1,
            "eps": 0.79,
            "eps_growth_year": -28.18,
            "eps_4q": 3.69,
            "eps_4q_growth_year": -48.45,
            "roe": 5.22,
            "roe_4q": 27.15,
            "gross_profit": 236591,
            "gross_margin": 33.3,
            "gross_margin_4q_avg": 34.79,
            "net_income": 176904,
            "net_income_4q": null,
            "revenue": 710493,
            "revenue_4q": null,
            "common_shares": 2237601,
            "book_valuer_per_share": 15.54,
            "book_valuer_per_share_4q_avg": 15.87,
            "equity": 3476577,
            "current_ratio": 136.45,
            "debt_ratio": 67.61,
            "inventory_turnover_ratio": 0.05,
            "account_receivable_turnover_ratio": null,
            "reinvestment_rate": -2.16,
            "research_to_sale_ratio": null,
            "price_fair": 183.52,
            "eps_avg_yearly": 5.24,
            "eps_latest_yearly": 3.16,
            "eps_growth_yearly": 292.98
        },
        "20062": {
            "year_quarter": 20062,
            "year": 2006,
            "quarter": 2,
            "eps": 1.01,
            "eps_growth_year": -35.67,
            "eps_4q": 3.67,
            "eps_4q_growth_year": -46.76,
            "roe": 6.28,
            "roe_4q": 24.990000000000002,
            "gross_profit": 277612,
            "gross_margin": 34.66,
            "gross_margin_4q_avg": 34.89,
            "net_income": 225591,
            "net_income_4q": null,
            "revenue": 800865,
            "revenue_4q": null,
            "common_shares": 2237602,
            "book_valuer_per_share": 16.55,
            "book_valuer_per_share_4q_avg": 15.16,
            "equity": 3702168,
            "current_ratio": 138.14,
            "debt_ratio": 66.55,
            "inventory_turnover_ratio": 0.06,
            "account_receivable_turnover_ratio": null,
            "reinvestment_rate": -4.85,
            "research_to_sale_ratio": null,
            "price_fair": 191.1,
            "eps_avg_yearly": 5.46,
            "eps_latest_yearly": 4.04,
            "eps_growth_yearly": 294.22
        },
        "20063": {
            "year_quarter": 20063,
            "year": 2006,
            "quarter": 3,
            "eps": 0.71,
            "eps_growth_year": -21.11,
            "eps_4q": 3.46,
            "eps_4q_growth_year": -28.14,
            "roe": 4.31,
            "roe_4q": 22.52,
            "gross_profit": 214105,
            "gross_margin": 32.11,
            "gross_margin_4q_avg": 33.7,
            "net_income": 159026,
            "net_income_4q": null,
            "revenue": 666701,
            "revenue_4q": null,
            "common_shares": 2237602,
            "book_valuer_per_share": 16.47,
            "book_valuer_per_share_4q_avg": 15.83,
            "equity": 3684986,
            "current_ratio": 136.92,
            "debt_ratio": 67.25,
            "inventory_turnover_ratio": 0.05,
            "account_receivable_turnover_ratio": null,
            "reinvestment_rate": -4.97,
            "research_to_sale_ratio": null,
            "price_fair": 184.05,
            "eps_avg_yearly": 5.26,
            "eps_latest_yearly": 2.84,
            "eps_growth_yearly": 262.44
        },
        "20064": {
            "year_quarter": 20064,
            "year": 2006,
            "quarter": 4,
            "eps": 0.2,
            "eps_growth_year": -79.17,
            "eps_4q": 2.33,
            "eps_4q_growth_year": -36.06,
            "roe": 1.42,
            "roe_4q": 17.23,
            "gross_profit": 166518,
            "gross_margin": 26.88,
            "gross_margin_4q_avg": 31.74,
            "net_income": 52617,
            "net_income_4q": null,
            "revenue": 619598,
            "revenue_4q": null,
            "common_shares": 2689735,
            "book_valuer_per_share": 13.87,
            "book_valuer_per_share_4q_avg": 15.61,
            "equity": 3731351,
            "current_ratio": 136.44,
            "debt_ratio": 67.67,
            "inventory_turnover_ratio": 0.05,
            "account_receivable_turnover_ratio": null,
            "reinvestment_rate": -4.12,
            "research_to_sale_ratio": null,
            "price_fair": 172.9,
            "eps_avg_yearly": 4.94,
            "eps_latest_yearly": 0.8,
            "eps_growth_yearly": 223.18
        },
        "20071": {
            "year_quarter": 20071,
            "year": 2007,
            "quarter": 1,
            "eps": 0.57,
            "eps_growth_year": -27.85,
            "eps_4q": 2.23,
            "eps_4q_growth_year": -39.47,
            "roe": 3.93,
            "roe_4q": 15.940000000000001,
            "gross_profit": 216853,
            "gross_margin": 29.54,
            "gross_margin_4q_avg": 30.8,
            "net_income": 149684,
            "net_income_4q": null,
            "revenue": 734060,
            "revenue_4q": null,
            "common_shares": 2689735,
            "book_valuer_per_share": 14.44,
            "book_valuer_per_share_4q_avg": 15.33,
            "equity": 3884587,
            "current_ratio": 140.02,
            "debt_ratio": 65.84,
            "inventory_turnover_ratio": 0.05,
            "account_receivable_turnover_ratio": null,
            "reinvestment_rate": -3.91,
            "research_to_sale_ratio": null,
            "price_fair": 166.69,
            "eps_avg_yearly": 4.76,
            "eps_latest_yearly": 2.28,
            "eps_growth_yearly": 257.63
        },
        "20072": {
            "year_quarter": 20072,
            "year": 2007,
            "quarter": 2,
            "eps": 0.88,
            "eps_growth_year": -12.87,
            "eps_4q": 2.25,
            "eps_4q_growth_year": -38.63,
            "roe": 5.8,
            "roe_4q": 15.46,
            "gross_profit": 326275,
            "gross_margin": 31.15,
            "gross_margin_4q_avg": 29.92,
            "net_income": 232016,
            "net_income_4q": null,
            "revenue": 1047310,
            "revenue_4q": null,
            "common_shares": 2689735,
            "book_valuer_per_share": 15.3,
            "book_valuer_per_share_4q_avg": 15.02,
            "equity": 4116604,
            "current_ratio": 145.52,
            "debt_ratio": 63.28,
            "inventory_turnover_ratio": 0.07,
            "account_receivable_turnover_ratio": null,
            "reinvestment_rate": -3.63,
            "research_to_sale_ratio": null,
            "price_fair": 163.98,
            "eps_avg_yearly": 4.69,
            "eps_latest_yearly": 3.52,
            "eps_growth_yearly": 255.12
        },
        "20073": {
            "year_quarter": 20073,
            "year": 2007,
            "quarter": 3,
            "eps": 0.72,
            "eps_growth_year": 1.41,
            "eps_4q": 2.21,
            "eps_4q_growth_year": -36.12,
            "roe": 4.96,
            "roe_4q": 16.11,
            "gross_profit": 297495,
            "gross_margin": 31.73,
            "gross_margin_4q_avg": 29.83,
            "net_income": 209568,
            "net_income_4q": null,
            "revenue": 937685,
            "revenue_4q": null,
            "common_shares": 2961481,
            "book_valuer_per_share": 14.61,
            "book_valuer_per_share_4q_avg": 14.56,
            "equity": 4326172,
            "current_ratio": 152.08,
            "debt_ratio": 60.45,
            "inventory_turnover_ratio": 0.07,
            "account_receivable_turnover_ratio": null,
            "reinvestment_rate": -3.44,
            "research_to_sale_ratio": null,
            "price_fair": 168,
            "eps_avg_yearly": 4.8,
            "eps_latest_yearly": 2.88,
            "eps_growth_yearly": 203.36
        },
        "20074": {
            "year_quarter": 20074,
            "year": 2007,
            "quarter": 4,
            "eps": 0.37,
            "eps_growth_year": 85,
            "eps_4q": 2.42,
            "eps_4q_growth_year": 3.8,
            "roe": 2.46,
            "roe_4q": 17.15,
            "gross_profit": 266652,
            "gross_margin": 32.45,
            "gross_margin_4q_avg": 31.22,
            "net_income": 106557,
            "net_income_4q": null,
            "revenue": 821713,
            "revenue_4q": null,
            "common_shares": 2961482,
            "book_valuer_per_share": 14.61,
            "book_valuer_per_share_4q_avg": 14.74,
            "equity": 4326693,
            "current_ratio": 154.49,
            "debt_ratio": 59.48,
            "inventory_turnover_ratio": 0.06,
            "account_receivable_turnover_ratio": null,
            "reinvestment_rate": -3.47,
            "research_to_sale_ratio": null,
            "price_fair": 156.71,
            "eps_avg_yearly": 4.48,
            "eps_latest_yearly": 1.48,
            "eps_growth_yearly": 56.59
        },
        "20081": {
            "year_quarter": 20081,
            "year": 2008,
            "quarter": 1,
            "eps": 0.49,
            "eps_growth_year": -14.04,
            "eps_4q": 2.41,
            "eps_4q_growth_year": 7.66,
            "roe": 3.19,
            "roe_4q": 16.41,
            "gross_profit": 195610,
            "gross_margin": 35.43,
            "gross_margin_4q_avg": 32.69,
            "net_income": 140166,
            "net_income_4q": null,
            "revenue": 552159,
            "revenue_4q": null,
            "common_shares": 2911631,
            "book_valuer_per_share": 15.35,
            "book_valuer_per_share_4q_avg": 14.97,
            "equity": 4468994,
            "current_ratio": 161.44,
            "debt_ratio": 56.73,
            "inventory_turnover_ratio": 0.04,
            "account_receivable_turnover_ratio": null,
            "reinvestment_rate": -3.55,
            "research_to_sale_ratio": null,
            "price_fair": 143.06,
            "eps_avg_yearly": 4.09,
            "eps_latest_yearly": 1.96,
            "eps_growth_yearly": 58.82
        },
        "20082": {
            "year_quarter": 20082,
            "year": 2008,
            "quarter": 2,
            "eps": 1.12,
            "eps_growth_year": 27.27,
            "eps_4q": 2.57,
            "eps_4q_growth_year": 14.21,
            "roe": 7.58,
            "roe_4q": 18.19,
            "gross_profit": 477782,
            "gross_margin": 37.36,
            "gross_margin_4q_avg": 34.24,
            "net_income": 352376,
            "net_income_4q": null,
            "revenue": 1278997,
            "revenue_4q": null,
            "common_shares": 2911631,
            "book_valuer_per_share": 16.57,
            "book_valuer_per_share_4q_avg": 15.29,
            "equity": 4824071,
            "current_ratio": 174.27,
            "debt_ratio": 52.44,
            "inventory_turnover_ratio": 0.09,
            "account_receivable_turnover_ratio": null,
            "reinvestment_rate": -3.63,
            "research_to_sale_ratio": null,
            "price_fair": 136.5,
            "eps_avg_yearly": 3.9,
            "eps_latest_yearly": 4.48,
            "eps_growth_yearly": 93.16
        },
        "20083": {
            "year_quarter": 20083,
            "year": 2008,
            "quarter": 3,
            "eps": 0.48,
            "eps_growth_year": -33.33,
            "eps_4q": 2.37,
            "eps_4q_growth_year": 7.16,
            "roe": 3.11,
            "roe_4q": 16.34,
            "gross_profit": 236408,
            "gross_margin": 33.86,
            "gross_margin_4q_avg": 34.78,
            "net_income": 152113,
            "net_income_4q": null,
            "revenue": 698096,
            "revenue_4q": null,
            "common_shares": 2911631,
            "book_valuer_per_share": 17.04,
            "book_valuer_per_share_4q_avg": 15.89,
            "equity": 4960876,
            "current_ratio": 177.3,
            "debt_ratio": 51.56,
            "inventory_turnover_ratio": 0.05,
            "account_receivable_turnover_ratio": null,
            "reinvestment_rate": -3.62,
            "research_to_sale_ratio": null,
            "price_fair": 132.3,
            "eps_avg_yearly": 3.78,
            "eps_latest_yearly": 1.92,
            "eps_growth_yearly": 91.04
        },
        "20084": {
            "year_quarter": 20084,
            "year": 2008,
            "quarter": 4,
            "eps": -0.14,
            "eps_growth_year": -137.84,
            "eps_4q": 1.9,
            "eps_4q_growth_year": -21.59,
            "roe": -0.93,
            "roe_4q": 12.95,
            "gross_profit": 107430,
            "gross_margin": 22.33,
            "gross_margin_4q_avg": 32.25,
            "net_income": -45570,
            "net_income_4q": null,
            "revenue": 481153,
            "revenue_4q": null,
            "common_shares": 3108496,
            "book_valuer_per_share": 15.42,
            "book_valuer_per_share_4q_avg": 16.1,
            "equity": 4793154,
            "current_ratio": 171.27,
            "debt_ratio": 53.79,
            "inventory_turnover_ratio": 0.04,
            "account_receivable_turnover_ratio": 52.12,
            "reinvestment_rate": -7.19,
            "research_to_sale_ratio": null,
            "price_fair": 110.79,
            "eps_avg_yearly": 3.17,
            "eps_latest_yearly": 1.92,
            "eps_growth_yearly": 33.5
        },
        "20091": {
            "year_quarter": 20091,
            "year": 2009,
            "quarter": 1,
            "eps": 0.31,
            "eps_growth_year": -36.73,
            "eps_4q": 1.8,
            "eps_4q_growth_year": -25.08,
            "roe": 1.97,
            "roe_4q": 11.73,
            "gross_profit": 132552,
            "gross_margin": 27.83,
            "gross_margin_4q_avg": 30.35,
            "net_income": 95305,
            "net_income_4q": null,
            "revenue": 476312,
            "revenue_4q": null,
            "common_shares": 3108496,
            "book_valuer_per_share": 15.73,
            "book_valuer_per_share_4q_avg": 16.19,
            "equity": 4888593,
            "current_ratio": 174.79,
            "debt_ratio": 52.7,
            "inventory_turnover_ratio": 0.04,
            "account_receivable_turnover_ratio": 15.9,
            "reinvestment_rate": -4.89,
            "research_to_sale_ratio": null,
            "price_fair": 107.7,
            "eps_avg_yearly": 3.08,
            "eps_latest_yearly": 1.92,
            "eps_growth_yearly": 54.79
        },
        "20092": {
            "year_quarter": 20092,
            "year": 2009,
            "quarter": 2,
            "eps": 0.37,
            "eps_growth_year": -66.96,
            "eps_4q": 1.03,
            "eps_4q_growth_year": -60.05,
            "roe": 2.3,
            "roe_4q": 6.449999999999999,
            "gross_profit": 229251,
            "gross_margin": 25.81,
            "gross_margin_4q_avg": 27.46,
            "net_income": 113702,
            "net_income_4q": null,
            "revenue": 888151,
            "revenue_4q": null,
            "common_shares": 3108496,
            "book_valuer_per_share": 16.09,
            "book_valuer_per_share_4q_avg": 16.07,
            "equity": 5002296,
            "current_ratio": 195.43,
            "debt_ratio": 50.48,
            "inventory_turnover_ratio": 0.07,
            "account_receivable_turnover_ratio": 17.23,
            "reinvestment_rate": -3.7,
            "research_to_sale_ratio": null,
            "price_fair": 95.7,
            "eps_avg_yearly": 2.73,
            "eps_latest_yearly": 1.48,
            "eps_growth_yearly": 48.12
        },
        "20093": {
            "year_quarter": 20093,
            "year": 2009,
            "quarter": 3,
            "eps": 0.65,
            "eps_growth_year": 35.42,
            "eps_4q": 1.18,
            "eps_4q_growth_year": -50.04,
            "roe": 3.9,
            "roe_4q": 7.24,
            "gross_profit": 244125,
            "gross_margin": 27.1,
            "gross_margin_4q_avg": 25.77,
            "net_income": 198796,
            "net_income_4q": null,
            "revenue": 900893,
            "revenue_4q": null,
            "common_shares": 3058496,
            "book_valuer_per_share": 17.01,
            "book_valuer_per_share_4q_avg": 16.06,
            "equity": 5201092,
            "current_ratio": 207.34,
            "debt_ratio": 45.93,
            "inventory_turnover_ratio": 0.08,
            "account_receivable_turnover_ratio": 21.96,
            "reinvestment_rate": -4.04,
            "research_to_sale_ratio": null,
            "price_fair": 93.2,
            "eps_avg_yearly": 2.66,
            "eps_latest_yearly": 2.6,
            "eps_growth_yearly": 81.93
        },
        "20094": {
            "year_quarter": 20094,
            "year": 2009,
            "quarter": 4,
            "eps": 0.37,
            "eps_growth_year": null,
            "eps_4q": 1.7,
            "eps_4q_growth_year": -10.58,
            "roe": 2.13,
            "roe_4q": 10.299999999999999,
            "gross_profit": 159149,
            "gross_margin": 24.44,
            "gross_margin_4q_avg": 26.3,
            "net_income": 111834,
            "net_income_4q": null,
            "revenue": 651064,
            "revenue_4q": null,
            "common_shares": 3058496,
            "book_valuer_per_share": 17.37,
            "book_valuer_per_share_4q_avg": 16.55,
            "equity": 5311281,
            "current_ratio": 195.06,
            "debt_ratio": 48.81,
            "inventory_turnover_ratio": 0.06,
            "account_receivable_turnover_ratio": 37.89,
            "reinvestment_rate": -1.66,
            "research_to_sale_ratio": null,
            "price_fair": 87.3,
            "eps_avg_yearly": 2.49,
            "eps_latest_yearly": 1.48,
            "eps_growth_yearly": 67.72
        },
        "20101": {
            "year_quarter": 20101,
            "year": 2010,
            "quarter": 1,
            "eps": 0.52,
            "eps_growth_year": 67.74,
            "eps_4q": 1.9,
            "eps_4q_growth_year": 5.62,
            "roe": 2.93,
            "roe_4q": 11.260000000000002,
            "gross_profit": 214694,
            "gross_margin": 31.84,
            "gross_margin_4q_avg": 27.3,
            "net_income": 158047,
            "net_income_4q": null,
            "revenue": 674210,
            "revenue_4q": null,
            "common_shares": 3058496,
            "book_valuer_per_share": 17.89,
            "book_valuer_per_share_4q_avg": 17.09,
            "equity": 5470972,
            "current_ratio": 192.93,
            "debt_ratio": 51.44,
            "inventory_turnover_ratio": 0.05,
            "account_receivable_turnover_ratio": 11.43,
            "reinvestment_rate": -1.04,
            "research_to_sale_ratio": null,
            "price_fair": 84.6,
            "eps_avg_yearly": 2.42,
            "eps_latest_yearly": 2.08,
            "eps_growth_yearly": 84.36
        },
        "20102": {
            "year_quarter": 20102,
            "year": 2010,
            "quarter": 2,
            "eps": 0.54,
            "eps_growth_year": 45.71,
            "eps_4q": 2.07,
            "eps_4q_growth_year": 101.74,
            "roe": 2.99,
            "roe_4q": 11.950000000000001,
            "gross_profit": 290806,
            "gross_margin": 30.01,
            "gross_margin_4q_avg": 28.35,
            "net_income": 164891,
            "net_income_4q": null,
            "revenue": 969129,
            "revenue_4q": null,
            "common_shares": 3058496,
            "book_valuer_per_share": 18.23,
            "book_valuer_per_share_4q_avg": 17.63,
            "equity": 5574693,
            "current_ratio": 202.98,
            "debt_ratio": 49.09,
            "inventory_turnover_ratio": 0.07,
            "account_receivable_turnover_ratio": 11.73,
            "reinvestment_rate": -0.36,
            "research_to_sale_ratio": null,
            "price_fair": 79.9,
            "eps_avg_yearly": 2.28,
            "eps_latest_yearly": 2.16,
            "eps_growth_yearly": 77.5
        },
        "20103": {
            "year_quarter": 20103,
            "year": 2010,
            "quarter": 3,
            "eps": 0.89,
            "eps_growth_year": 37.43,
            "eps_4q": 2.21,
            "eps_4q_growth_year": 86.44,
            "roe": 5.16,
            "roe_4q": 13.21,
            "gross_profit": 350097,
            "gross_margin": 32.69,
            "gross_margin_4q_avg": 29.75,
            "net_income": 295368,
            "net_income_4q": null,
            "revenue": 1070882,
            "revenue_4q": null,
            "common_shares": 3306577,
            "book_valuer_per_share": 17.78,
            "book_valuer_per_share_4q_avg": 17.82,
            "equity": 5879413,
            "current_ratio": 218.76,
            "debt_ratio": 45.84,
            "inventory_turnover_ratio": 0.08,
            "account_receivable_turnover_ratio": 21.4,
            "reinvestment_rate": -0.34,
            "research_to_sale_ratio": null,
            "price_fair": 81.7,
            "eps_avg_yearly": 2.33,
            "eps_latest_yearly": 3.56,
            "eps_growth_yearly": 104.51
        },
        "20104": {
            "year_quarter": 20104,
            "year": 2010,
            "quarter": 4,
            "eps": 0.98,
            "eps_growth_year": 164.99,
            "eps_4q": 2.85,
            "eps_4q_growth_year": 67.77,
            "roe": 5.37,
            "roe_4q": 16.450000000000003,
            "gross_profit": 409065,
            "gross_margin": 34.96,
            "gross_margin_4q_avg": 32.38,
            "net_income": 324202,
            "net_income_4q": null,
            "revenue": 1170107,
            "revenue_4q": null,
            "common_shares": 3306577,
            "book_valuer_per_share": 18.76,
            "book_valuer_per_share_4q_avg": 18.17,
            "equity": 6201567,
            "current_ratio": 224.25,
            "debt_ratio": 43.09,
            "inventory_turnover_ratio": 0.08,
            "account_receivable_turnover_ratio": 21.8,
            "reinvestment_rate": 0.38,
            "research_to_sale_ratio": null,
            "price_fair": 89.5,
            "eps_avg_yearly": 2.56,
            "eps_latest_yearly": 3.92,
            "eps_growth_yearly": 127.92
        },
        "20111": {
            "year_quarter": 20111,
            "year": 2011,
            "quarter": 1,
            "eps": 0.72,
            "eps_growth_year": 38.46,
            "eps_4q": 3.09,
            "eps_4q_growth_year": 62.45,
            "roe": 3.77,
            "roe_4q": 17.29,
            "gross_profit": 353837,
            "gross_margin": 38.12,
            "gross_margin_4q_avg": 33.95,
            "net_income": 238355,
            "net_income_4q": null,
            "revenue": 928103,
            "revenue_4q": null,
            "common_shares": 3306577,
            "book_valuer_per_share": 19.48,
            "book_valuer_per_share_4q_avg": 18.56,
            "equity": 6441971,
            "current_ratio": 206.62,
            "debt_ratio": 49.6,
            "inventory_turnover_ratio": 0.06,
            "account_receivable_turnover_ratio": 15.22,
            "reinvestment_rate": -25.26,
            "research_to_sale_ratio": null,
            "price_fair": 91,
            "eps_avg_yearly": 2.6,
            "eps_latest_yearly": 2.88,
            "eps_growth_yearly": 67.48
        },
        "20112": {
            "year_quarter": 20112,
            "year": 2011,
            "quarter": 2,
            "eps": 1.11,
            "eps_growth_year": 106.18,
            "eps_4q": 3.71,
            "eps_4q_growth_year": 78.91,
            "roe": 5.58,
            "roe_4q": 19.88,
            "gross_profit": 258926,
            "gross_margin": 38.3,
            "gross_margin_4q_avg": 36.02,
            "net_income": 367543,
            "net_income_4q": null,
            "revenue": 676043,
            "revenue_4q": null,
            "common_shares": 3306577,
            "book_valuer_per_share": 20.39,
            "book_valuer_per_share_4q_avg": 19.1,
            "equity": 6743384,
            "current_ratio": 243.99,
            "debt_ratio": 48.73,
            "inventory_turnover_ratio": 0.04,
            "account_receivable_turnover_ratio": 33.58,
            "reinvestment_rate": -23.29,
            "research_to_sale_ratio": null,
            "price_fair": 93.3,
            "eps_avg_yearly": 2.67,
            "eps_latest_yearly": 4.44,
            "eps_growth_yearly": 67.42
        },
        "20113": {
            "year_quarter": 20113,
            "year": 2011,
            "quarter": 3,
            "eps": 0.17,
            "eps_growth_year": -80.91,
            "eps_4q": 2.77,
            "eps_4q_growth_year": 25.47,
            "roe": 0.9,
            "roe_4q": 15.620000000000001,
            "gross_profit": 127931,
            "gross_margin": 35.82,
            "gross_margin_4q_avg": 36.8,
            "net_income": 61008,
            "net_income_4q": null,
            "revenue": 357103,
            "revenue_4q": null,
            "common_shares": 3577273,
            "book_valuer_per_share": 19.07,
            "book_valuer_per_share_4q_avg": 19.43,
            "equity": 6821357,
            "current_ratio": 227.5,
            "debt_ratio": 50.11,
            "inventory_turnover_ratio": 0.02,
            "account_receivable_turnover_ratio": 27.51,
            "reinvestment_rate": -24.53,
            "research_to_sale_ratio": null,
            "price_fair": 87.8,
            "eps_avg_yearly": 2.51,
            "eps_latest_yearly": 0.68,
            "eps_growth_yearly": 48.42
        },
        "20114": {
            "year_quarter": 20114,
            "year": 2011,
            "quarter": 4,
            "eps": 0.45,
            "eps_growth_year": -54.01,
            "eps_4q": 2.32,
            "eps_4q_growth_year": -18.78,
            "roe": 2.34,
            "roe_4q": 12.59,
            "gross_profit": 222740,
            "gross_margin": 36.65,
            "gross_margin_4q_avg": 37.22,
            "net_income": 161296,
            "net_income_4q": null,
            "revenue": 607769,
            "revenue_4q": null,
            "common_shares": 3577273,
            "book_valuer_per_share": 19.51,
            "book_valuer_per_share_4q_avg": 19.61,
            "equity": 6979356,
            "current_ratio": 227.58,
            "debt_ratio": 50.63,
            "inventory_turnover_ratio": 0.03,
            "account_receivable_turnover_ratio": 32.66,
            "reinvestment_rate": -24.02,
            "research_to_sale_ratio": null,
            "price_fair": 88.6,
            "eps_avg_yearly": 2.53,
            "eps_latest_yearly": 1.8,
            "eps_growth_yearly": 109.37
        },
        "20121": {
            "year_quarter": 20121,
            "year": 2012,
            "quarter": 1,
            "eps": 0.58,
            "eps_growth_year": -19.44,
            "eps_4q": 2.23,
            "eps_4q_growth_year": -28.04,
            "roe": 2.91,
            "roe_4q": 11.73,
            "gross_profit": 262131,
            "gross_margin": 44.7,
            "gross_margin_4q_avg": 38.87,
            "net_income": 206443,
            "net_income_4q": null,
            "revenue": 586487,
            "revenue_4q": null,
            "common_shares": 3577273,
            "book_valuer_per_share": 20.1,
            "book_valuer_per_share_4q_avg": 19.77,
            "equity": 7189096,
            "current_ratio": 221.4,
            "debt_ratio": 53.16,
            "inventory_turnover_ratio": 0.02,
            "account_receivable_turnover_ratio": 20.03,
            "reinvestment_rate": -23.56,
            "research_to_sale_ratio": null,
            "price_fair": 89.5,
            "eps_avg_yearly": 2.56,
            "eps_latest_yearly": 2.32,
            "eps_growth_yearly": 108.35
        },
        "20122": {
            "year_quarter": 20122,
            "year": 2012,
            "quarter": 2,
            "eps": 0.65,
            "eps_growth_year": -41.51,
            "eps_4q": 1.85,
            "eps_4q_growth_year": -50.12,
            "roe": 3.22,
            "roe_4q": 9.370000000000001,
            "gross_profit": 357246,
            "gross_margin": 48.17,
            "gross_margin_4q_avg": 41.34,
            "net_income": 232568,
            "net_income_4q": null,
            "revenue": 741615,
            "revenue_4q": null,
            "common_shares": 3577273,
            "book_valuer_per_share": 20.25,
            "book_valuer_per_share_4q_avg": 19.73,
            "equity": 7242800,
            "current_ratio": 213.04,
            "debt_ratio": 60.08,
            "inventory_turnover_ratio": 0.02,
            "account_receivable_turnover_ratio": 27.35,
            "reinvestment_rate": -25.41,
            "research_to_sale_ratio": null,
            "price_fair": 84.8,
            "eps_avg_yearly": 2.42,
            "eps_latest_yearly": 2.6,
            "eps_growth_yearly": 75.07
        },
        "20123": {
            "year_quarter": 20123,
            "year": 2012,
            "quarter": 3,
            "eps": 0.64,
            "eps_growth_year": 274.99,
            "eps_4q": 2.24,
            "eps_4q_growth_year": -19.28,
            "roe": 3.26,
            "roe_4q": 11.73,
            "gross_profit": 304970,
            "gross_margin": 40.37,
            "gross_margin_4q_avg": 42.47,
            "net_income": 240410,
            "net_income_4q": null,
            "revenue": 755494,
            "revenue_4q": null,
            "common_shares": 3759262,
            "book_valuer_per_share": 19.93,
            "book_valuer_per_share_4q_avg": 19.95,
            "equity": 7490664,
            "current_ratio": 215.72,
            "debt_ratio": 60.35,
            "inventory_turnover_ratio": 0.03,
            "account_receivable_turnover_ratio": 50.04,
            "reinvestment_rate": -24.62,
            "research_to_sale_ratio": null,
            "price_fair": 86.4,
            "eps_avg_yearly": 2.47,
            "eps_latest_yearly": 2.56,
            "eps_growth_yearly": 90.96
        },
        "20124": {
            "year_quarter": 20124,
            "year": 2012,
            "quarter": 4,
            "eps": 1.99,
            "eps_growth_year": 340.99,
            "eps_4q": 3.8,
            "eps_4q_growth_year": 63.95,
            "roe": 9.51,
            "roe_4q": 18.9,
            "gross_profit": 849966,
            "gross_margin": 48.62,
            "gross_margin_4q_avg": 45.47,
            "net_income": 747481,
            "net_income_4q": null,
            "revenue": 1748206,
            "revenue_4q": null,
            "common_shares": 3759261,
            "book_valuer_per_share": 21.9,
            "book_valuer_per_share_4q_avg": 20.55,
            "equity": 8234450,
            "current_ratio": 236.36,
            "debt_ratio": 56.74,
            "inventory_turnover_ratio": 0.05,
            "account_receivable_turnover_ratio": 72.33,
            "reinvestment_rate": 6.45,
            "research_to_sale_ratio": null,
            "price_fair": 99.21,
            "eps_avg_yearly": 2.83,
            "eps_latest_yearly": 7.96,
            "eps_growth_yearly": 141.14
        },
        "20131": {
            "year_quarter": 20131,
            "year": 2013,
            "quarter": 1,
            "eps": 0.83,
            "eps_growth_year": 43.1,
            "eps_4q": 4.02,
            "eps_4q_growth_year": 80.43,
            "roe": 3.46,
            "roe_4q": 19.449999999999996,
            "gross_profit": 389587,
            "gross_margin": 42.08,
            "gross_margin_4q_avg": 44.81,
            "net_income": 289342,
            "net_income_4q": null,
            "revenue": 925885,
            "revenue_4q": null,
            "common_shares": 3759261,
            "book_valuer_per_share": 22.54,
            "book_valuer_per_share_4q_avg": 21.16,
            "equity": 8474052,
            "current_ratio": 213.17,
            "debt_ratio": 56.85,
            "inventory_turnover_ratio": 0.03,
            "account_receivable_turnover_ratio": 26.64,
            "reinvestment_rate": -20.38,
            "research_to_sale_ratio": null,
            "price_fair": 100.28,
            "eps_avg_yearly": 2.87,
            "eps_latest_yearly": 3.32,
            "eps_growth_yearly": 117.75
        },
        "20132": {
            "year_quarter": 20132,
            "year": 2013,
            "quarter": 2,
            "eps": 0.99,
            "eps_growth_year": 52.28,
            "eps_4q": 4.38,
            "eps_4q_growth_year": 137.18,
            "roe": 4.28,
            "roe_4q": 20.509999999999998,
            "gross_profit": 645995,
            "gross_margin": 47.29,
            "gross_margin_4q_avg": 44.59,
            "net_income": 371060,
            "net_income_4q": null,
            "revenue": 1365957,
            "revenue_4q": null,
            "common_shares": 3759261,
            "book_valuer_per_share": 23.53,
            "book_valuer_per_share_4q_avg": 21.98,
            "equity": 8845241,
            "current_ratio": 177.42,
            "debt_ratio": 64.17,
            "inventory_turnover_ratio": 0.03,
            "account_receivable_turnover_ratio": 44.53,
            "reinvestment_rate": -19.72,
            "research_to_sale_ratio": null,
            "price_fair": 105.7,
            "eps_avg_yearly": 3.02,
            "eps_latest_yearly": 3.96,
            "eps_growth_yearly": 117.73
        },
        "20133": {
            "year_quarter": 20133,
            "year": 2013,
            "quarter": 3,
            "eps": 1.69,
            "eps_growth_year": 164.26,
            "eps_4q": 5.44,
            "eps_4q_growth_year": 143.11,
            "roe": 6.94,
            "roe_4q": 24.189999999999998,
            "gross_profit": 807925,
            "gross_margin": 48.8,
            "gross_margin_4q_avg": 46.7,
            "net_income": 636022,
            "net_income_4q": null,
            "revenue": 1655754,
            "revenue_4q": null,
            "common_shares": 3759261,
            "book_valuer_per_share": 25.22,
            "book_valuer_per_share_4q_avg": 23.3,
            "equity": 9481263,
            "current_ratio": 210.2,
            "debt_ratio": 61.01,
            "inventory_turnover_ratio": 0.04,
            "account_receivable_turnover_ratio": 31.54,
            "reinvestment_rate": -16.14,
            "research_to_sale_ratio": null,
            "price_fair": 114.8,
            "eps_avg_yearly": 3.28,
            "eps_latest_yearly": 6.76,
            "eps_growth_yearly": 116.49
        },
        "20134": {
            "year_quarter": 20134,
            "year": 2013,
            "quarter": 4,
            "eps": 0.71,
            "eps_growth_year": -64.26,
            "eps_4q": 4.16,
            "eps_4q_growth_year": 9.58,
            "roe": 2.78,
            "roe_4q": 17.46,
            "gross_profit": 427385,
            "gross_margin": 51.07,
            "gross_margin_4q_avg": 47.31,
            "net_income": 267133,
            "net_income_4q": null,
            "revenue": 836858,
            "revenue_4q": null,
            "common_shares": 3759261,
            "book_valuer_per_share": 25.93,
            "book_valuer_per_share_4q_avg": 24.31,
            "equity": 9748334,
            "current_ratio": 160.67,
            "debt_ratio": 61.19,
            "inventory_turnover_ratio": 0.02,
            "account_receivable_turnover_ratio": 19.42,
            "reinvestment_rate": -15.56,
            "research_to_sale_ratio": null,
            "price_fair": 117.78,
            "eps_avg_yearly": 3.37,
            "eps_latest_yearly": 2.84,
            "eps_growth_yearly": 112.76
        },
        "20141": {
            "year_quarter": 20141,
            "year": 2014,
            "quarter": 1,
            "eps": 0.3,
            "eps_growth_year": -63.86,
            "eps_4q": 3.69,
            "eps_4q_growth_year": -8.14,
            "roe": 1.15,
            "roe_4q": 15.150000000000002,
            "gross_profit": 207763,
            "gross_margin": 51.88,
            "gross_margin_4q_avg": 49.76,
            "net_income": 112688,
            "net_income_4q": null,
            "revenue": 400498,
            "revenue_4q": null,
            "common_shares": 3759261,
            "book_valuer_per_share": 26.23,
            "book_valuer_per_share_4q_avg": 25.23,
            "equity": 9861022,
            "current_ratio": 158.51,
            "debt_ratio": 62,
            "inventory_turnover_ratio": 0.01,
            "account_receivable_turnover_ratio": 114.4,
            "reinvestment_rate": -15.52,
            "research_to_sale_ratio": null,
            "price_fair": 115.85,
            "eps_avg_yearly": 3.31,
            "eps_latest_yearly": 1.2,
            "eps_growth_yearly": 88.19
        },
        "20142": {
            "year_quarter": 20142,
            "year": 2014,
            "quarter": 2,
            "eps": 0.2,
            "eps_growth_year": -79.8,
            "eps_4q": 2.9,
            "eps_4q_growth_year": -33.87,
            "roe": 0.75,
            "roe_4q": 11.620000000000001,
            "gross_profit": 314357,
            "gross_margin": 51.06,
            "gross_margin_4q_avg": 50.7,
            "net_income": 74246,
            "net_income_4q": null,
            "revenue": 615623,
            "revenue_4q": null,
            "common_shares": 3759261,
            "book_valuer_per_share": 26.43,
            "book_valuer_per_share_4q_avg": 25.95,
            "equity": 9935268,
            "current_ratio": 157.09,
            "debt_ratio": 62.72,
            "inventory_turnover_ratio": 0.01,
            "account_receivable_turnover_ratio": 21.66,
            "reinvestment_rate": -14.57,
            "research_to_sale_ratio": null,
            "price_fair": 112.88,
            "eps_avg_yearly": 3.23,
            "eps_latest_yearly": 0.8,
            "eps_growth_yearly": 78.89
        },
        "20143": {
            "year_quarter": 20143,
            "year": 2014,
            "quarter": 3,
            "eps": 1.32,
            "eps_growth_year": -21.89,
            "eps_4q": 2.53,
            "eps_4q_growth_year": -53.43,
            "roe": 4.89,
            "roe_4q": 9.569999999999999,
            "gross_profit": 601653,
            "gross_margin": 43.85,
            "gross_margin_4q_avg": 49.47,
            "net_income": 497745,
            "net_income_4q": null,
            "revenue": 1372210,
            "revenue_4q": null,
            "common_shares": 3759261,
            "book_valuer_per_share": 27.75,
            "book_valuer_per_share_4q_avg": 26.59,
            "equity": 10433013,
            "current_ratio": 159.37,
            "debt_ratio": 62.35,
            "inventory_turnover_ratio": 0.03,
            "account_receivable_turnover_ratio": 7.66,
            "reinvestment_rate": -17.73,
            "research_to_sale_ratio": null,
            "price_fair": 116.64,
            "eps_avg_yearly": 3.33,
            "eps_latest_yearly": 5.28,
            "eps_growth_yearly": 202.69
        },
        "20144": {
            "year_quarter": 20144,
            "year": 2014,
            "quarter": 4,
            "eps": 0.77,
            "eps_growth_year": 8.9,
            "eps_4q": 2.6,
            "eps_4q_growth_year": -37.6,
            "roe": 2.75,
            "roe_4q": 9.540000000000001,
            "gross_profit": 441713,
            "gross_margin": 51.36,
            "gross_margin_4q_avg": 49.54,
            "net_income": 290920,
            "net_income_4q": null,
            "revenue": 859997,
            "revenue_4q": null,
            "common_shares": 3759261,
            "book_valuer_per_share": 28.52,
            "book_valuer_per_share_4q_avg": 27.23,
            "equity": 10723110,
            "current_ratio": 167.28,
            "debt_ratio": 62.63,
            "inventory_turnover_ratio": 0.02,
            "account_receivable_turnover_ratio": 5.35,
            "reinvestment_rate": -18.25,
            "research_to_sale_ratio": null,
            "price_fair": 114.8,
            "eps_avg_yearly": 3.28,
            "eps_latest_yearly": 3.08,
            "eps_growth_yearly": 189.74
        },
        "20151": {
            "year_quarter": 20151,
            "year": 2015,
            "quarter": 1,
            "eps": 0.18,
            "eps_growth_year": -40,
            "eps_4q": 2.47,
            "eps_4q_growth_year": -32.96,
            "roe": 0.62,
            "roe_4q": 9.01,
            "gross_profit": 186407,
            "gross_margin": 49.79,
            "gross_margin_4q_avg": 49.02,
            "net_income": 66923,
            "net_income_4q": null,
            "revenue": 374390,
            "revenue_4q": null,
            "common_shares": 3759261,
            "book_valuer_per_share": 28.7,
            "book_valuer_per_share_4q_avg": 27.85,
            "equity": 10790033,
            "current_ratio": 166.63,
            "debt_ratio": 62.87,
            "inventory_turnover_ratio": 0.01,
            "account_receivable_turnover_ratio": 34.65,
            "reinvestment_rate": -3.13,
            "research_to_sale_ratio": null,
            "price_fair": 110.08,
            "eps_avg_yearly": 3.15,
            "eps_latest_yearly": 0.72,
            "eps_growth_yearly": 177.22
        },
        "20152": {
            "year_quarter": 20152,
            "year": 2015,
            "quarter": 2,
            "eps": 0.03,
            "eps_growth_year": -85,
            "eps_4q": 2.26,
            "eps_4q_growth_year": -22.13,
            "roe": 0.1,
            "roe_4q": 8.36,
            "gross_profit": 189731,
            "gross_margin": 48.66,
            "gross_margin_4q_avg": 48.42,
            "net_income": 10278,
            "net_income_4q": null,
            "revenue": 389931,
            "revenue_4q": null,
            "common_shares": 3759261,
            "book_valuer_per_share": 27.93,
            "book_valuer_per_share_4q_avg": 28.23,
            "equity": 10499571,
            "current_ratio": 161.94,
            "debt_ratio": 64.44,
            "inventory_turnover_ratio": 0.01,
            "account_receivable_turnover_ratio": 15.12,
            "reinvestment_rate": -3.94,
            "research_to_sale_ratio": null,
            "price_fair": 100.63,
            "eps_avg_yearly": 2.88,
            "eps_latest_yearly": 0.12,
            "eps_growth_yearly": 142.84
        },
        "20153": {
            "year_quarter": 20153,
            "year": 2015,
            "quarter": 3,
            "eps": 0.28,
            "eps_growth_year": -78.79,
            "eps_4q": 1.24,
            "eps_4q_growth_year": -50.98,
            "roe": 1.03,
            "roe_4q": 4.5,
            "gross_profit": 206449,
            "gross_margin": 42.7,
            "gross_margin_4q_avg": 48.13,
            "net_income": 108293,
            "net_income_4q": null,
            "revenue": 483526,
            "revenue_4q": null,
            "common_shares": 3838202,
            "book_valuer_per_share": 27.66,
            "book_valuer_per_share_4q_avg": 28.2,
            "equity": 10616644,
            "current_ratio": 166,
            "debt_ratio": 64.52,
            "inventory_turnover_ratio": 0.01,
            "account_receivable_turnover_ratio": 18.47,
            "reinvestment_rate": -3.87,
            "research_to_sale_ratio": null,
            "price_fair": 101.59,
            "eps_avg_yearly": 2.9,
            "eps_latest_yearly": 1.12,
            "eps_growth_yearly": 372.35
        },
        "20154": {
            "year_quarter": 20154,
            "year": 2015,
            "quarter": 4,
            "eps": 0.13,
            "eps_growth_year": -83.84,
            "eps_4q": 0.61,
            "eps_4q_growth_year": -76.56,
            "roe": 0.45,
            "roe_4q": 2.2,
            "gross_profit": 197044,
            "gross_margin": 39.94,
            "gross_margin_4q_avg": 45.27,
            "net_income": 48014,
            "net_income_4q": null,
            "revenue": 493352,
            "revenue_4q": null,
            "common_shares": 3838202,
            "book_valuer_per_share": 27.79,
            "book_valuer_per_share_4q_avg": 28.02,
            "equity": 10666828,
            "current_ratio": 163.96,
            "debt_ratio": 65.05,
            "inventory_turnover_ratio": 0.01,
            "account_receivable_turnover_ratio": 49.63,
            "reinvestment_rate": -3.91,
            "research_to_sale_ratio": null,
            "price_fair": 98.79,
            "eps_avg_yearly": 2.82,
            "eps_latest_yearly": 0.52,
            "eps_growth_yearly": 317.78
        },
        "20161": {
            "year_quarter": 20161,
            "year": 2016,
            "quarter": 1,
            "eps": 0.12,
            "eps_growth_year": -33.33,
            "eps_4q": 0.56,
            "eps_4q_growth_year": -77.47,
            "roe": 0.44,
            "roe_4q": 2.02,
            "gross_profit": 152477,
            "gross_margin": 40.1,
            "gross_margin_4q_avg": 42.85,
            "net_income": 47279,
            "net_income_4q": null,
            "revenue": 380266,
            "revenue_4q": null,
            "common_shares": 3838202,
            "book_valuer_per_share": 27.91,
            "book_valuer_per_share_4q_avg": 27.82,
            "equity": 10714107,
            "current_ratio": 166.49,
            "debt_ratio": 64.96,
            "inventory_turnover_ratio": 0.01,
            "account_receivable_turnover_ratio": 36.93,
            "reinvestment_rate": -4.06,
            "research_to_sale_ratio": null,
            "price_fair": 94.76,
            "eps_avg_yearly": 2.71,
            "eps_latest_yearly": 0.48,
            "eps_growth_yearly": 308.63
        },
        "20162": {
            "year_quarter": 20162,
            "year": 2016,
            "quarter": 2,
            "eps": 0.09,
            "eps_growth_year": 200,
            "eps_4q": 0.44,
            "eps_4q_growth_year": -80.64,
            "roe": -0.33,
            "roe_4q": 1.59,
            "gross_profit": 123449,
            "gross_margin": 33.52,
            "gross_margin_4q_avg": 39.07,
            "net_income": -35615,
            "net_income_4q": null,
            "revenue": 368312,
            "revenue_4q": null,
            "common_shares": 3838202,
            "book_valuer_per_share": 27.83,
            "book_valuer_per_share_4q_avg": 27.8,
            "equity": 10682070,
            "current_ratio": 184.23,
            "debt_ratio": 65.32,
            "inventory_turnover_ratio": 0.01,
            "account_receivable_turnover_ratio": 30.7,
            "reinvestment_rate": -3.59,
            "research_to_sale_ratio": null,
            "price_fair": 89.86,
            "eps_avg_yearly": 2.57,
            "eps_latest_yearly": 0.36,
            "eps_growth_yearly": 299.37
        },
        "20163": {
            "year_quarter": 20163,
            "year": 2016,
            "quarter": 3,
            "eps": 0.57,
            "eps_growth_year": 103.57,
            "eps_4q": 0.72,
            "eps_4q_growth_year": -41.91,
            "roe": 2.01,
            "roe_4q": 2.57,
            "gross_profit": 349316,
            "gross_margin": 46.79,
            "gross_margin_4q_avg": 40.09,
            "net_income": 217314,
            "net_income_4q": null,
            "revenue": 746511,
            "revenue_4q": null,
            "common_shares": 3838202,
            "book_valuer_per_share": 28.4,
            "book_valuer_per_share_4q_avg": 27.98,
            "equity": 10899384,
            "current_ratio": 183.28,
            "debt_ratio": 65.49,
            "inventory_turnover_ratio": 0.01,
            "account_receivable_turnover_ratio": 71.24,
            "reinvestment_rate": -3.39,
            "research_to_sale_ratio": null,
            "price_fair": 89.25,
            "eps_avg_yearly": 2.55,
            "eps_latest_yearly": 2.28,
            "eps_growth_yearly": 433.09
        },
        "20164": {
            "year_quarter": 20164,
            "year": 2016,
            "quarter": 4,
            "eps": 0.89,
            "eps_growth_year": 613.11,
            "eps_4q": 1.49,
            "eps_4q_growth_year": 144.64,
            "roe": 3.09,
            "roe_4q": 5.21,
            "gross_profit": 551053,
            "gross_margin": 48.95,
            "gross_margin_4q_avg": 42.34,
            "net_income": 342556,
            "net_income_4q": null,
            "revenue": 1125752,
            "revenue_4q": null,
            "common_shares": 3840047,
            "book_valuer_per_share": 29.27,
            "book_valuer_per_share_4q_avg": 28.35,
            "equity": 11240380,
            "current_ratio": 181.92,
            "debt_ratio": 64.65,
            "inventory_turnover_ratio": 0.02,
            "account_receivable_turnover_ratio": 94.99,
            "reinvestment_rate": -9.33,
            "research_to_sale_ratio": null,
            "price_fair": 79.63,
            "eps_avg_yearly": 2.28,
            "eps_latest_yearly": 3.56,
            "eps_growth_yearly": 394.39
        },
        "20171": {
            "year_quarter": 20171,
            "year": 2017,
            "quarter": 1,
            "eps": 0.16,
            "eps_growth_year": 33.33,
            "eps_4q": 1.53,
            "eps_4q_growth_year": 173.77,
            "roe": 0.55,
            "roe_4q": 5.319999999999999,
            "gross_profit": 188170,
            "gross_margin": 42.84,
            "gross_margin_4q_avg": 43.03,
            "net_income": 61524,
            "net_income_4q": null,
            "revenue": 439261,
            "revenue_4q": null,
            "common_shares": 3840047,
            "book_valuer_per_share": 29.43,
            "book_valuer_per_share_4q_avg": 28.73,
            "equity": 11301904,
            "current_ratio": 178.07,
            "debt_ratio": 65.7,
            "inventory_turnover_ratio": 0.01,
            "account_receivable_turnover_ratio": 10.53,
            "reinvestment_rate": 26.88,
            "research_to_sale_ratio": null,
            "price_fair": 73.76,
            "eps_avg_yearly": 2.11,
            "eps_latest_yearly": 0.64,
            "eps_growth_yearly": 388.45
        },
        "20172": {
            "year_quarter": 20172,
            "year": 2017,
            "quarter": 2,
            "eps": 0.22,
            "eps_growth_year": 144.44,
            "eps_4q": 1.83,
            "eps_4q_growth_year": 319.58,
            "roe": 0.74,
            "roe_4q": 6.39,
            "gross_profit": 323805,
            "gross_margin": 31.91,
            "gross_margin_4q_avg": 42.62,
            "net_income": 84239,
            "net_income_4q": null,
            "revenue": 1014901,
            "revenue_4q": null,
            "common_shares": 3840047,
            "book_valuer_per_share": 29.67,
            "book_valuer_per_share_4q_avg": 29.19,
            "equity": 11392582,
            "current_ratio": 177,
            "debt_ratio": 65.65,
            "inventory_turnover_ratio": 0.02,
            "account_receivable_turnover_ratio": 20.23,
            "reinvestment_rate": 35.51,
            "research_to_sale_ratio": null,
            "price_fair": 67.03,
            "eps_avg_yearly": 1.92,
            "eps_latest_yearly": 0.88,
            "eps_growth_yearly": 393.01
        },
        "20173": {
            "year_quarter": 20173,
            "year": 2017,
            "quarter": 3,
            "eps": 0.77,
            "eps_growth_year": 35.09,
            "eps_4q": 2.04,
            "eps_4q_growth_year": 183.23,
            "roe": 2.57,
            "roe_4q": 6.949999999999999,
            "gross_profit": 464018,
            "gross_margin": 31.81,
            "gross_margin_4q_avg": 38.88,
            "net_income": 296385,
            "net_income_4q": null,
            "revenue": 1458558,
            "revenue_4q": null,
            "common_shares": 3842707,
            "book_valuer_per_share": 30.42,
            "book_valuer_per_share_4q_avg": 29.7,
            "equity": 11688966,
            "current_ratio": 185.71,
            "debt_ratio": 64.65,
            "inventory_turnover_ratio": 0.03,
            "account_receivable_turnover_ratio": 45.83,
            "reinvestment_rate": 37.33,
            "research_to_sale_ratio": null,
            "price_fair": 58.98,
            "eps_avg_yearly": 1.69,
            "eps_latest_yearly": 3.08,
            "eps_growth_yearly": 437.83
        },
        "20174": {
            "year_quarter": 20174,
            "year": 2017,
            "quarter": 4,
            "eps": 0.87,
            "eps_growth_year": -2.9,
            "eps_4q": 2.02,
            "eps_4q_growth_year": 35.5,
            "roe": 2.81,
            "roe_4q": 6.67,
            "gross_profit": 596632,
            "gross_margin": 46.9,
            "gross_margin_4q_avg": 38.37,
            "net_income": 332846,
            "net_income_4q": null,
            "revenue": 1272216,
            "revenue_4q": null,
            "common_shares": 3842707,
            "book_valuer_per_share": 31.29,
            "book_valuer_per_share_4q_avg": 30.2,
            "equity": 12023668,
            "current_ratio": 198.61,
            "debt_ratio": 63.2,
            "inventory_turnover_ratio": 0.02,
            "account_receivable_turnover_ratio": 58.69,
            "reinvestment_rate": 35.09,
            "research_to_sale_ratio": null,
            "price_fair": 60.38,
            "eps_avg_yearly": 1.73,
            "eps_latest_yearly": 3.48,
            "eps_growth_yearly": 455.58
        },
        "20181": {
            "year_quarter": 20181,
            "year": 2018,
            "quarter": 1,
            "eps": 0.55,
            "eps_growth_year": 243.75,
            "eps_4q": 2.41,
            "eps_4q_growth_year": 57.94,
            "roe": 1.75,
            "roe_4q": 7.870000000000001,
            "gross_profit": 392318,
            "gross_margin": 36.34,
            "gross_margin_4q_avg": 36.74,
            "net_income": 212347,
            "net_income_4q": null,
            "revenue": 1079669,
            "revenue_4q": null,
            "common_shares": 3842707,
            "book_valuer_per_share": 31.84,
            "book_valuer_per_share_4q_avg": 30.81,
            "equity": 12236015,
            "current_ratio": 200.09,
            "debt_ratio": 62.23,
            "inventory_turnover_ratio": 0.02,
            "account_receivable_turnover_ratio": 21.32,
            "reinvestment_rate": 32.31,
            "research_to_sale_ratio": null,
            "price_fair": 62.56,
            "eps_avg_yearly": 1.79,
            "eps_latest_yearly": 2.2,
            "eps_growth_yearly": 460.82
        },
        "20182": {
            "year_quarter": 20182,
            "year": 2018,
            "quarter": 2,
            "eps": 0.04,
            "eps_growth_year": -81.82,
            "eps_4q": 2.22,
            "eps_4q_growth_year": 20.88,
            "roe": 0.11,
            "roe_4q": 7.24,
            "gross_profit": 175412,
            "gross_margin": 27.43,
            "gross_margin_4q_avg": 35.62,
            "net_income": 12497,
            "net_income_4q": null,
            "revenue": 639591,
            "revenue_4q": null,
            "common_shares": 3842707,
            "book_valuer_per_share": 29.9,
            "book_valuer_per_share_4q_avg": 30.86,
            "equity": 11488672,
            "current_ratio": 191.27,
            "debt_ratio": 64.73,
            "inventory_turnover_ratio": 0.02,
            "account_receivable_turnover_ratio": 10.95,
            "reinvestment_rate": 30.15,
            "research_to_sale_ratio": null,
            "price_fair": 61.16,
            "eps_avg_yearly": 1.75,
            "eps_latest_yearly": 0.16,
            "eps_growth_yearly": 445.97
        },
        "20183": {
            "year_quarter": 20183,
            "year": 2018,
            "quarter": 3,
            "eps": 0.61,
            "eps_growth_year": -20.78,
            "eps_4q": 2.06,
            "eps_4q_growth_year": 0.66,
            "roe": 2.01,
            "roe_4q": 6.68,
            "gross_profit": 368539,
            "gross_margin": 37.4,
            "gross_margin_4q_avg": 37.02,
            "net_income": 233003,
            "net_income_4q": null,
            "revenue": 985271,
            "revenue_4q": null,
            "common_shares": 3846549,
            "book_valuer_per_share": 30.47,
            "book_valuer_per_share_4q_avg": 30.88,
            "equity": 11721675,
            "current_ratio": 207.08,
            "debt_ratio": 64.33,
            "inventory_turnover_ratio": 0.02,
            "account_receivable_turnover_ratio": 48.76,
            "reinvestment_rate": 40.76,
            "research_to_sale_ratio": null,
            "price_fair": 54.95,
            "eps_avg_yearly": 1.57,
            "eps_latest_yearly": 2.44,
            "eps_growth_yearly": 662.22
        },
        "20184": {
            "year_quarter": 20184,
            "year": 2018,
            "quarter": 4,
            "eps": 0.1,
            "eps_growth_year": -88.17,
            "eps_4q": 1.29,
            "eps_4q_growth_year": -35.9,
            "roe": 0.34,
            "roe_4q": 4.209999999999999,
            "gross_profit": 243178,
            "gross_margin": 40.99,
            "gross_margin_4q_avg": 35.54,
            "net_income": 39400,
            "net_income_4q": null,
            "revenue": 593330,
            "revenue_4q": null,
            "common_shares": 3846549,
            "book_valuer_per_share": 30.58,
            "book_valuer_per_share_4q_avg": 30.7,
            "equity": 11761490,
            "current_ratio": 208.67,
            "debt_ratio": 64.69,
            "inventory_turnover_ratio": 0.01,
            "account_receivable_turnover_ratio": 76.49,
            "reinvestment_rate": 44.61,
            "research_to_sale_ratio": null,
            "price_fair": 49.09,
            "eps_avg_yearly": 1.4,
            "eps_latest_yearly": 0.4,
            "eps_growth_yearly": 651.73
        },
        "20191": {
            "year_quarter": 20191,
            "year": 2019,
            "quarter": 1,
            "eps": 1.23,
            "eps_growth_year": 123.64,
            "eps_4q": 1.97,
            "eps_4q_growth_year": -18.33,
            "roe": 3.93,
            "roe_4q": 6.390000000000001,
            "gross_profit": 644817,
            "gross_margin": 59.83,
            "gross_margin_4q_avg": 41.41,
            "net_income": 471954,
            "net_income_4q": null,
            "revenue": 1077705,
            "revenue_4q": null,
            "common_shares": 3846549,
            "book_valuer_per_share": 31.8,
            "book_valuer_per_share_4q_avg": 30.69,
            "equity": 12233444,
            "current_ratio": 231.68,
            "debt_ratio": 64.15,
            "inventory_turnover_ratio": 0.01,
            "account_receivable_turnover_ratio": 25.89,
            "reinvestment_rate": 36.72,
            "research_to_sale_ratio": null,
            "price_fair": 58.28,
            "eps_avg_yearly": 1.67,
            "eps_latest_yearly": 4.92,
            "eps_growth_yearly": 953.39
        },
        "20192": {
            "year_quarter": 20192,
            "year": 2019,
            "quarter": 2,
            "eps": 0.86,
            "eps_growth_year": 2050,
            "eps_4q": 2.79,
            "eps_4q_growth_year": 25.89,
            "roe": 2.67,
            "roe_4q": 8.95,
            "gross_profit": 597042,
            "gross_margin": 44.35,
            "gross_margin_4q_avg": 45.64,
            "net_income": 331030,
            "net_income_4q": null,
            "revenue": 1346105,
            "revenue_4q": null,
            "common_shares": 3846549,
            "book_valuer_per_share": 32.68,
            "book_valuer_per_share_4q_avg": 31.38,
            "equity": 12569930,
            "current_ratio": 193.92,
            "debt_ratio": 63.31,
            "inventory_turnover_ratio": 0.02,
            "account_receivable_turnover_ratio": 13.16,
            "reinvestment_rate": 31.8,
            "research_to_sale_ratio": null,
            "price_fair": 65.54,
            "eps_avg_yearly": 1.87,
            "eps_latest_yearly": 3.44,
            "eps_growth_yearly": 966.7
        },
        "20193": {
            "year_quarter": 20193,
            "year": 2019,
            "quarter": 3,
            "eps": 0.99,
            "eps_growth_year": 62.3,
            "eps_4q": 3.18,
            "eps_4q_growth_year": 54.68,
            "roe": 2.99,
            "roe_4q": 9.93,
            "gross_profit": 570769,
            "gross_margin": 40.26,
            "gross_margin_4q_avg": 46.36,
            "net_income": 381304,
            "net_income_4q": null,
            "revenue": 1417675,
            "revenue_4q": null,
            "common_shares": 3848464,
            "book_valuer_per_share": 33.65,
            "book_valuer_per_share_4q_avg": 32.18,
            "equity": 12951234,
            "current_ratio": 219.69,
            "debt_ratio": 64.31,
            "inventory_turnover_ratio": 0.03,
            "account_receivable_turnover_ratio": 10.19,
            "reinvestment_rate": 28.6,
            "research_to_sale_ratio": null,
            "price_fair": 71.75,
            "eps_avg_yearly": 2.05,
            "eps_latest_yearly": 3.96,
            "eps_growth_yearly": 762.15
        },
        "20194": {
            "year_quarter": 20194,
            "year": 2019,
            "quarter": 4,
            "eps": 1.23,
            "eps_growth_year": 1098.09,
            "eps_4q": 4.3,
            "eps_4q_growth_year": 232.98,
            "roe": 3.58,
            "roe_4q": 13.17,
            "gross_profit": 778748,
            "gross_margin": 36.24,
            "gross_margin_4q_avg": 45.17,
            "net_income": 472282,
            "net_income_4q": null,
            "revenue": 2148714,
            "revenue_4q": null,
            "common_shares": 3848464,
            "book_valuer_per_share": 34.88,
            "book_valuer_per_share_4q_avg": 33.25,
            "equity": 13422786,
            "current_ratio": 228.55,
            "debt_ratio": 62.78,
            "inventory_turnover_ratio": 0.04,
            "account_receivable_turnover_ratio": 16.53,
            "reinvestment_rate": 25.04,
            "research_to_sale_ratio": null,
            "price_fair": 81.38,
            "eps_avg_yearly": 2.33,
            "eps_latest_yearly": 4.92,
            "eps_growth_yearly": 781.6
        },
        "20201": {
            "year_quarter": 20201,
            "year": 2020,
            "quarter": 1,
            "eps": 1.08,
            "eps_growth_year": -12.2,
            "eps_4q": 4.22,
            "eps_4q_growth_year": 114.28,
            "roe": 3.05,
            "roe_4q": 12.290000000000001,
            "gross_profit": 666935,
            "gross_margin": 38.78,
            "gross_margin_4q_avg": 39.91,
            "net_income": 413363,
            "net_income_4q": null,
            "revenue": 1719819,
            "revenue_4q": null,
            "common_shares": 3848464,
            "book_valuer_per_share": 36.19,
            "book_valuer_per_share_4q_avg": 34.35,
            "equity": 13715200,
            "current_ratio": 260.78,
            "debt_ratio": 60.81,
            "inventory_turnover_ratio": 0.03,
            "account_receivable_turnover_ratio": 18.53,
            "reinvestment_rate": 22.41,
            "research_to_sale_ratio": null,
            "price_fair": 89.78,
            "eps_avg_yearly": 2.57,
            "eps_latest_yearly": 4.32,
            "eps_growth_yearly": 780.48
        },
        "20202": {
            "year_quarter": 20202,
            "year": 2020,
            "quarter": 2,
            "eps": 0.76,
            "eps_growth_year": -11.63,
            "eps_4q": 4.13,
            "eps_4q_growth_year": 48.06,
            "roe": 2.07,
            "roe_4q": 11.69,
            "gross_profit": 719463,
            "gross_margin": 32.64,
            "gross_margin_4q_avg": 36.98,
            "net_income": 285185,
            "net_income_4q": null,
            "revenue": 2204010,
            "revenue_4q": null,
            "common_shares": 3748464,
            "book_valuer_per_share": 37.01,
            "book_valuer_per_share_4q_avg": 35.43,
            "equity": 13787060,
            "current_ratio": 261.65,
            "debt_ratio": 58.91,
            "inventory_turnover_ratio": 0.05,
            "account_receivable_turnover_ratio": 19.68,
            "reinvestment_rate": 20.21,
            "research_to_sale_ratio": null,
            "price_fair": 95.64,
            "eps_avg_yearly": 2.73,
            "eps_latest_yearly": 3.04,
            "eps_growth_yearly": 779.32
        },
        "20203": {
            "year_quarter": 20203,
            "year": 2020,
            "quarter": 3,
            "eps": 1.45,
            "eps_growth_year": 46.46,
            "eps_4q": 4.61,
            "eps_4q_growth_year": 44.83,
            "roe": 3.85,
            "roe_4q": 12.549999999999999,
            "gross_profit": 788226,
            "gross_margin": 32.12,
            "gross_margin_4q_avg": 34.95,
            "net_income": 538606,
            "net_income_4q": null,
            "revenue": 2453950,
            "revenue_4q": null,
            "common_shares": 3711931,
            "book_valuer_per_share": 38.29,
            "book_valuer_per_share_4q_avg": 36.59,
            "equity": 14214693,
            "current_ratio": 293,
            "debt_ratio": 55.59,
            "inventory_turnover_ratio": 0.05,
            "account_receivable_turnover_ratio": 20.54,
            "reinvestment_rate": 18.31,
            "research_to_sale_ratio": null,
            "price_fair": 103.34,
            "eps_avg_yearly": 2.95,
            "eps_latest_yearly": 5.8,
            "eps_growth_yearly": 668.68
        },
        "20204": {
            "year_quarter": 20204,
            "year": 2020,
            "quarter": 4,
            "eps": 1.21,
            "eps_growth_year": -1.71,
            "eps_4q": 4.54,
            "eps_4q_growth_year": 5.45,
            "roe": 3.1,
            "roe_4q": 12.07,
            "gross_profit": 809101,
            "gross_margin": 35.33,
            "gross_margin_4q_avg": 34.72,
            "net_income": 447738,
            "net_income_4q": null,
            "revenue": 2290070,
            "revenue_4q": null,
            "common_shares": 3711931,
            "book_valuer_per_share": 39.5,
            "book_valuer_per_share_4q_avg": 37.75,
            "equity": 14662215,
            "current_ratio": 291.53,
            "debt_ratio": 54.72,
            "inventory_turnover_ratio": 0.05,
            "account_receivable_turnover_ratio": 19.55,
            "reinvestment_rate": 1.93,
            "research_to_sale_ratio": null,
            "price_fair": 106.14,
            "eps_avg_yearly": 3.03,
            "eps_latest_yearly": 4.84,
            "eps_growth_yearly": 650.51
        },
        "20211": {
            "year_quarter": 20211,
            "year": 2021,
            "quarter": 1,
            "eps": 1.01,
            "eps_growth_year": -6.48,
            "eps_4q": 4.44,
            "eps_4q_growth_year": 5.19,
            "roe": 2.52,
            "roe_4q": 11.540000000000001,
            "gross_profit": 583860,
            "gross_margin": 40.73,
            "gross_margin_4q_avg": 35.21,
            "net_income": 374799,
            "net_income_4q": null,
            "revenue": 1433628,
            "revenue_4q": null,
            "common_shares": 3711931,
            "book_valuer_per_share": 40.51,
            "book_valuer_per_share_4q_avg": 38.83,
            "equity": 15037014,
            "current_ratio": 305.43,
            "debt_ratio": 53.06,
            "inventory_turnover_ratio": 0.03,
            "account_receivable_turnover_ratio": 9.58,
            "reinvestment_rate": -0.77,
            "research_to_sale_ratio": null,
            "price_fair": 113.58,
            "eps_avg_yearly": 3.25,
            "eps_latest_yearly": 4.04,
            "eps_growth_yearly": 666.88
        },
        "20212": {
            "year_quarter": 20212,
            "year": 2021,
            "quarter": 2,
            "eps": 1.19,
            "eps_growth_year": 56.58,
            "eps_4q": 4.83,
            "eps_4q_growth_year": 16.78,
            "roe": 2.88,
            "roe_4q": 12.35,
            "gross_profit": 774922,
            "gross_margin": 37.35,
            "gross_margin_4q_avg": 36.38,
            "net_income": 440157,
            "net_income_4q": null,
            "revenue": 2074655,
            "revenue_4q": null,
            "common_shares": 3711931,
            "book_valuer_per_share": 41.75,
            "book_valuer_per_share_4q_avg": 40.01,
            "equity": 15496695,
            "current_ratio": 264.3,
            "debt_ratio": 56.09,
            "inventory_turnover_ratio": 0.04,
            "account_receivable_turnover_ratio": 15.06,
            "reinvestment_rate": -4.5,
            "research_to_sale_ratio": null,
            "price_fair": 122.06,
            "eps_avg_yearly": 3.49,
            "eps_latest_yearly": 4.76,
            "eps_growth_yearly": 661.96
        },
        "20213": {
            "year_quarter": 20213,
            "year": 2021,
            "quarter": 3,
            "eps": 0.75,
            "eps_growth_year": -48.28,
            "eps_4q": 4.15,
            "eps_4q_growth_year": -9.98,
            "roe": 1.78,
            "roe_4q": 10.28,
            "gross_profit": 414005,
            "gross_margin": 41.31,
            "gross_margin_4q_avg": 38.68,
            "net_income": 278558,
            "net_income_4q": null,
            "revenue": 1002168,
            "revenue_4q": null,
            "common_shares": 3717590,
            "book_valuer_per_share": 42.43,
            "book_valuer_per_share_4q_avg": 41.05,
            "equity": 15775253,
            "current_ratio": 276.9,
            "debt_ratio": 54.66,
            "inventory_turnover_ratio": 0.02,
            "account_receivable_turnover_ratio": 11.25,
            "reinvestment_rate": -4.73,
            "research_to_sale_ratio": null,
            "price_fair": 121.89,
            "eps_avg_yearly": 3.48,
            "eps_latest_yearly": 3,
            "eps_growth_yearly": 590.22
        },
        "20214": {
            "year_quarter": 20214,
            "year": 2021,
            "quarter": 4,
            "eps": 1.6,
            "eps_growth_year": 32.44,
            "eps_4q": 4.54,
            "eps_4q_growth_year": -0,
            "roe": 3.7,
            "roe_4q": 10.879999999999999,
            "gross_profit": 913819,
            "gross_margin": 42.57,
            "gross_margin_4q_avg": 40.49,
            "net_income": 593895,
            "net_income_4q": null,
            "revenue": 2146793,
            "revenue_4q": null,
            "common_shares": 3717590,
            "book_valuer_per_share": 44.02,
            "book_valuer_per_share_4q_avg": 42.18,
            "equity": 16365846,
            "current_ratio": 355.2,
            "debt_ratio": 52.57,
            "inventory_turnover_ratio": 0.04,
            "account_receivable_turnover_ratio": 19.13,
            "reinvestment_rate": -4.56,
            "research_to_sale_ratio": null,
            "price_fair": 128.28,
            "eps_avg_yearly": 3.67,
            "eps_latest_yearly": 6.4,
            "eps_growth_yearly": 615.31
        },
        "20221": {
            "year_quarter": 20221,
            "year": 2022,
            "quarter": 1,
            "eps": 0.64,
            "eps_growth_year": -36.63,
            "eps_4q": 4.17,
            "eps_4q_growth_year": -5.93,
            "roe": 1.45,
            "roe_4q": 9.81,
            "gross_profit": 463194,
            "gross_margin": 47.01,
            "gross_margin_4q_avg": 42.06,
            "net_income": 238388,
            "net_income_4q": null,
            "revenue": 985265,
            "revenue_4q": null,
            "common_shares": 3717590,
            "book_valuer_per_share": 44.66,
            "book_valuer_per_share_4q_avg": 43.22,
            "equity": 16604234,
            "current_ratio": 331.82,
            "debt_ratio": 51.61,
            "inventory_turnover_ratio": 0.02,
            "account_receivable_turnover_ratio": 9.93,
            "reinvestment_rate": -4.53,
            "research_to_sale_ratio": null,
            "price_fair": 129.06,
            "eps_avg_yearly": 3.69,
            "eps_latest_yearly": 2.56,
            "eps_growth_yearly": 609.5
        },
        "20222": {
            "year_quarter": 20222,
            "year": 2022,
            "quarter": 2,
            "eps": 0.32,
            "eps_growth_year": -73.11,
            "eps_4q": 3.29,
            "eps_4q_growth_year": -31.75,
            "roe": 0.72,
            "roe_4q": 7.65,
            "gross_profit": 422801,
            "gross_margin": 51.96,
            "gross_margin_4q_avg": 45.71,
            "net_income": 120394,
            "net_income_4q": null,
            "revenue": 813637,
            "revenue_4q": null,
            "common_shares": 3717590,
            "book_valuer_per_share": 45.04,
            "book_valuer_per_share_4q_avg": 44.04,
            "equity": 16744090,
            "current_ratio": 334.35,
            "debt_ratio": 51.78,
            "inventory_turnover_ratio": 0.01,
            "account_receivable_turnover_ratio": 27.47,
            "reinvestment_rate": -4.4,
            "research_to_sale_ratio": null,
            "price_fair": 131.51,
            "eps_avg_yearly": 3.76,
            "eps_latest_yearly": 1.28,
            "eps_growth_yearly": 620.18
        },
        "20223": {
            "year_quarter": 20223,
            "year": 2022,
            "quarter": 3,
            "eps": 0.21,
            "eps_growth_year": -72,
            "eps_4q": 2.8,
            "eps_4q_growth_year": -32.53,
            "roe": 0.48,
            "roe_4q": 6.35,
            "gross_profit": 234107,
            "gross_margin": 48.89,
            "gross_margin_4q_avg": 47.61,
            "net_income": 79606,
            "net_income_4q": null,
            "revenue": 478874,
            "revenue_4q": null,
            "common_shares": 3723004,
            "book_valuer_per_share": 45.66,
            "book_valuer_per_share_4q_avg": 44.85,
            "equity": 16703479,
            "current_ratio": 350.13,
            "debt_ratio": 50.9,
            "inventory_turnover_ratio": 0.01,
            "account_receivable_turnover_ratio": 14.71,
            "reinvestment_rate": -4.52,
            "research_to_sale_ratio": null,
            "price_fair": 128.01,
            "eps_avg_yearly": 3.66,
            "eps_latest_yearly": 0.84,
            "eps_growth_yearly": 255.34
        },
        "20224": {
            "year_quarter": 20224,
            "year": 2022,
            "quarter": 4,
            "eps": 1.55,
            "eps_growth_year": -3.1,
            "eps_4q": 2.74,
            "eps_4q_growth_year": -39.73,
            "roe": 3.36,
            "roe_4q": 6.01,
            "gross_profit": 834832,
            "gross_margin": 75.46,
            "gross_margin_4q_avg": 55.83,
            "net_income": 571286,
            "net_income_4q": null,
            "revenue": 1106354,
            "revenue_4q": null,
            "common_shares": 3690564,
            "book_valuer_per_share": 46.81,
            "book_valuer_per_share_4q_avg": 45.54,
            "equity": 17275026,
            "current_ratio": 330.97,
            "debt_ratio": 50.73,
            "inventory_turnover_ratio": 0.01,
            "account_receivable_turnover_ratio": 38,
            "reinvestment_rate": -3.89,
            "research_to_sale_ratio": null,
            "price_fair": 140.7,
            "eps_avg_yearly": 4.02,
            "eps_latest_yearly": 6.2,
            "eps_growth_yearly": 435.77
        },
        "20231": {
            "year_quarter": 20231,
            "year": 2023,
            "quarter": 1,
            "eps": 0.17,
            "eps_growth_year": -73.44,
            "eps_4q": 2.26,
            "eps_4q_growth_year": -45.94,
            "roe": 0.35,
            "roe_4q": 4.909999999999999,
            "gross_profit": 207238,
            "gross_margin": 53.42,
            "gross_margin_4q_avg": 57.43,
            "net_income": 61049,
            "net_income_4q": null,
            "revenue": 387950,
            "revenue_4q": null,
            "common_shares": 3690564,
            "book_valuer_per_share": 46.97,
            "book_valuer_per_share_4q_avg": 46.12,
            "equity": 17336075,
            "current_ratio": 330.78,
            "debt_ratio": 51.08,
            "inventory_turnover_ratio": 0.01,
            "account_receivable_turnover_ratio": 11.44,
            "reinvestment_rate": -4.18,
            "research_to_sale_ratio": null,
            "price_fair": 131.43,
            "eps_avg_yearly": 3.76,
            "eps_latest_yearly": 0.68,
            "eps_growth_yearly": 131.01
        },
        "20232": {
            "year_quarter": 20232,
            "year": 2023,
            "quarter": 2,
            "eps": -0.03,
            "eps_growth_year": -109.38,
            "eps_4q": 1.89,
            "eps_4q_growth_year": -42.67,
            "roe": -0.07,
            "roe_4q": 4.119999999999999,
            "gross_profit": 227039,
            "gross_margin": 47.34,
            "gross_margin_4q_avg": 56.28,
            "net_income": -12681,
            "net_income_4q": null,
            "revenue": 479633,
            "revenue_4q": null,
            "common_shares": 3690564,
            "book_valuer_per_share": 46.97,
            "book_valuer_per_share_4q_avg": 46.6,
            "equity": 17335108,
            "current_ratio": 362.78,
            "debt_ratio": 51.45,
            "inventory_turnover_ratio": 0.01,
            "account_receivable_turnover_ratio": 7.63,
            "reinvestment_rate": -4.47,
            "research_to_sale_ratio": null,
            "price_fair": 132.16,
            "eps_avg_yearly": 3.78,
            "eps_latest_yearly": 0.68,
            "eps_growth_yearly": 147.76
        },
        "20233": {
            "year_quarter": 20233,
            "year": 2023,
            "quarter": 3,
            "eps": 0.56,
            "eps_growth_year": 166.67,
            "eps_4q": 2.23,
            "eps_4q_growth_year": -20.17,
            "roe": 1.18,
            "roe_4q": 4.82,
            "gross_profit": 418715,
            "gross_margin": 46.55,
            "gross_margin_4q_avg": 55.69,
            "net_income": 205277,
            "net_income_4q": null,
            "revenue": 899524,
            "revenue_4q": null,
            "common_shares": 3694196,
            "book_valuer_per_share": 47.48,
            "book_valuer_per_share_4q_avg": 47.06,
            "equity": 17540385,
            "current_ratio": 372.26,
            "debt_ratio": 51.69,
            "inventory_turnover_ratio": 0.01,
            "account_receivable_turnover_ratio": 13.64,
            "reinvestment_rate": -4.45,
            "research_to_sale_ratio": null,
            "price_fair": 131.7,
            "eps_avg_yearly": 3.76,
            "eps_latest_yearly": 0.68,
            "eps_growth_yearly": 154
        }
    },
    "months": {
        "2001-06": {
            "month": "2001-06",
            "price": "5.63",
            "revenue": 142229
        },
        "2001-07": {
            "month": "2001-07",
            "price": "5.06",
            "revenue": 135218
        },
        "2001-08": {
            "month": "2001-08",
            "price": "5.24",
            "revenue": 114980
        },
        "2001-09": {
            "month": "2001-09",
            "price": "4.87",
            "revenue": 67720
        },
        "2001-10": {
            "month": "2001-10",
            "price": "3.99",
            "revenue": 130479
        },
        "2001-11": {
            "month": "2001-11",
            "price": "3.86",
            "revenue": 118707
        },
        "2001-12": {
            "month": "2001-12",
            "price": "4.74",
            "revenue": 166097
        },
        "2002-01": {
            "month": "2002-01",
            "price": "5.66",
            "revenue": 165206
        },
        "2002-02": {
            "month": "2002-02",
            "price": "5.38",
            "revenue": 117993
        },
        "2002-03": {
            "month": "2002-03",
            "price": "5.84",
            "revenue": 276867
        },
        "2002-04": {
            "month": "2002-04",
            "price": "7.53",
            "revenue": 374262
        },
        "2002-05": {
            "month": "2002-05",
            "price": "7.35",
            "revenue": 321695
        },
        "2002-06": {
            "month": "2002-06",
            "price": "6.61",
            "revenue": 187057
        },
        "2002-07": {
            "month": "2002-07",
            "price": "6.68",
            "revenue": 142557
        },
        "2002-08": {
            "month": "2002-08",
            "price": "6.72",
            "revenue": 158534
        },
        "2002-09": {
            "month": "2002-09",
            "price": "6.40",
            "revenue": 97864
        },
        "2002-10": {
            "month": "2002-10",
            "price": "5.65",
            "revenue": 120102
        },
        "2002-11": {
            "month": "2002-11",
            "price": "5.55",
            "revenue": 121338
        },
        "2002-12": {
            "month": "2002-12",
            "price": "5.96",
            "revenue": 225507
        },
        "2003-01": {
            "month": "2003-01",
            "price": "6.42",
            "revenue": 86172
        },
        "2003-02": {
            "month": "2003-02",
            "price": "6.09",
            "revenue": 63634
        },
        "2003-03": {
            "month": "2003-03",
            "price": "6.22",
            "revenue": 66437
        },
        "2003-04": {
            "month": "2003-04",
            "price": "6.49",
            "revenue": 63492
        },
        "2003-05": {
            "month": "2003-05",
            "price": "6.27",
            "revenue": 52239
        },
        "2003-06": {
            "month": "2003-06",
            "price": "6.31",
            "revenue": 95855
        },
        "2003-07": {
            "month": "2003-07",
            "price": "7.37",
            "revenue": 98429
        },
        "2003-08": {
            "month": "2003-08",
            "price": "8.81",
            "revenue": 78947
        },
        "2003-09": {
            "month": "2003-09",
            "price": "12.88",
            "revenue": 169468
        },
        "2003-10": {
            "month": "2003-10",
            "price": "18.05",
            "revenue": 244118
        },
        "2003-11": {
            "month": "2003-11",
            "price": "28.70",
            "revenue": 220950
        },
        "2003-12": {
            "month": "2003-12",
            "price": "35.75",
            "revenue": 492239
        },
        "2004-01": {
            "month": "2004-01",
            "price": "51.65",
            "revenue": 156089
        },
        "2004-02": {
            "month": "2004-02",
            "price": "57.72",
            "revenue": 408859
        },
        "2004-03": {
            "month": "2004-03",
            "price": "63.33",
            "revenue": 522958
        },
        "2004-04": {
            "month": "2004-04",
            "price": "61.27",
            "revenue": 387277
        },
        "2004-05": {
            "month": "2004-05",
            "price": "53.57",
            "revenue": 300704
        },
        "2004-06": {
            "month": "2004-06",
            "price": "55.93",
            "revenue": 427380
        },
        "2004-07": {
            "month": "2004-07",
            "price": "49.00",
            "revenue": 179308
        },
        "2004-08": {
            "month": "2004-08",
            "price": "40.64",
            "revenue": 205070
        },
        "2004-09": {
            "month": "2004-09",
            "price": "51.93",
            "revenue": 131714
        },
        "2004-10": {
            "month": "2004-10",
            "price": "54.02",
            "revenue": 342194
        },
        "2004-11": {
            "month": "2004-11",
            "price": "54.34",
            "revenue": 752984
        },
        "2004-12": {
            "month": "2004-12",
            "price": "62.96",
            "revenue": 507984
        },
        "2005-01": {
            "month": "2005-01",
            "price": "56.79",
            "revenue": 182243
        },
        "2005-02": {
            "month": "2005-02",
            "price": "59.23",
            "revenue": 291068
        },
        "2005-03": {
            "month": "2005-03",
            "price": "58.32",
            "revenue": 309246
        },
        "2005-04": {
            "month": "2005-04",
            "price": "52.90",
            "revenue": 259786
        },
        "2005-05": {
            "month": "2005-05",
            "price": "51.34",
            "revenue": 328111
        },
        "2005-06": {
            "month": "2005-06",
            "price": "51.40",
            "revenue": 340810
        },
        "2005-07": {
            "month": "2005-07",
            "price": "49.66",
            "revenue": 309749
        },
        "2005-08": {
            "month": "2005-08",
            "price": "34.16",
            "revenue": 206110
        },
        "2005-09": {
            "month": "2005-09",
            "price": "31.05",
            "revenue": 225286
        },
        "2005-10": {
            "month": "2005-10",
            "price": "27.00",
            "revenue": 203082
        },
        "2005-11": {
            "month": "2005-11",
            "price": "24.54",
            "revenue": 366190
        },
        "2005-12": {
            "month": "2005-12",
            "price": "32.19",
            "revenue": 319164
        },
        "2006-01": {
            "month": "2006-01",
            "price": "36.65",
            "revenue": 178114
        },
        "2006-02": {
            "month": "2006-02",
            "price": "36.50",
            "revenue": 147276
        },
        "2006-03": {
            "month": "2006-03",
            "price": "33.46",
            "revenue": 385074
        },
        "2006-04": {
            "month": "2006-04",
            "price": "35.04",
            "revenue": 111694
        },
        "2006-05": {
            "month": "2006-05",
            "price": "36.90",
            "revenue": 309892
        },
        "2006-06": {
            "month": "2006-06",
            "price": "33.38",
            "revenue": 379305
        },
        "2006-07": {
            "month": "2006-07",
            "price": "36.53",
            "revenue": 107235
        },
        "2006-08": {
            "month": "2006-08",
            "price": "32.35",
            "revenue": 201761
        },
        "2006-09": {
            "month": "2006-09",
            "price": "31.55",
            "revenue": 357708
        },
        "2006-10": {
            "month": "2006-10",
            "price": "32.90",
            "revenue": 195135
        },
        "2006-11": {
            "month": "2006-11",
            "price": "35.21",
            "revenue": 145947
        },
        "2006-12": {
            "month": "2006-12",
            "price": "33.94",
            "revenue": 278516
        },
        "2007-01": {
            "month": "2007-01",
            "price": "33.47",
            "revenue": 234321
        },
        "2007-02": {
            "month": "2007-02",
            "price": "32.82",
            "revenue": 141678
        },
        "2007-03": {
            "month": "2007-03",
            "price": "32.44",
            "revenue": 358061
        },
        "2007-04": {
            "month": "2007-04",
            "price": "32.53",
            "revenue": 233106
        },
        "2007-05": {
            "month": "2007-05",
            "price": "30.94",
            "revenue": 402310
        },
        "2007-06": {
            "month": "2007-06",
            "price": "29.85",
            "revenue": 411894
        },
        "2007-07": {
            "month": "2007-07",
            "price": "32.03",
            "revenue": 295383
        },
        "2007-08": {
            "month": "2007-08",
            "price": "26.93",
            "revenue": 410485
        },
        "2007-09": {
            "month": "2007-09",
            "price": "24.53",
            "revenue": 231818
        },
        "2007-10": {
            "month": "2007-10",
            "price": "23.95",
            "revenue": 233425
        },
        "2007-11": {
            "month": "2007-11",
            "price": "20.99",
            "revenue": 252769
        },
        "2007-12": {
            "month": "2007-12",
            "price": "20.26",
            "revenue": 335518
        },
        "2008-01": {
            "month": "2008-01",
            "price": "21.27",
            "revenue": 182736
        },
        "2008-02": {
            "month": "2008-02",
            "price": "24.62",
            "revenue": 206616
        },
        "2008-03": {
            "month": "2008-03",
            "price": "28.21",
            "revenue": 162808
        },
        "2008-04": {
            "month": "2008-04",
            "price": "47.39",
            "revenue": 463722
        },
        "2008-05": {
            "month": "2008-05",
            "price": "51.69",
            "revenue": 420760
        },
        "2008-06": {
            "month": "2008-06",
            "price": "39.22",
            "revenue": 394513
        },
        "2008-07": {
            "month": "2008-07",
            "price": "31.61",
            "revenue": 406124
        },
        "2008-08": {
            "month": "2008-08",
            "price": "26.56",
            "revenue": 128848
        },
        "2008-09": {
            "month": "2008-09",
            "price": "19.20",
            "revenue": 163125
        },
        "2008-10": {
            "month": "2008-10",
            "price": "13.19",
            "revenue": 156258
        },
        "2008-11": {
            "month": "2008-11",
            "price": "13.00",
            "revenue": 141995
        },
        "2008-12": {
            "month": "2008-12",
            "price": "12.68",
            "revenue": 182900
        },
        "2009-01": {
            "month": "2009-01",
            "price": "13.40",
            "revenue": 95037
        },
        "2009-02": {
            "month": "2009-02",
            "price": "12.78",
            "revenue": 157179
        },
        "2009-03": {
            "month": "2009-03",
            "price": "14.13",
            "revenue": 224095
        },
        "2009-04": {
            "month": "2009-04",
            "price": "18.39",
            "revenue": 221539
        },
        "2009-05": {
            "month": "2009-05",
            "price": "24.22",
            "revenue": 243054
        },
        "2009-06": {
            "month": "2009-06",
            "price": "23.56",
            "revenue": 427355
        },
        "2009-07": {
            "month": "2009-07",
            "price": "26.62",
            "revenue": 357297
        },
        "2009-08": {
            "month": "2009-08",
            "price": "26.31",
            "revenue": 356692
        },
        "2009-09": {
            "month": "2009-09",
            "price": "28.60",
            "revenue": 195833
        },
        "2009-10": {
            "month": "2009-10",
            "price": "30.36",
            "revenue": 144990
        },
        "2009-11": {
            "month": "2009-11",
            "price": "31.05",
            "revenue": 240926
        },
        "2009-12": {
            "month": "2009-12",
            "price": "32.89",
            "revenue": 252424
        },
        "2010-01": {
            "month": "2010-01",
            "price": "33.14",
            "revenue": 188798
        },
        "2010-02": {
            "month": "2010-02",
            "price": "28.17",
            "revenue": 94892
        },
        "2010-03": {
            "month": "2010-03",
            "price": "31.57",
            "revenue": 390519
        },
        "2010-04": {
            "month": "2010-04",
            "price": "32.15",
            "revenue": 360708
        },
        "2010-05": {
            "month": "2010-05",
            "price": "29.52",
            "revenue": 327131
        },
        "2010-06": {
            "month": "2010-06",
            "price": "29.33",
            "revenue": 281291
        },
        "2010-07": {
            "month": "2010-07",
            "price": "29.10",
            "revenue": 269852
        },
        "2010-08": {
            "month": "2010-08",
            "price": "29.26",
            "revenue": 309039
        },
        "2010-09": {
            "month": "2010-09",
            "price": "28.39",
            "revenue": 492135
        },
        "2010-10": {
            "month": "2010-10",
            "price": "27.94",
            "revenue": 405241
        },
        "2010-11": {
            "month": "2010-11",
            "price": "28.12",
            "revenue": 415917
        },
        "2010-12": {
            "month": "2010-12",
            "price": "32.49",
            "revenue": 376951
        },
        "2011-01": {
            "month": "2011-01",
            "price": "36.20",
            "revenue": 199034
        },
        "2011-02": {
            "month": "2011-02",
            "price": "33.53",
            "revenue": 148458
        },
        "2011-03": {
            "month": "2011-03",
            "price": "28.63",
            "revenue": 580611
        },
        "2011-04": {
            "month": "2011-04",
            "price": "29.00",
            "revenue": 395728
        },
        "2011-05": {
            "month": "2011-05",
            "price": "29.55",
            "revenue": 155575
        },
        "2011-06": {
            "month": "2011-06",
            "price": "28.67",
            "revenue": 148788
        },
        "2011-07": {
            "month": "2011-07",
            "price": "30.61",
            "revenue": 79884
        },
        "2011-08": {
            "month": "2011-08",
            "price": "25.95",
            "revenue": 151017
        },
        "2011-09": {
            "month": "2011-09",
            "price": "21.19",
            "revenue": 122439
        },
        "2011-10": {
            "month": "2011-10",
            "price": "20.31",
            "revenue": 192367
        },
        "2011-11": {
            "month": "2011-11",
            "price": "20.21",
            "revenue": 234696
        },
        "2011-12": {
            "month": "2011-12",
            "price": "17.99",
            "revenue": 164198
        },
        "2012-01": {
            "month": "2012-01",
            "price": "18.19",
            "revenue": 246403
        },
        "2012-02": {
            "month": "2012-02",
            "price": "22.21",
            "revenue": 151199
        },
        "2012-03": {
            "month": "2012-03",
            "price": "26.91",
            "revenue": 188886
        },
        "2012-04": {
            "month": "2012-04",
            "price": "25.13",
            "revenue": 118274
        },
        "2012-05": {
            "month": "2012-05",
            "price": "27.41",
            "revenue": 394714
        },
        "2012-06": {
            "month": "2012-06",
            "price": "25.59",
            "revenue": 228626
        },
        "2012-07": {
            "month": "2012-07",
            "price": "24.51",
            "revenue": 200253
        },
        "2012-08": {
            "month": "2012-08",
            "price": "26.74",
            "revenue": 270481
        },
        "2012-09": {
            "month": "2012-09",
            "price": "32.44",
            "revenue": 284759
        },
        "2012-10": {
            "month": "2012-10",
            "price": "29.74",
            "revenue": 290032
        },
        "2012-11": {
            "month": "2012-11",
            "price": "29.27",
            "revenue": 312092
        },
        "2012-12": {
            "month": "2012-12",
            "price": "30.47",
            "revenue": 1146083
        },
        "2013-01": {
            "month": "2013-01",
            "price": "31.04",
            "revenue": 409245
        },
        "2013-02": {
            "month": "2013-02",
            "price": "31.61",
            "revenue": 125981
        },
        "2013-03": {
            "month": "2013-03",
            "price": "30.89",
            "revenue": 390659
        },
        "2013-04": {
            "month": "2013-04",
            "price": "30.54",
            "revenue": 618427
        },
        "2013-05": {
            "month": "2013-05",
            "price": "30.95",
            "revenue": 366978
        },
        "2013-06": {
            "month": "2013-06",
            "price": "29.40",
            "revenue": 380551
        },
        "2013-07": {
            "month": "2013-07",
            "price": "28.81",
            "revenue": 509351
        },
        "2013-08": {
            "month": "2013-08",
            "price": "28.65",
            "revenue": 622739
        },
        "2013-09": {
            "month": "2013-09",
            "price": "28.28",
            "revenue": 523665
        },
        "2013-10": {
            "month": "2013-10",
            "price": "28.32",
            "revenue": 250253
        },
        "2013-11": {
            "month": "2013-11",
            "price": "28.15",
            "revenue": 190880
        },
        "2013-12": {
            "month": "2013-12",
            "price": "29.54",
            "revenue": 395724
        },
        "2014-01": {
            "month": "2014-01",
            "price": "28.99",
            "revenue": 142605
        },
        "2014-02": {
            "month": "2014-02",
            "price": "28.50",
            "revenue": 21960
        },
        "2014-03": {
            "month": "2014-03",
            "price": "27.27",
            "revenue": 235932
        },
        "2014-04": {
            "month": "2014-04",
            "price": "26.52",
            "revenue": 93299
        },
        "2014-05": {
            "month": "2014-05",
            "price": "24.96",
            "revenue": 235366
        },
        "2014-06": {
            "month": "2014-06",
            "price": "24.76",
            "revenue": 286958
        },
        "2014-07": {
            "month": "2014-07",
            "price": "24.21",
            "revenue": 277999
        },
        "2014-08": {
            "month": "2014-08",
            "price": "24.00",
            "revenue": 158635
        },
        "2014-09": {
            "month": "2014-09",
            "price": "24.90",
            "revenue": 935577
        },
        "2014-10": {
            "month": "2014-10",
            "price": "26.11",
            "revenue": 273719
        },
        "2014-11": {
            "month": "2014-11",
            "price": "27.12",
            "revenue": 295166
        },
        "2014-12": {
            "month": "2014-12",
            "price": "27.78",
            "revenue": 289695
        },
        "2015-01": {
            "month": "2015-01",
            "price": "27.04",
            "revenue": 115449
        },
        "2015-02": {
            "month": "2015-02",
            "price": "26.53",
            "revenue": 116495
        },
        "2015-03": {
            "month": "2015-03",
            "price": "26.43",
            "revenue": 142446
        },
        "2015-04": {
            "month": "2015-04",
            "price": "26.53",
            "revenue": 140489
        },
        "2015-05": {
            "month": "2015-05",
            "price": "26.48",
            "revenue": 124525
        },
        "2015-06": {
            "month": "2015-06",
            "price": "25.20",
            "revenue": 124917
        },
        "2015-07": {
            "month": "2015-07",
            "price": "24.90",
            "revenue": 168089
        },
        "2015-08": {
            "month": "2015-08",
            "price": "22.50",
            "revenue": 147723
        },
        "2015-09": {
            "month": "2015-09",
            "price": "18.43",
            "revenue": 167714
        },
        "2015-10": {
            "month": "2015-10",
            "price": "18.64",
            "revenue": 131934
        },
        "2015-11": {
            "month": "2015-11",
            "price": "18.01",
            "revenue": 164900
        },
        "2015-12": {
            "month": "2015-12",
            "price": "17.15",
            "revenue": 196485
        },
        "2016-01": {
            "month": "2016-01",
            "price": "18.40",
            "revenue": 88862
        },
        "2016-02": {
            "month": "2016-02",
            "price": "18.04",
            "revenue": 121589
        },
        "2016-03": {
            "month": "2016-03",
            "price": "18.37",
            "revenue": 169814
        },
        "2016-04": {
            "month": "2016-04",
            "price": "17.87",
            "revenue": 99208
        },
        "2016-05": {
            "month": "2016-05",
            "price": "17.67",
            "revenue": 142331
        },
        "2016-06": {
            "month": "2016-06",
            "price": "18.08",
            "revenue": 126844
        },
        "2016-07": {
            "month": "2016-07",
            "price": "18.72",
            "revenue": 379837
        },
        "2016-08": {
            "month": "2016-08",
            "price": "19.30",
            "revenue": 131126
        },
        "2016-09": {
            "month": "2016-09",
            "price": "19.16",
            "revenue": 235610
        },
        "2016-10": {
            "month": "2016-10",
            "price": "18.91",
            "revenue": 196465
        },
        "2016-11": {
            "month": "2016-11",
            "price": "19.50",
            "revenue": 542055
        },
        "2016-12": {
            "month": "2016-12",
            "price": "21.37",
            "revenue": 387144
        },
        "2017-01": {
            "month": "2017-01",
            "price": "21.48",
            "revenue": 113484
        },
        "2017-02": {
            "month": "2017-02",
            "price": "23.10",
            "revenue": 103420
        },
        "2017-03": {
            "month": "2017-03",
            "price": "23.80",
            "revenue": 222502
        },
        "2017-04": {
            "month": "2017-04",
            "price": "23.95",
            "revenue": 245218
        },
        "2017-05": {
            "month": "2017-05",
            "price": "23.82",
            "revenue": 351263
        },
        "2017-06": {
            "month": "2017-06",
            "price": "23.99",
            "revenue": 418444
        },
        "2017-07": {
            "month": "2017-07",
            "price": "24.19",
            "revenue": 454134
        },
        "2017-08": {
            "month": "2017-08",
            "price": "23.52",
            "revenue": 498360
        },
        "2017-09": {
            "month": "2017-09",
            "price": "23.30",
            "revenue": 506053
        },
        "2017-10": {
            "month": "2017-10",
            "price": "22.95",
            "revenue": 453437
        },
        "2017-11": {
            "month": "2017-11",
            "price": "22.65",
            "revenue": 287009
        },
        "2017-12": {
            "month": "2017-12",
            "price": "22.19",
            "revenue": 528761
        },
        "2018-01": {
            "month": "2018-01",
            "price": "23.09",
            "revenue": 250097
        },
        "2018-02": {
            "month": "2018-02",
            "price": "22.77",
            "revenue": 364891
        },
        "2018-03": {
            "month": "2018-03",
            "price": "22.87",
            "revenue": 463844
        },
        "2018-04": {
            "month": "2018-04",
            "price": "22.37",
            "revenue": 163164
        },
        "2018-05": {
            "month": "2018-05",
            "price": "22.83",
            "revenue": 320326
        },
        "2018-06": {
            "month": "2018-06",
            "price": "23.27",
            "revenue": 154908
        },
        "2018-07": {
            "month": "2018-07",
            "price": "22.51",
            "revenue": 261733
        },
        "2018-08": {
            "month": "2018-08",
            "price": "22.10",
            "revenue": 302729
        },
        "2018-09": {
            "month": "2018-09",
            "price": "20.32",
            "revenue": 420313
        },
        "2018-10": {
            "month": "2018-10",
            "price": "19.13",
            "revenue": 185527
        },
        "2018-11": {
            "month": "2018-11",
            "price": "21.35",
            "revenue": 135180
        },
        "2018-12": {
            "month": "2018-12",
            "price": "27.21",
            "revenue": 274750
        },
        "2019-01": {
            "month": "2019-01",
            "price": "25.85",
            "revenue": 174639
        },
        "2019-02": {
            "month": "2019-02",
            "price": "25.96",
            "revenue": 140885
        },
        "2019-03": {
            "month": "2019-03",
            "price": "26.00",
            "revenue": 762181
        },
        "2019-04": {
            "month": "2019-04",
            "price": "26.91",
            "revenue": 382052
        },
        "2019-05": {
            "month": "2019-05",
            "price": "26.67",
            "revenue": 442480
        },
        "2019-06": {
            "month": "2019-06",
            "price": "28.81",
            "revenue": 521567
        },
        "2019-07": {
            "month": "2019-07",
            "price": "28.83",
            "revenue": 389872
        },
        "2019-08": {
            "month": "2019-08",
            "price": "28.66",
            "revenue": 272854
        },
        "2019-09": {
            "month": "2019-09",
            "price": "28.99",
            "revenue": 754953
        },
        "2019-10": {
            "month": "2019-10",
            "price": "28.57",
            "revenue": 703362
        },
        "2019-11": {
            "month": "2019-11",
            "price": "30.67",
            "revenue": 432514
        },
        "2019-12": {
            "month": "2019-12",
            "price": "31.06",
            "revenue": 1012649
        },
        "2020-01": {
            "month": "2020-01",
            "price": "32.32",
            "revenue": 754809
        },
        "2020-02": {
            "month": "2020-02",
            "price": "31.17",
            "revenue": 513087
        },
        "2020-03": {
            "month": "2020-03",
            "price": "29.33",
            "revenue": 457171
        },
        "2020-04": {
            "month": "2020-04",
            "price": "30.98",
            "revenue": 863045
        },
        "2020-05": {
            "month": "2020-05",
            "price": "32.19",
            "revenue": 700739
        },
        "2020-06": {
            "month": "2020-06",
            "price": "33.07",
            "revenue": 733988
        },
        "2020-07": {
            "month": "2020-07",
            "price": "35.38",
            "revenue": 556030
        },
        "2020-08": {
            "month": "2020-08",
            "price": "38.49",
            "revenue": 939345
        },
        "2020-09": {
            "month": "2020-09",
            "price": "39.58",
            "revenue": 859548
        },
        "2020-10": {
            "month": "2020-10",
            "price": "38.64",
            "revenue": 690450
        },
        "2020-11": {
            "month": "2020-11",
            "price": "38.55",
            "revenue": 875617
        },
        "2020-12": {
            "month": "2020-12",
            "price": "38.85",
            "revenue": 724106
        },
        "2021-01": {
            "month": "2021-01",
            "price": "37.04",
            "revenue": 412344
        },
        "2021-02": {
            "month": "2021-02",
            "price": "35.58",
            "revenue": 446546
        },
        "2021-03": {
            "month": "2021-03",
            "price": "35.47",
            "revenue": 605343
        },
        "2021-04": {
            "month": "2021-04",
            "price": "36.73",
            "revenue": 562885
        },
        "2021-05": {
            "month": "2021-05",
            "price": "35.95",
            "revenue": 565134
        },
        "2021-06": {
            "month": "2021-06",
            "price": "34.61",
            "revenue": 916026
        },
        "2021-07": {
            "month": "2021-07",
            "price": "35.11",
            "revenue": 467893
        },
        "2021-08": {
            "month": "2021-08",
            "price": "34.57",
            "revenue": 359430
        },
        "2021-09": {
            "month": "2021-09",
            "price": "36.53",
            "revenue": 197891
        },
        "2021-10": {
            "month": "2021-10",
            "price": "37.13",
            "revenue": 449185
        },
        "2021-11": {
            "month": "2021-11",
            "price": "41.59",
            "revenue": 515178
        },
        "2021-12": {
            "month": "2021-12",
            "price": "40.79",
            "revenue": 1159431
        },
        "2022-01": {
            "month": "2022-01",
            "price": "39.19",
            "revenue": 323916
        },
        "2022-02": {
            "month": "2022-02",
            "price": "37.95",
            "revenue": 390688
        },
        "2022-03": {
            "month": "2022-03",
            "price": "36.11",
            "revenue": 270652
        },
        "2022-04": {
            "month": "2022-04",
            "price": "34.18",
            "revenue": 384119
        },
        "2022-05": {
            "month": "2022-05",
            "price": "34.10",
            "revenue": 255579
        },
        "2022-06": {
            "month": "2022-06",
            "price": "34.01",
            "revenue": 173939
        },
        "2022-07": {
            "month": "2022-07",
            "price": "34.65",
            "revenue": 135598
        },
        "2022-08": {
            "month": "2022-08",
            "price": "37.31",
            "revenue": 223376
        },
        "2022-09": {
            "month": "2022-09",
            "price": "35.48",
            "revenue": 119882
        },
        "2022-10": {
            "month": "2022-10",
            "price": "33.38",
            "revenue": 51838
        },
        "2022-11": {
            "month": "2022-11",
            "price": "34.22",
            "revenue": 231493
        },
        "2022-12": {
            "month": "2022-12",
            "price": "33.31",
            "revenue": 823079
        },
        "2023-01": {
            "month": "2023-01",
            "price": "33.12",
            "revenue": 111180
        },
        "2023-02": {
            "month": "2023-02",
            "price": "32.90",
            "revenue": 55972
        },
        "2023-03": {
            "month": "2023-03",
            "price": "32.37",
            "revenue": 220798
        },
        "2023-04": {
            "month": "2023-04",
            "price": "31.74",
            "revenue": 47772
        },
        "2023-05": {
            "month": "2023-05",
            "price": "31.69",
            "revenue": 219383
        },
        "2023-06": {
            "month": "2023-06",
            "price": "31.86",
            "revenue": 212478
        },
        "2023-07": {
            "month": "2023-07",
            "price": "31.53",
            "revenue": 50137
        },
        "2023-08": {
            "month": "2023-08",
            "price": "30.97",
            "revenue": 401387
        },
        "2023-09": {
            "month": "2023-09",
            "price": "30.97",
            "revenue": 448000
        },
        "2023-10": {
            "month": "2023-10",
            "price": "30.78",
            "revenue": 107491
        },
        "2023-11": {
            "month": "2023-11",
            "price": "31.14",
            "revenue": 384154
        },
        "2023-12": {
            "month": "2023-12",
            "price": "31.50",
            "revenue": 294993
        }
    }
}
