{
    "summary": {
        "stock_name": "宏璟",
        "stock_id": "2527",
        "category": "建材營造",
        "main_business": "委託營造廠商興建國民住宅及商業大樓出租出售業務<br>買賣各種建材及進出口業務<br>室內設計裝潢工程(營造業除外)",
        "website_url": "http://www.asehcc.com.tw",
        "ceo": "周家佩",
        "pe_ratio": 14,
        "report_year_from": 2001,
        "report_year_to": 2023,
        "age": 23,
        "eps_negative_percentage": 17,
        "eps_growth_avg": {
            "last_all": 25.35,
            "last_2y": 39.06,
            "last_4y": 29.5,
            "last_8y": 9.96,
            "last_12y": 21.11,
            "last_16y": 20.96,
            "last_20y": 25.35,
            "at_2006_last_3y": 100,
            "at_2007_last_3y": 14.74,
            "at_2008_last_3y": 11.28,
            "at_2009_last_3y": 33.46,
            "at_2010_last_3y": 20.46,
            "at_2011_last_3y": 63.09,
            "at_2012_last_3y": 50.05,
            "at_2013_last_3y": 33.21,
            "at_2014_last_3y": 46.21,
            "at_2015_last_3y": 15.96,
            "at_2016_last_3y": 5.15,
            "at_2017_last_3y": -14.46,
            "at_2018_last_3y": -14.46,
            "at_2019_last_3y": 10.16,
            "at_2020_last_3y": 21.12,
            "at_2021_last_3y": 57.58,
            "at_2022_last_3y": 12.3,
            "at_2023_last_3y": 17.5,
            "at_2024_last_3y": 17.5,
            "at_2006_last_all": 100,
            "at_2007_last_all": 14.74,
            "at_2008_last_all": 11.28,
            "at_2009_last_all": 33.46,
            "at_2010_last_all": 36.37,
            "at_2011_last_all": 46.97,
            "at_2012_last_all": 33.43,
            "at_2013_last_all": 33.33,
            "at_2014_last_all": 40.74,
            "at_2015_last_all": 34.57,
            "at_2016_last_all": 23.15,
            "at_2017_last_all": 17.4,
            "at_2018_last_all": 23.75,
            "at_2019_last_all": 27.59,
            "at_2020_last_all": 22.61,
            "at_2021_last_all": 27.45,
            "at_2022_last_all": 21.06,
            "at_2023_last_all": 25.35,
            "at_2024_last_all": 25.35
        },
        "latest_eps": 1.96,
        "latest_price": 27.75,
        "latest_roe": 5.04,
        "latest_gross_margin": 27.3,
        "latest_equity": 10623011,
        "latest_revenue": 1825242,
        "latest_gross_profit": 498299,
        "latest_net_income": 674783,
        "latest_debt_ratio": 55.75,
        "latest_current_ratio": 127.25,
        "latest_account_receivable_turnover_ratio": 91.74,
        "latest_inventory_turnover_ratio": 0.12,
        "latest_reinvestment_rate": 28.63,
        "latest_research_to_sale_ratio": null
    },
    "eps_dividends": {
        "1995": {
            "cash": 0,
            "stock": 5,
            "eps": 0
        },
        "1996": {
            "cash": 0,
            "stock": 1,
            "eps": 0
        },
        "2001": {
            "cash": 0,
            "stock": 0,
            "eps": -1.73
        },
        "2002": {
            "cash": 0,
            "stock": 0,
            "eps": -1.15
        },
        "2003": {
            "cash": 0,
            "stock": 0,
            "eps": -1.07
        },
        "2004": {
            "cash": 0,
            "stock": 0,
            "eps": -2.54
        },
        "2005": {
            "cash": 0,
            "stock": 0,
            "eps": 0.09
        },
        "2006": {
            "cash": 0.35,
            "stock": 0,
            "eps": 0.78
        },
        "2007": {
            "cash": 0.4,
            "stock": 0,
            "eps": 0.23
        },
        "2008": {
            "cash": 0.35,
            "stock": 0,
            "eps": 0.24
        },
        "2009": {
            "cash": 0.3,
            "stock": 0,
            "eps": 0.5
        },
        "2010": {
            "cash": 0.3,
            "stock": 0,
            "eps": 0.74
        },
        "2011": {
            "cash": 1.2000000000000002,
            "stock": 0,
            "eps": 1.82
        },
        "2012": {
            "cash": 0,
            "stock": 0,
            "eps": 0.95
        },
        "2013": {
            "cash": 0.65,
            "stock": 0,
            "eps": 1.26
        },
        "2014": {
            "cash": 0.8,
            "stock": 0,
            "eps": 3.38
        },
        "2015": {
            "cash": 1.5,
            "stock": 0,
            "eps": 2.67
        },
        "2016": {
            "cash": 1.1,
            "stock": 0,
            "eps": 0.24
        },
        "2017": {
            "cash": 0.8,
            "stock": 0,
            "eps": 0.13
        },
        "2018": {
            "cash": 0.8,
            "stock": 0,
            "eps": 1.6
        },
        "2019": {
            "cash": 1.2,
            "stock": 0,
            "eps": 2.84
        },
        "2020": {
            "cash": 1.8,
            "stock": 0,
            "eps": 1.5
        },
        "2021": {
            "cash": 1.4,
            "stock": 0,
            "eps": 6.19
        },
        "2022": {
            "cash": 3,
            "stock": 0,
            "eps": 1.17
        },
        "2023": {
            "cash": 2,
            "stock": 0,
            "eps": 2.32
        }
    },
    "dividends": {
        "1995-05-05": {
            "cash": 0,
            "stock": 5
        },
        "1996-04-29": {
            "cash": 0,
            "stock": 1
        },
        "2006-04-11": {
            "cash": 0.35,
            "stock": 0
        },
        "2007-04-02": {
            "cash": 0.4,
            "stock": 0
        },
        "2008-04-01": {
            "cash": 0.35,
            "stock": 0
        },
        "2009-03-31": {
            "cash": 0.3,
            "stock": 0
        },
        "2010-04-02": {
            "cash": 0.3,
            "stock": 0
        },
        "2011-01-01": {
            "cash": 0.8,
            "stock": 0
        },
        "2011-03-31": {
            "cash": 0.4,
            "stock": 0
        },
        "2013-03-22": {
            "cash": 0.65,
            "stock": 0
        },
        "2014-08-29": {
            "cash": 0.8,
            "stock": 0
        },
        "2015-08-17": {
            "cash": 1.5,
            "stock": 0
        },
        "2016-08-19": {
            "cash": 1.1,
            "stock": 0
        },
        "2017-08-11": {
            "cash": 0.8,
            "stock": 0
        },
        "2018-09-21": {
            "cash": 0.8,
            "stock": 0
        },
        "2019-09-20": {
            "cash": 1.2,
            "stock": 0
        },
        "2020-09-18": {
            "cash": 1.8,
            "stock": 0
        },
        "2021-09-16": {
            "cash": 1.4,
            "stock": 0
        },
        "2022-09-16": {
            "cash": 3,
            "stock": 0
        },
        "2023-03-03": {
            "cash": 1,
            "stock": 0
        },
        "2023-09-15": {
            "cash": 1,
            "stock": 0
        }
    },
    "prices": {
        "200101": "5.52",
        "200102": "6.51",
        "200103": "6.40",
        "200104": "5.17",
        "200105": "4.19",
        "200106": "4.76",
        "200107": "4.61",
        "200108": "4.35",
        "200109": "3.73",
        "200110": "3.09",
        "200111": "3.15",
        "200112": "3.13",
        "200201": "3.15",
        "200202": "3.11",
        "200203": "3.50",
        "200204": "5.63",
        "200205": "4.31",
        "200206": "4.02",
        "200207": "3.61",
        "200208": "2.78",
        "200209": "2.29",
        "200210": "2.30",
        "200211": "2.48",
        "200212": "2.54",
        "200301": "3.03",
        "200302": "2.82",
        "200303": "2.40",
        "200304": "2.34",
        "200305": "1.94",
        "200306": "2.47",
        "200307": "3.81",
        "200308": "4.36",
        "200309": "4.38",
        "200310": "4.73",
        "200311": "4.55",
        "200312": "4.48",
        "200401": "5.95",
        "200402": "7.52",
        "200403": "7.58",
        "200404": "6.70",
        "200405": "5.33",
        "200406": "5.50",
        "200407": "4.77",
        "200408": "3.97",
        "200409": "4.51",
        "200410": "4.34",
        "200411": "4.04",
        "200412": "4.93",
        "200501": "5.28",
        "200502": "4.47",
        "200503": "4.29",
        "200504": "3.46",
        "200505": "3.68",
        "200506": "3.87",
        "200507": "3.66",
        "200508": "3.24",
        "200509": "3.42",
        "200510": "2.93",
        "200511": "2.80",
        "200512": "3.23",
        "200601": "4.20",
        "200602": "4.24",
        "200603": "5.16",
        "200604": "5.61",
        "200605": "7.67",
        "200606": "7.88",
        "200607": "9.28",
        "200608": "8.54",
        "200609": "8.32",
        "200610": "8.74",
        "200611": "11.41",
        "200612": "21.15",
        "200701": "18.21",
        "200702": "18.56",
        "200703": "19.73",
        "200704": "18.03",
        "200705": "15.02",
        "200706": "15.48",
        "200707": "18.86",
        "200708": "15.88",
        "200709": "14.97",
        "200710": "16.01",
        "200711": "15.11",
        "200712": "13.26",
        "200801": "13.90",
        "200802": "14.44",
        "200803": "17.78",
        "200804": "20.54",
        "200805": "19.05",
        "200806": "15.55",
        "200807": "12.25",
        "200808": "11.34",
        "200809": "8.59",
        "200810": "6.54",
        "200811": "4.22",
        "200812": "3.94",
        "200901": "4.13",
        "200902": "3.95",
        "200903": "4.68",
        "200904": "6.85",
        "200905": "8.52",
        "200906": "15.79",
        "200907": "19.07",
        "200908": "17.09",
        "200909": "17.83",
        "200910": "19.63",
        "200911": "17.68",
        "200912": "18.15",
        "201001": "20.90",
        "201002": "18.83",
        "201003": "18.62",
        "201004": "20.04",
        "201005": "17.23",
        "201006": "16.67",
        "201007": "16.66",
        "201008": "18.60",
        "201009": "18.49",
        "201010": "17.71",
        "201011": "17.79",
        "201012": "18.91",
        "201101": "23.06",
        "201102": "20.21",
        "201103": "17.31",
        "201104": "17.86",
        "201105": "20.02",
        "201106": "20.99",
        "201107": "21.99",
        "201108": "16.80",
        "201109": "14.52",
        "201110": "13.79",
        "201111": "13.34",
        "201112": "11.17",
        "201201": "11.69",
        "201202": "13.62",
        "201203": "14.20",
        "201204": "12.50",
        "201205": "11.65",
        "201206": "11.15",
        "201207": "11.69",
        "201208": "11.94",
        "201209": "13.80",
        "201210": "12.68",
        "201211": "12.42",
        "201212": "13.04",
        "201301": "13.10",
        "201302": "13.03",
        "201303": "12.97",
        "201304": "13.66",
        "201305": "13.82",
        "201306": "13.37",
        "201307": "13.73",
        "201308": "13.38",
        "201309": "13.71",
        "201310": "15.54",
        "201311": "18.80",
        "201312": "18.20",
        "201401": "18.03",
        "201402": "17.87",
        "201403": "17.29",
        "201404": "16.96",
        "201405": "16.13",
        "201406": "16.33",
        "201407": "16.43",
        "201408": "16.96",
        "201409": "18.13",
        "201410": "16.73",
        "201411": "17.47",
        "201412": "19.70",
        "201501": "20.55",
        "201502": "20.68",
        "201503": "22.82",
        "201504": "23.22",
        "201505": "21.64",
        "201506": "19.61",
        "201507": "18.98",
        "201508": "17.87",
        "201509": "16.84",
        "201510": "17.20",
        "201511": "16.70",
        "201512": "16.08",
        "201601": "15.35",
        "201602": "15.83",
        "201603": "17.73",
        "201604": "17.79",
        "201605": "17.10",
        "201606": "17.59",
        "201607": "17.57",
        "201608": "17.00",
        "201609": "17.03",
        "201610": "17.44",
        "201611": "18.37",
        "201612": "19.09",
        "201701": "19.55",
        "201702": "21.66",
        "201703": "21.60",
        "201704": "20.79",
        "201705": "20.51",
        "201706": "20.55",
        "201707": "19.90",
        "201708": "19.33",
        "201709": "19.26",
        "201710": "20.15",
        "201711": "20.06",
        "201712": "21.45",
        "201801": "25.59",
        "201802": "24.02",
        "201803": "25.91",
        "201804": "28.19",
        "201805": "29.45",
        "201806": "33.52",
        "201807": "31.04",
        "201808": "30.59",
        "201809": "31.10",
        "201810": "27.11",
        "201811": "23.98",
        "201812": "23.16",
        "201901": "24.09",
        "201902": "24.07",
        "201903": "23.41",
        "201904": "22.79",
        "201905": "21.67",
        "201906": "22.07",
        "201907": "22.65",
        "201908": "23.05",
        "201909": "22.36",
        "201910": "23.11",
        "201911": "23.07",
        "201912": "22.80",
        "202001": "22.22",
        "202002": "20.24",
        "202003": "18.03",
        "202004": "19.16",
        "202005": "19.79",
        "202006": "20.84",
        "202007": "21.08",
        "202008": "20.91",
        "202009": "18.79",
        "202010": "18.50",
        "202011": "18.45",
        "202012": "18.92",
        "202101": "18.90",
        "202102": "19.48",
        "202103": "21.04",
        "202104": "22.72",
        "202105": "22.89",
        "202106": "25.51",
        "202107": "26.51",
        "202108": "27.79",
        "202109": "28.83",
        "202110": "30.10",
        "202111": "32.29",
        "202112": "31.74",
        "202201": "29.82",
        "202202": "30.25",
        "202203": "30.24",
        "202204": "29.28",
        "202205": "27.09",
        "202206": "25.96",
        "202207": "24.06",
        "202208": "24.75",
        "202209": "21.30",
        "202210": "20.36",
        "202211": "20.72",
        "202212": "21.20",
        "202301": "20.83",
        "202302": "21.46",
        "202303": "21.88",
        "202304": "22.70",
        "202305": "23.03",
        "202306": "24.48",
        "202307": "23.90",
        "202308": "23.38",
        "202309": "23.00",
        "202310": "22.71",
        "202311": "24.42",
        "202312": "27.61"
    },
    "quarters": {
        "20011": {
            "year_quarter": 20011,
            "year": 2001,
            "quarter": 1,
            "eps": -0.54,
            "eps_growth_year": null,
            "eps_4q": -0.52,
            "eps_4q_growth_year": -145.04,
            "roe": -3.97,
            "roe_4q": -3.97,
            "gross_profit": 8924,
            "gross_margin": 10.81,
            "gross_margin_4q_avg": 10.81,
            "net_income": -256003,
            "net_income_4q": null,
            "revenue": 82535,
            "revenue_4q": null,
            "common_shares": 4758090,
            "book_valuer_per_share": 12.58,
            "book_valuer_per_share_4q_avg": 12.58,
            "equity": 5987875,
            "current_ratio": 135.98,
            "debt_ratio": 44.72,
            "inventory_turnover_ratio": 0.01,
            "account_receivable_turnover_ratio": null,
            "reinvestment_rate": null,
            "research_to_sale_ratio": null,
            "price_fair": 0,
            "eps_avg_yearly": 0,
            "eps_latest_yearly": 0,
            "eps_growth_yearly": 0
        },
        "20012": {
            "year_quarter": 20012,
            "year": 2001,
            "quarter": 2,
            "eps": -0.42,
            "eps_growth_year": null,
            "eps_4q": -0.58,
            "eps_4q_growth_year": -161.6,
            "roe": -3.33,
            "roe_4q": -7.300000000000001,
            "gross_profit": -7003,
            "gross_margin": -6.54,
            "gross_margin_4q_avg": 2.14,
            "net_income": -196038,
            "net_income_4q": null,
            "revenue": 107103,
            "revenue_4q": null,
            "common_shares": 4758090,
            "book_valuer_per_share": 12.18,
            "book_valuer_per_share_4q_avg": 12.38,
            "equity": 5797354,
            "current_ratio": 135.74,
            "debt_ratio": 43.83,
            "inventory_turnover_ratio": 0.02,
            "account_receivable_turnover_ratio": null,
            "reinvestment_rate": null,
            "research_to_sale_ratio": null,
            "price_fair": 0,
            "eps_avg_yearly": 0,
            "eps_latest_yearly": 0,
            "eps_growth_yearly": 0
        },
        "20013": {
            "year_quarter": 20013,
            "year": 2001,
            "quarter": 3,
            "eps": -0.9,
            "eps_growth_year": null,
            "eps_4q": -1.11,
            "eps_4q_growth_year": -303.67,
            "roe": -7.61,
            "roe_4q": -14.910000000000002,
            "gross_profit": -31179,
            "gross_margin": -34.8,
            "gross_margin_4q_avg": -10.18,
            "net_income": -421624,
            "net_income_4q": null,
            "revenue": 89591,
            "revenue_4q": null,
            "common_shares": 4758090,
            "book_valuer_per_share": 11.12,
            "book_valuer_per_share_4q_avg": 11.96,
            "equity": 5290539,
            "current_ratio": 125.22,
            "debt_ratio": 47.97,
            "inventory_turnover_ratio": 0.02,
            "account_receivable_turnover_ratio": null,
            "reinvestment_rate": null,
            "research_to_sale_ratio": null,
            "price_fair": 0,
            "eps_avg_yearly": 0,
            "eps_latest_yearly": 0,
            "eps_growth_yearly": 0
        },
        "20014": {
            "year_quarter": 20014,
            "year": 2001,
            "quarter": 4,
            "eps": 0.13,
            "eps_growth_year": -82.19,
            "eps_4q": -1.69,
            "eps_4q_growth_year": null,
            "roe": 1.11,
            "roe_4q": -13.8,
            "gross_profit": 229379,
            "gross_margin": 15.24,
            "gross_margin_4q_avg": -3.82,
            "net_income": 62368,
            "net_income_4q": null,
            "revenue": 1504854,
            "revenue_4q": null,
            "common_shares": 4758090,
            "book_valuer_per_share": 11.4,
            "book_valuer_per_share_4q_avg": 11.82,
            "equity": 5967710,
            "current_ratio": 130.4,
            "debt_ratio": 42.14,
            "inventory_turnover_ratio": 0.24,
            "account_receivable_turnover_ratio": null,
            "reinvestment_rate": null,
            "research_to_sale_ratio": null,
            "price_fair": 0,
            "eps_avg_yearly": 0,
            "eps_latest_yearly": 0,
            "eps_growth_yearly": 0
        },
        "20021": {
            "year_quarter": 20021,
            "year": 2002,
            "quarter": 1,
            "eps": -0.28,
            "eps_growth_year": null,
            "eps_4q": -1.5,
            "eps_4q_growth_year": null,
            "roe": -2.27,
            "roe_4q": -12.1,
            "gross_profit": -12766,
            "gross_margin": -20.88,
            "gross_margin_4q_avg": -11.75,
            "net_income": -127186,
            "net_income_4q": null,
            "revenue": 61145,
            "revenue_4q": null,
            "common_shares": 4758090,
            "book_valuer_per_share": 11.03,
            "book_valuer_per_share_4q_avg": 11.43,
            "equity": 5249389,
            "current_ratio": 143.86,
            "debt_ratio": 38.71,
            "inventory_turnover_ratio": 0.02,
            "account_receivable_turnover_ratio": null,
            "reinvestment_rate": null,
            "research_to_sale_ratio": null,
            "price_fair": 0,
            "eps_avg_yearly": 0,
            "eps_latest_yearly": 0,
            "eps_growth_yearly": 0
        },
        "20022": {
            "year_quarter": 20022,
            "year": 2002,
            "quarter": 2,
            "eps": -0.32,
            "eps_growth_year": null,
            "eps_4q": -1.33,
            "eps_4q_growth_year": null,
            "roe": -2.81,
            "roe_4q": -11.58,
            "gross_profit": -26635,
            "gross_margin": -26.12,
            "gross_margin_4q_avg": -16.64,
            "net_income": -146570,
            "net_income_4q": null,
            "revenue": 101955,
            "revenue_4q": null,
            "common_shares": 4758090,
            "book_valuer_per_share": 10.92,
            "book_valuer_per_share_4q_avg": 11.12,
            "equity": 5197142,
            "current_ratio": 141.68,
            "debt_ratio": 37.6,
            "inventory_turnover_ratio": 0.03,
            "account_receivable_turnover_ratio": null,
            "reinvestment_rate": null,
            "research_to_sale_ratio": null,
            "price_fair": 0,
            "eps_avg_yearly": 0,
            "eps_latest_yearly": 0,
            "eps_growth_yearly": 0
        },
        "20023": {
            "year_quarter": 20023,
            "year": 2002,
            "quarter": 3,
            "eps": -0.19,
            "eps_growth_year": null,
            "eps_4q": -0.62,
            "eps_4q_growth_year": null,
            "roe": -1.65,
            "roe_4q": -5.62,
            "gross_profit": -4488,
            "gross_margin": -12.93,
            "gross_margin_4q_avg": -11.17,
            "net_income": -85302,
            "net_income_4q": null,
            "revenue": 34720,
            "revenue_4q": null,
            "common_shares": 4758090,
            "book_valuer_per_share": 10.74,
            "book_valuer_per_share_4q_avg": 11.02,
            "equity": 5111840,
            "current_ratio": 138.45,
            "debt_ratio": 38.05,
            "inventory_turnover_ratio": 0.01,
            "account_receivable_turnover_ratio": null,
            "reinvestment_rate": null,
            "research_to_sale_ratio": null,
            "price_fair": 0,
            "eps_avg_yearly": 0,
            "eps_latest_yearly": 0,
            "eps_growth_yearly": 0
        },
        "20024": {
            "year_quarter": 20024,
            "year": 2002,
            "quarter": 4,
            "eps": -0.36,
            "eps_growth_year": -376.92,
            "eps_4q": -1.15,
            "eps_4q_growth_year": null,
            "roe": -3.07,
            "roe_4q": -9.799999999999999,
            "gross_profit": -7571,
            "gross_margin": -20.3,
            "gross_margin_4q_avg": -20.06,
            "net_income": -162427,
            "net_income_4q": null,
            "revenue": 37298,
            "revenue_4q": null,
            "common_shares": 4758090,
            "book_valuer_per_share": 10.39,
            "book_valuer_per_share_4q_avg": 10.77,
            "equity": 5483336,
            "current_ratio": 123.06,
            "debt_ratio": 40.63,
            "inventory_turnover_ratio": 0.01,
            "account_receivable_turnover_ratio": null,
            "reinvestment_rate": null,
            "research_to_sale_ratio": null,
            "price_fair": 0,
            "eps_avg_yearly": 0,
            "eps_latest_yearly": 0,
            "eps_growth_yearly": 0
        },
        "20031": {
            "year_quarter": 20031,
            "year": 2003,
            "quarter": 1,
            "eps": -0.69,
            "eps_growth_year": null,
            "eps_4q": -1.56,
            "eps_4q_growth_year": null,
            "roe": -6.19,
            "roe_4q": -13.72,
            "gross_profit": -825,
            "gross_margin": -1.88,
            "gross_margin_4q_avg": -15.31,
            "net_income": -312877,
            "net_income_4q": null,
            "revenue": 43967,
            "revenue_4q": null,
            "common_shares": 4758090,
            "book_valuer_per_share": 9.72,
            "book_valuer_per_share_4q_avg": 10.44,
            "equity": 4622981,
            "current_ratio": 126.62,
            "debt_ratio": 40.82,
            "inventory_turnover_ratio": 0.01,
            "account_receivable_turnover_ratio": null,
            "reinvestment_rate": null,
            "research_to_sale_ratio": null,
            "price_fair": 0,
            "eps_avg_yearly": 0,
            "eps_latest_yearly": 0,
            "eps_growth_yearly": 0
        },
        "20032": {
            "year_quarter": 20032,
            "year": 2003,
            "quarter": 2,
            "eps": -0.29,
            "eps_growth_year": null,
            "eps_4q": -1.45,
            "eps_4q_growth_year": null,
            "roe": -2.82,
            "roe_4q": -13.73,
            "gross_profit": -22675,
            "gross_margin": -25.59,
            "gross_margin_4q_avg": -15.18,
            "net_income": -128825,
            "net_income_4q": null,
            "revenue": 88610,
            "revenue_4q": null,
            "common_shares": 4758090,
            "book_valuer_per_share": 9.45,
            "book_valuer_per_share_4q_avg": 10.08,
            "equity": 4498029,
            "current_ratio": 123.16,
            "debt_ratio": 41.44,
            "inventory_turnover_ratio": 0.03,
            "account_receivable_turnover_ratio": null,
            "reinvestment_rate": null,
            "research_to_sale_ratio": null,
            "price_fair": 0,
            "eps_avg_yearly": 0,
            "eps_latest_yearly": 0,
            "eps_growth_yearly": 0
        },
        "20033": {
            "year_quarter": 20033,
            "year": 2003,
            "quarter": 3,
            "eps": -0.11,
            "eps_growth_year": null,
            "eps_4q": -1.38,
            "eps_4q_growth_year": null,
            "roe": -1.16,
            "roe_4q": -13.24,
            "gross_profit": -57141,
            "gross_margin": -36.08,
            "gross_margin_4q_avg": -20.96,
            "net_income": -51727,
            "net_income_4q": null,
            "revenue": 158382,
            "revenue_4q": null,
            "common_shares": 4758090,
            "book_valuer_per_share": 9.35,
            "book_valuer_per_share_4q_avg": 9.73,
            "equity": 4448806,
            "current_ratio": 121.75,
            "debt_ratio": 42,
            "inventory_turnover_ratio": 0.06,
            "account_receivable_turnover_ratio": null,
            "reinvestment_rate": null,
            "research_to_sale_ratio": null,
            "price_fair": 0,
            "eps_avg_yearly": 0,
            "eps_latest_yearly": 0,
            "eps_growth_yearly": 0
        },
        "20034": {
            "year_quarter": 20034,
            "year": 2003,
            "quarter": 4,
            "eps": 0.02,
            "eps_growth_year": null,
            "eps_4q": -1.01,
            "eps_4q_growth_year": null,
            "roe": 0.2,
            "roe_4q": -9.97,
            "gross_profit": -188003,
            "gross_margin": -37.27,
            "gross_margin_4q_avg": -25.21,
            "net_income": 9618,
            "net_income_4q": null,
            "revenue": 504398,
            "revenue_4q": null,
            "common_shares": 4758090,
            "book_valuer_per_share": 9.36,
            "book_valuer_per_share_4q_avg": 9.47,
            "equity": 4996272,
            "current_ratio": 112.13,
            "debt_ratio": 41.47,
            "inventory_turnover_ratio": 0.19,
            "account_receivable_turnover_ratio": null,
            "reinvestment_rate": null,
            "research_to_sale_ratio": null,
            "price_fair": 0,
            "eps_avg_yearly": 0,
            "eps_latest_yearly": 0,
            "eps_growth_yearly": 0
        },
        "20041": {
            "year_quarter": 20041,
            "year": 2004,
            "quarter": 1,
            "eps": -0.11,
            "eps_growth_year": null,
            "eps_4q": -0.47,
            "eps_4q_growth_year": null,
            "roe": -1.1,
            "roe_4q": -4.88,
            "gross_profit": -98305,
            "gross_margin": -47.48,
            "gross_margin_4q_avg": -36.61,
            "net_income": -51535,
            "net_income_4q": null,
            "revenue": 207052,
            "revenue_4q": null,
            "common_shares": 4703060,
            "book_valuer_per_share": 9.37,
            "book_valuer_per_share_4q_avg": 9.38,
            "equity": 4405162,
            "current_ratio": 121.44,
            "debt_ratio": 42.54,
            "inventory_turnover_ratio": 0.08,
            "account_receivable_turnover_ratio": null,
            "reinvestment_rate": null,
            "research_to_sale_ratio": null,
            "price_fair": 0,
            "eps_avg_yearly": 0,
            "eps_latest_yearly": 0,
            "eps_growth_yearly": 0
        },
        "20042": {
            "year_quarter": 20042,
            "year": 2004,
            "quarter": 2,
            "eps": -0.17,
            "eps_growth_year": null,
            "eps_4q": -0.36,
            "eps_4q_growth_year": null,
            "roe": -1.76,
            "roe_4q": -3.8200000000000003,
            "gross_profit": -78542,
            "gross_margin": -36.32,
            "gross_margin_4q_avg": -39.29,
            "net_income": -76912,
            "net_income_4q": null,
            "revenue": 216272,
            "revenue_4q": null,
            "common_shares": 4703060,
            "book_valuer_per_share": 9.21,
            "book_valuer_per_share_4q_avg": 9.32,
            "equity": 4331946,
            "current_ratio": 120.64,
            "debt_ratio": 45.41,
            "inventory_turnover_ratio": 0.08,
            "account_receivable_turnover_ratio": null,
            "reinvestment_rate": null,
            "research_to_sale_ratio": null,
            "price_fair": 0,
            "eps_avg_yearly": 0,
            "eps_latest_yearly": 0,
            "eps_growth_yearly": 0
        },
        "20043": {
            "year_quarter": 20043,
            "year": 2004,
            "quarter": 3,
            "eps": -0.09,
            "eps_growth_year": null,
            "eps_4q": -0.34,
            "eps_4q_growth_year": null,
            "roe": -0.95,
            "roe_4q": -3.61,
            "gross_profit": -20187,
            "gross_margin": -16.19,
            "gross_margin_4q_avg": -34.32,
            "net_income": -41066,
            "net_income_4q": null,
            "revenue": 124682,
            "revenue_4q": null,
            "common_shares": 4703060,
            "book_valuer_per_share": 9.13,
            "book_valuer_per_share_4q_avg": 9.27,
            "equity": 4291689,
            "current_ratio": 120.19,
            "debt_ratio": 46.96,
            "inventory_turnover_ratio": 0.04,
            "account_receivable_turnover_ratio": null,
            "reinvestment_rate": null,
            "research_to_sale_ratio": null,
            "price_fair": 0,
            "eps_avg_yearly": 0,
            "eps_latest_yearly": 0,
            "eps_growth_yearly": 0
        },
        "20044": {
            "year_quarter": 20044,
            "year": 2004,
            "quarter": 4,
            "eps": -2.17,
            "eps_growth_year": -10950,
            "eps_4q": -2.37,
            "eps_4q_growth_year": null,
            "roe": -24.34,
            "roe_4q": -28.150000000000002,
            "gross_profit": 520,
            "gross_margin": 1.02,
            "gross_margin_4q_avg": -24.74,
            "net_income": -980513,
            "net_income_4q": null,
            "revenue": 50981,
            "revenue_4q": null,
            "common_shares": 4703060,
            "book_valuer_per_share": 7.02,
            "book_valuer_per_share_4q_avg": 8.68,
            "equity": 3765170,
            "current_ratio": 100.16,
            "debt_ratio": 53.22,
            "inventory_turnover_ratio": 0.01,
            "account_receivable_turnover_ratio": null,
            "reinvestment_rate": null,
            "research_to_sale_ratio": null,
            "price_fair": 0,
            "eps_avg_yearly": 0,
            "eps_latest_yearly": 0,
            "eps_growth_yearly": 0
        },
        "20051": {
            "year_quarter": 20051,
            "year": 2005,
            "quarter": 1,
            "eps": -0.09,
            "eps_growth_year": null,
            "eps_4q": -2.42,
            "eps_4q_growth_year": null,
            "roe": -1.21,
            "roe_4q": -28.26,
            "gross_profit": -5351,
            "gross_margin": -19.23,
            "gross_margin_4q_avg": -17.68,
            "net_income": -42364,
            "net_income_4q": null,
            "revenue": 27821,
            "revenue_4q": null,
            "common_shares": 4703060,
            "book_valuer_per_share": 6.93,
            "book_valuer_per_share_4q_avg": 8.07,
            "equity": 3259831,
            "current_ratio": 106.39,
            "debt_ratio": 55.77,
            "inventory_turnover_ratio": 0.01,
            "account_receivable_turnover_ratio": null,
            "reinvestment_rate": null,
            "research_to_sale_ratio": null,
            "price_fair": 0,
            "eps_avg_yearly": 0,
            "eps_latest_yearly": 0,
            "eps_growth_yearly": 0
        },
        "20052": {
            "year_quarter": 20052,
            "year": 2005,
            "quarter": 2,
            "eps": 0.49,
            "eps_growth_year": null,
            "eps_4q": -1.89,
            "eps_4q_growth_year": null,
            "roe": 6.5,
            "roe_4q": -20,
            "gross_profit": 260934,
            "gross_margin": 18.87,
            "gross_margin_4q_avg": -3.88,
            "net_income": 219209,
            "net_income_4q": null,
            "revenue": 1382931,
            "revenue_4q": null,
            "common_shares": 4703060,
            "book_valuer_per_share": 7.4,
            "book_valuer_per_share_4q_avg": 7.62,
            "equity": 3480162,
            "current_ratio": 117.75,
            "debt_ratio": 45.87,
            "inventory_turnover_ratio": 0.31,
            "account_receivable_turnover_ratio": null,
            "reinvestment_rate": null,
            "research_to_sale_ratio": null,
            "price_fair": 0,
            "eps_avg_yearly": 0,
            "eps_latest_yearly": 0,
            "eps_growth_yearly": 0
        },
        "20053": {
            "year_quarter": 20053,
            "year": 2005,
            "quarter": 3,
            "eps": -0.04,
            "eps_growth_year": null,
            "eps_4q": -1.75,
            "eps_4q_growth_year": null,
            "roe": -0.52,
            "roe_4q": -19.57,
            "gross_profit": -3542,
            "gross_margin": -12.08,
            "gross_margin_4q_avg": -2.86,
            "net_income": -18028,
            "net_income_4q": null,
            "revenue": 29333,
            "revenue_4q": null,
            "common_shares": 4703060,
            "book_valuer_per_share": 7.37,
            "book_valuer_per_share_4q_avg": 7.18,
            "equity": 3467295,
            "current_ratio": 115.86,
            "debt_ratio": 49,
            "inventory_turnover_ratio": 0.01,
            "account_receivable_turnover_ratio": null,
            "reinvestment_rate": null,
            "research_to_sale_ratio": null,
            "price_fair": 0,
            "eps_avg_yearly": 0,
            "eps_latest_yearly": 0,
            "eps_growth_yearly": 0
        },
        "20054": {
            "year_quarter": 20054,
            "year": 2005,
            "quarter": 4,
            "eps": -0.27,
            "eps_growth_year": null,
            "eps_4q": 0.35,
            "eps_4q_growth_year": null,
            "roe": -1.83,
            "roe_4q": 2.9400000000000004,
            "gross_profit": 1709,
            "gross_margin": 5.23,
            "gross_margin_4q_avg": -1.8,
            "net_income": -67181,
            "net_income_4q": null,
            "revenue": 32646,
            "revenue_4q": null,
            "common_shares": 2703060,
            "book_valuer_per_share": 12.56,
            "book_valuer_per_share_4q_avg": 8.57,
            "equity": 3860171,
            "current_ratio": 105.68,
            "debt_ratio": 47.31,
            "inventory_turnover_ratio": 0.01,
            "account_receivable_turnover_ratio": null,
            "reinvestment_rate": null,
            "research_to_sale_ratio": null,
            "price_fair": 0,
            "eps_avg_yearly": 0,
            "eps_latest_yearly": 0,
            "eps_growth_yearly": 0
        },
        "20061": {
            "year_quarter": 20061,
            "year": 2006,
            "quarter": 1,
            "eps": -0.13,
            "eps_growth_year": null,
            "eps_4q": 0.41,
            "eps_4q_growth_year": null,
            "roe": -0.81,
            "roe_4q": 3.34,
            "gross_profit": 4917,
            "gross_margin": 20.96,
            "gross_margin_4q_avg": 8.25,
            "net_income": -32500,
            "net_income_4q": null,
            "revenue": 23454,
            "revenue_4q": null,
            "common_shares": 2703060,
            "book_valuer_per_share": 15.49,
            "book_valuer_per_share_4q_avg": 10.71,
            "equity": 4187734,
            "current_ratio": 111.87,
            "debt_ratio": 43.31,
            "inventory_turnover_ratio": 0.01,
            "account_receivable_turnover_ratio": null,
            "reinvestment_rate": null,
            "research_to_sale_ratio": null,
            "price_fair": 0,
            "eps_avg_yearly": 0,
            "eps_latest_yearly": 0,
            "eps_growth_yearly": 0
        },
        "20062": {
            "year_quarter": 20062,
            "year": 2006,
            "quarter": 2,
            "eps": 1.11,
            "eps_growth_year": 126.53,
            "eps_4q": 0.66,
            "eps_4q_growth_year": null,
            "roe": 6.7,
            "roe_4q": 3.5400000000000005,
            "gross_profit": 232723,
            "gross_margin": 17.4,
            "gross_margin_4q_avg": 7.88,
            "net_income": 289115,
            "net_income_4q": null,
            "revenue": 1337186,
            "revenue_4q": null,
            "common_shares": 2703060,
            "book_valuer_per_share": 16.42,
            "book_valuer_per_share_4q_avg": 12.96,
            "equity": 4437375,
            "current_ratio": 117.17,
            "debt_ratio": 38.58,
            "inventory_turnover_ratio": 0.37,
            "account_receivable_turnover_ratio": null,
            "reinvestment_rate": null,
            "research_to_sale_ratio": null,
            "price_fair": 0,
            "eps_avg_yearly": 0,
            "eps_latest_yearly": 0,
            "eps_growth_yearly": 0
        },
        "20063": {
            "year_quarter": 20063,
            "year": 2006,
            "quarter": 3,
            "eps": 0,
            "eps_growth_year": null,
            "eps_4q": 0.7,
            "eps_4q_growth_year": null,
            "roe": -0.01,
            "roe_4q": 4.050000000000001,
            "gross_profit": 7641,
            "gross_margin": 26,
            "gross_margin_4q_avg": 17.4,
            "net_income": -393,
            "net_income_4q": null,
            "revenue": 29393,
            "revenue_4q": null,
            "common_shares": 2703060,
            "book_valuer_per_share": 16.18,
            "book_valuer_per_share_4q_avg": 15.16,
            "equity": 4374113,
            "current_ratio": 103.07,
            "debt_ratio": 37.55,
            "inventory_turnover_ratio": 0.01,
            "account_receivable_turnover_ratio": null,
            "reinvestment_rate": null,
            "research_to_sale_ratio": null,
            "price_fair": 0,
            "eps_avg_yearly": 0,
            "eps_latest_yearly": 0,
            "eps_growth_yearly": 0
        },
        "20064": {
            "year_quarter": 20064,
            "year": 2006,
            "quarter": 4,
            "eps": -0.2,
            "eps_growth_year": null,
            "eps_4q": 0.76,
            "eps_4q_growth_year": 118.38,
            "roe": -1.08,
            "roe_4q": 4.800000000000001,
            "gross_profit": 6668,
            "gross_margin": 21.54,
            "gross_margin_4q_avg": 21.48,
            "net_income": -51604,
            "net_income_4q": null,
            "revenue": 30950,
            "revenue_4q": null,
            "common_shares": 2703060,
            "book_valuer_per_share": 17.37,
            "book_valuer_per_share_4q_avg": 16.37,
            "equity": 5165859,
            "current_ratio": 99.92,
            "debt_ratio": 39.25,
            "inventory_turnover_ratio": 0.01,
            "account_receivable_turnover_ratio": null,
            "reinvestment_rate": null,
            "research_to_sale_ratio": null,
            "price_fair": 0,
            "eps_avg_yearly": 0,
            "eps_latest_yearly": 0,
            "eps_growth_yearly": 0
        },
        "20071": {
            "year_quarter": 20071,
            "year": 2007,
            "quarter": 1,
            "eps": -0.24,
            "eps_growth_year": null,
            "eps_4q": 0.67,
            "eps_4q_growth_year": 66.05,
            "roe": -1.26,
            "roe_4q": 4.3500000000000005,
            "gross_profit": 9186,
            "gross_margin": 67.25,
            "gross_margin_4q_avg": 33.05,
            "net_income": -62252,
            "net_income_4q": null,
            "revenue": 13660,
            "revenue_4q": null,
            "common_shares": 2703060,
            "book_valuer_per_share": 17.58,
            "book_valuer_per_share_4q_avg": 16.89,
            "equity": 4753307,
            "current_ratio": 101.51,
            "debt_ratio": 38.86,
            "inventory_turnover_ratio": 0,
            "account_receivable_turnover_ratio": null,
            "reinvestment_rate": null,
            "research_to_sale_ratio": null,
            "price_fair": 0,
            "eps_avg_yearly": 0,
            "eps_latest_yearly": 0,
            "eps_growth_yearly": 0
        },
        "20072": {
            "year_quarter": 20072,
            "year": 2007,
            "quarter": 2,
            "eps": 0.1,
            "eps_growth_year": -90.99,
            "eps_4q": -0.32,
            "eps_4q_growth_year": -148.14,
            "roe": 0.57,
            "roe_4q": -1.78,
            "gross_profit": 54979,
            "gross_margin": 23.32,
            "gross_margin_4q_avg": 34.53,
            "net_income": 27413,
            "net_income_4q": null,
            "revenue": 235756,
            "revenue_4q": null,
            "common_shares": 2703060,
            "book_valuer_per_share": 18.3,
            "book_valuer_per_share_4q_avg": 17.36,
            "equity": 4945992,
            "current_ratio": 110.82,
            "debt_ratio": 36.27,
            "inventory_turnover_ratio": 0.06,
            "account_receivable_turnover_ratio": null,
            "reinvestment_rate": null,
            "research_to_sale_ratio": null,
            "price_fair": 0,
            "eps_avg_yearly": 0,
            "eps_latest_yearly": 0,
            "eps_growth_yearly": 0
        },
        "20073": {
            "year_quarter": 20073,
            "year": 2007,
            "quarter": 3,
            "eps": 0.41,
            "eps_growth_year": null,
            "eps_4q": 0.08,
            "eps_4q_growth_year": -88.69,
            "roe": 2.18,
            "roe_4q": 0.4099999999999999,
            "gross_profit": 58151,
            "gross_margin": 20.54,
            "gross_margin_4q_avg": 33.16,
            "net_income": 107103,
            "net_income_4q": null,
            "revenue": 283072,
            "revenue_4q": null,
            "common_shares": 2703060,
            "book_valuer_per_share": 18.1,
            "book_valuer_per_share_4q_avg": 17.84,
            "equity": 4892951,
            "current_ratio": 116.15,
            "debt_ratio": 34.01,
            "inventory_turnover_ratio": 0.08,
            "account_receivable_turnover_ratio": null,
            "reinvestment_rate": null,
            "research_to_sale_ratio": null,
            "price_fair": 57.4,
            "eps_avg_yearly": 1.64,
            "eps_latest_yearly": 1.64,
            "eps_growth_yearly": 1240
        },
        "20074": {
            "year_quarter": 20074,
            "year": 2007,
            "quarter": 4,
            "eps": -0.04,
            "eps_growth_year": null,
            "eps_4q": 0.25,
            "eps_4q_growth_year": -66.63,
            "roe": -0.19,
            "roe_4q": 1.3,
            "gross_profit": 10571,
            "gross_margin": 100,
            "gross_margin_4q_avg": 52.78,
            "net_income": -9743,
            "net_income_4q": null,
            "revenue": 10571,
            "revenue_4q": null,
            "common_shares": 2703060,
            "book_valuer_per_share": 17.26,
            "book_valuer_per_share_4q_avg": 17.81,
            "equity": 5134510,
            "current_ratio": 111.81,
            "debt_ratio": 35.05,
            "inventory_turnover_ratio": 0,
            "account_receivable_turnover_ratio": null,
            "reinvestment_rate": null,
            "research_to_sale_ratio": null,
            "price_fair": 57.4,
            "eps_avg_yearly": 1.64,
            "eps_latest_yearly": 1.64,
            "eps_growth_yearly": 1240
        },
        "20081": {
            "year_quarter": 20081,
            "year": 2008,
            "quarter": 1,
            "eps": -0.13,
            "eps_growth_year": null,
            "eps_4q": 0.35,
            "eps_4q_growth_year": -48.4,
            "roe": -0.68,
            "roe_4q": 1.88,
            "gross_profit": 45026,
            "gross_margin": 23.02,
            "gross_margin_4q_avg": 41.72,
            "net_income": -34183,
            "net_income_4q": null,
            "revenue": 195637,
            "revenue_4q": null,
            "common_shares": 2703060,
            "book_valuer_per_share": 16.47,
            "book_valuer_per_share_4q_avg": 17.53,
            "equity": 4920292,
            "current_ratio": 112.22,
            "debt_ratio": 35.72,
            "inventory_turnover_ratio": 0.06,
            "account_receivable_turnover_ratio": null,
            "reinvestment_rate": null,
            "research_to_sale_ratio": null,
            "price_fair": 57.4,
            "eps_avg_yearly": 1.64,
            "eps_latest_yearly": 1.64,
            "eps_growth_yearly": 1240
        },
        "20082": {
            "year_quarter": 20082,
            "year": 2008,
            "quarter": 2,
            "eps": -0.09,
            "eps_growth_year": -190,
            "eps_4q": 0.15,
            "eps_4q_growth_year": null,
            "roe": -0.51,
            "roe_4q": 0.8000000000000003,
            "gross_profit": 17556,
            "gross_margin": 35.08,
            "gross_margin_4q_avg": 44.66,
            "net_income": -24305,
            "net_income_4q": null,
            "revenue": 50046,
            "revenue_4q": null,
            "common_shares": 2703060,
            "book_valuer_per_share": 15.54,
            "book_valuer_per_share_4q_avg": 16.84,
            "equity": 4665642,
            "current_ratio": 104.54,
            "debt_ratio": 39.26,
            "inventory_turnover_ratio": 0.01,
            "account_receivable_turnover_ratio": null,
            "reinvestment_rate": null,
            "research_to_sale_ratio": null,
            "price_fair": 57.4,
            "eps_avg_yearly": 1.64,
            "eps_latest_yearly": 1.64,
            "eps_growth_yearly": 1240
        },
        "20083": {
            "year_quarter": 20083,
            "year": 2008,
            "quarter": 3,
            "eps": 0.39,
            "eps_growth_year": -4.88,
            "eps_4q": 0.14,
            "eps_4q_growth_year": 82.63,
            "roe": 2.28,
            "roe_4q": 0.8999999999999999,
            "gross_profit": 85643,
            "gross_margin": 23.34,
            "gross_margin_4q_avg": 45.36,
            "net_income": 100064,
            "net_income_4q": null,
            "revenue": 366992,
            "revenue_4q": null,
            "common_shares": 2703060,
            "book_valuer_per_share": 13.57,
            "book_valuer_per_share_4q_avg": 15.71,
            "equity": 4130702,
            "current_ratio": 109.84,
            "debt_ratio": 39.93,
            "inventory_turnover_ratio": 0.1,
            "account_receivable_turnover_ratio": null,
            "reinvestment_rate": null,
            "research_to_sale_ratio": null,
            "price_fair": 57.4,
            "eps_avg_yearly": 1.64,
            "eps_latest_yearly": 1.64,
            "eps_growth_yearly": 1240
        },
        "20084": {
            "year_quarter": 20084,
            "year": 2008,
            "quarter": 4,
            "eps": 0.07,
            "eps_growth_year": null,
            "eps_4q": 0.28,
            "eps_4q_growth_year": 10.8,
            "roe": 0.39,
            "roe_4q": 1.48,
            "gross_profit": 341802,
            "gross_margin": 138.35,
            "gross_margin_4q_avg": 54.95,
            "net_income": 15822,
            "net_income_4q": null,
            "revenue": 247064,
            "revenue_4q": null,
            "common_shares": 2703060,
            "book_valuer_per_share": 12.68,
            "book_valuer_per_share_4q_avg": 14.57,
            "equity": 3890521,
            "current_ratio": 117.1,
            "debt_ratio": 41.58,
            "inventory_turnover_ratio": -0.03,
            "account_receivable_turnover_ratio": 14.42,
            "reinvestment_rate": -122.04,
            "research_to_sale_ratio": null,
            "price_fair": 33.6,
            "eps_avg_yearly": 0.96,
            "eps_latest_yearly": 0.28,
            "eps_growth_yearly": 455.9
        },
        "20091": {
            "year_quarter": 20091,
            "year": 2009,
            "quarter": 1,
            "eps": -0.19,
            "eps_growth_year": null,
            "eps_4q": 0.18,
            "eps_4q_growth_year": -48.28,
            "roe": -1.22,
            "roe_4q": 0.9399999999999997,
            "gross_profit": 27961,
            "gross_margin": 45,
            "gross_margin_4q_avg": 60.44,
            "net_income": -48925,
            "net_income_4q": null,
            "revenue": 62136,
            "revenue_4q": null,
            "common_shares": 2703060,
            "book_valuer_per_share": 13.58,
            "book_valuer_per_share_4q_avg": 13.84,
            "equity": 4132873,
            "current_ratio": 141.88,
            "debt_ratio": 45.8,
            "inventory_turnover_ratio": 0.01,
            "account_receivable_turnover_ratio": 1.94,
            "reinvestment_rate": 183.49,
            "research_to_sale_ratio": null,
            "price_fair": 33.6,
            "eps_avg_yearly": 0.96,
            "eps_latest_yearly": 0.28,
            "eps_growth_yearly": 455.9
        },
        "20092": {
            "year_quarter": 20092,
            "year": 2009,
            "quarter": 2,
            "eps": -0.08,
            "eps_growth_year": null,
            "eps_4q": 0.18,
            "eps_4q_growth_year": 17.86,
            "roe": -0.72,
            "roe_4q": 0.73,
            "gross_profit": 11307,
            "gross_margin": 28.2,
            "gross_margin_4q_avg": 58.72,
            "net_income": -29869,
            "net_income_4q": null,
            "revenue": 40091,
            "revenue_4q": null,
            "common_shares": 2703060,
            "book_valuer_per_share": 13.77,
            "book_valuer_per_share_4q_avg": 13.4,
            "equity": 4178186,
            "current_ratio": 136.49,
            "debt_ratio": 46.72,
            "inventory_turnover_ratio": 0.01,
            "account_receivable_turnover_ratio": 1.19,
            "reinvestment_rate": 465.56,
            "research_to_sale_ratio": null,
            "price_fair": 33.6,
            "eps_avg_yearly": 0.96,
            "eps_latest_yearly": 0.28,
            "eps_growth_yearly": 455.9
        },
        "20093": {
            "year_quarter": 20093,
            "year": 2009,
            "quarter": 3,
            "eps": 0.05,
            "eps_growth_year": -87.18,
            "eps_4q": -0.19,
            "eps_4q_growth_year": -228.57,
            "roe": 0.25,
            "roe_4q": -1.2999999999999998,
            "gross_profit": 87923,
            "gross_margin": 14.98,
            "gross_margin_4q_avg": 56.63,
            "net_income": 11091,
            "net_income_4q": null,
            "revenue": 586893,
            "revenue_4q": null,
            "common_shares": 2703060,
            "book_valuer_per_share": 15.5,
            "book_valuer_per_share_4q_avg": 13.88,
            "equity": 4644496,
            "current_ratio": 138.63,
            "debt_ratio": 42.23,
            "inventory_turnover_ratio": 0.14,
            "account_receivable_turnover_ratio": 17.34,
            "reinvestment_rate": 375.71,
            "research_to_sale_ratio": null,
            "price_fair": 33.6,
            "eps_avg_yearly": 0.96,
            "eps_latest_yearly": 0.28,
            "eps_growth_yearly": 455.9
        },
        "20094": {
            "year_quarter": 20094,
            "year": 2009,
            "quarter": 4,
            "eps": 0.72,
            "eps_growth_year": 928.57,
            "eps_4q": 0.5,
            "eps_4q_growth_year": 76.26,
            "roe": 3.57,
            "roe_4q": 1.8799999999999997,
            "gross_profit": 72082,
            "gross_margin": 27.96,
            "gross_margin_4q_avg": 29.04,
            "net_income": 171698,
            "net_income_4q": null,
            "revenue": 257773,
            "revenue_4q": null,
            "common_shares": 2703060,
            "book_valuer_per_share": 17.29,
            "book_valuer_per_share_4q_avg": 15.04,
            "equity": 4963314,
            "current_ratio": 147.42,
            "debt_ratio": 38.13,
            "inventory_turnover_ratio": 0.06,
            "account_receivable_turnover_ratio": 20.89,
            "reinvestment_rate": 412.03,
            "research_to_sale_ratio": null,
            "price_fair": 56,
            "eps_avg_yearly": 1.6,
            "eps_latest_yearly": 2.88,
            "eps_growth_yearly": 2090.6
        },
        "20101": {
            "year_quarter": 20101,
            "year": 2010,
            "quarter": 1,
            "eps": 0.06,
            "eps_growth_year": null,
            "eps_4q": 0.75,
            "eps_4q_growth_year": 316.09,
            "roe": 0.35,
            "roe_4q": 3.45,
            "gross_profit": 35953,
            "gross_margin": 24.54,
            "gross_margin_4q_avg": 23.92,
            "net_income": 17286,
            "net_income_4q": null,
            "revenue": 146533,
            "revenue_4q": null,
            "common_shares": 2703060,
            "book_valuer_per_share": 17.39,
            "book_valuer_per_share_4q_avg": 15.99,
            "equity": 4989399,
            "current_ratio": 155.76,
            "debt_ratio": 37.18,
            "inventory_turnover_ratio": 0.04,
            "account_receivable_turnover_ratio": 5.47,
            "reinvestment_rate": 572.25,
            "research_to_sale_ratio": null,
            "price_fair": 44.1,
            "eps_avg_yearly": 1.26,
            "eps_latest_yearly": 0.24,
            "eps_growth_yearly": 1476.28
        },
        "20102": {
            "year_quarter": 20102,
            "year": 2010,
            "quarter": 2,
            "eps": 0.69,
            "eps_growth_year": null,
            "eps_4q": 1.52,
            "eps_4q_growth_year": 737.24,
            "roe": 3.7,
            "roe_4q": 7.869999999999999,
            "gross_profit": 266214,
            "gross_margin": 159.76,
            "gross_margin_4q_avg": 56.81,
            "net_income": 182809,
            "net_income_4q": null,
            "revenue": 166632,
            "revenue_4q": null,
            "common_shares": 2703060,
            "book_valuer_per_share": 16.99,
            "book_valuer_per_share_4q_avg": 16.79,
            "equity": 4885546,
            "current_ratio": 152.14,
            "debt_ratio": 38.63,
            "inventory_turnover_ratio": -0.03,
            "account_receivable_turnover_ratio": 6.59,
            "reinvestment_rate": 674.42,
            "research_to_sale_ratio": null,
            "price_fair": 54.6,
            "eps_avg_yearly": 1.56,
            "eps_latest_yearly": 2.76,
            "eps_growth_yearly": 2021.03
        },
        "20103": {
            "year_quarter": 20103,
            "year": 2010,
            "quarter": 3,
            "eps": 0.07,
            "eps_growth_year": 46.11,
            "eps_4q": 1.55,
            "eps_4q_growth_year": null,
            "roe": 0.5,
            "roe_4q": 8.12,
            "gross_profit": 30198,
            "gross_margin": 34.03,
            "gross_margin_4q_avg": 61.57,
            "net_income": 24977,
            "net_income_4q": null,
            "revenue": 88735,
            "revenue_4q": null,
            "common_shares": 2703060,
            "book_valuer_per_share": 17.57,
            "book_valuer_per_share_4q_avg": 17.31,
            "equity": 5043122,
            "current_ratio": 134.11,
            "debt_ratio": 46.25,
            "inventory_turnover_ratio": 0.02,
            "account_receivable_turnover_ratio": 2.9,
            "reinvestment_rate": 653.31,
            "research_to_sale_ratio": null,
            "price_fair": 47.13,
            "eps_avg_yearly": 1.35,
            "eps_latest_yearly": 0.28,
            "eps_growth_yearly": 1624.28
        },
        "20104": {
            "year_quarter": 20104,
            "year": 2010,
            "quarter": 4,
            "eps": -0.08,
            "eps_growth_year": -110.86,
            "eps_4q": 0.75,
            "eps_4q_growth_year": 50.91,
            "roe": -0.39,
            "roe_4q": 4.16,
            "gross_profit": 60023,
            "gross_margin": 44.63,
            "gross_margin_4q_avg": 65.74,
            "net_income": -20852,
            "net_income_4q": null,
            "revenue": 134487,
            "revenue_4q": null,
            "common_shares": 2703060,
            "book_valuer_per_share": 19.67,
            "book_valuer_per_share_4q_avg": 17.91,
            "equity": 5594341,
            "current_ratio": 133.55,
            "debt_ratio": 42.72,
            "inventory_turnover_ratio": 0.02,
            "account_receivable_turnover_ratio": 5.15,
            "reinvestment_rate": 563.47,
            "research_to_sale_ratio": null,
            "price_fair": 47.13,
            "eps_avg_yearly": 1.35,
            "eps_latest_yearly": 0.28,
            "eps_growth_yearly": 1624.28
        },
        "20111": {
            "year_quarter": 20111,
            "year": 2011,
            "quarter": 1,
            "eps": 1.99,
            "eps_growth_year": 3216.67,
            "eps_4q": 2.67,
            "eps_4q_growth_year": 257.23,
            "roe": 8.99,
            "roe_4q": 12.8,
            "gross_profit": 36172,
            "gross_margin": 33.56,
            "gross_margin_4q_avg": 68,
            "net_income": 520841,
            "net_income_4q": null,
            "revenue": 107793,
            "revenue_4q": null,
            "common_shares": 2703060,
            "book_valuer_per_share": 21.19,
            "book_valuer_per_share_4q_avg": 18.86,
            "equity": 5990646,
            "current_ratio": 144.1,
            "debt_ratio": 41.86,
            "inventory_turnover_ratio": 0.02,
            "account_receivable_turnover_ratio": 7.71,
            "reinvestment_rate": 307.46,
            "research_to_sale_ratio": null,
            "price_fair": 47.13,
            "eps_avg_yearly": 1.35,
            "eps_latest_yearly": 0.28,
            "eps_growth_yearly": 1624.28
        },
        "20112": {
            "year_quarter": 20112,
            "year": 2011,
            "quarter": 2,
            "eps": 0.14,
            "eps_growth_year": -79.97,
            "eps_4q": 2.12,
            "eps_4q_growth_year": 39.24,
            "roe": 0.6,
            "roe_4q": 9.7,
            "gross_profit": 37887,
            "gross_margin": 41.43,
            "gross_margin_4q_avg": 38.41,
            "net_income": 35790,
            "net_income_4q": null,
            "revenue": 91444,
            "revenue_4q": null,
            "common_shares": 2703060,
            "book_valuer_per_share": 20.81,
            "book_valuer_per_share_4q_avg": 19.81,
            "equity": 5891339,
            "current_ratio": 140.03,
            "debt_ratio": 41.94,
            "inventory_turnover_ratio": 0.01,
            "account_receivable_turnover_ratio": 4.87,
            "reinvestment_rate": 440.32,
            "research_to_sale_ratio": null,
            "price_fair": 43.2,
            "eps_avg_yearly": 1.23,
            "eps_latest_yearly": 0.56,
            "eps_growth_yearly": 1339.12
        },
        "20113": {
            "year_quarter": 20113,
            "year": 2011,
            "quarter": 3,
            "eps": 0.04,
            "eps_growth_year": -46.82,
            "eps_4q": 2.09,
            "eps_4q_growth_year": 34.62,
            "roe": 0.14,
            "roe_4q": 9.34,
            "gross_profit": 10562,
            "gross_margin": 24.51,
            "gross_margin_4q_avg": 36.03,
            "net_income": 8158,
            "net_income_4q": null,
            "revenue": 43088,
            "revenue_4q": null,
            "common_shares": 2703060,
            "book_valuer_per_share": 20.36,
            "book_valuer_per_share_4q_avg": 20.51,
            "equity": 5772707,
            "current_ratio": 138.33,
            "debt_ratio": 42.79,
            "inventory_turnover_ratio": 0.01,
            "account_receivable_turnover_ratio": 1.85,
            "reinvestment_rate": 470.72,
            "research_to_sale_ratio": null,
            "price_fair": 35.8,
            "eps_avg_yearly": 1.02,
            "eps_latest_yearly": 0.16,
            "eps_growth_yearly": 1121.16
        },
        "20114": {
            "year_quarter": 20114,
            "year": 2011,
            "quarter": 4,
            "eps": -0.35,
            "eps_growth_year": null,
            "eps_4q": 1.81,
            "eps_4q_growth_year": 141.15,
            "roe": -1.64,
            "roe_4q": 8.09,
            "gross_profit": -18575,
            "gross_margin": -38.61,
            "gross_margin_4q_avg": 15.22,
            "net_income": -93643,
            "net_income_4q": null,
            "revenue": 48114,
            "revenue_4q": null,
            "common_shares": 2703060,
            "book_valuer_per_share": 19.84,
            "book_valuer_per_share_4q_avg": 20.55,
            "equity": 5633792,
            "current_ratio": 178.04,
            "debt_ratio": 48.43,
            "inventory_turnover_ratio": 0.01,
            "account_receivable_turnover_ratio": 1.88,
            "reinvestment_rate": 415.77,
            "research_to_sale_ratio": null,
            "price_fair": 35.8,
            "eps_avg_yearly": 1.02,
            "eps_latest_yearly": 0.16,
            "eps_growth_yearly": 1121.16
        },
        "20121": {
            "year_quarter": 20121,
            "year": 2012,
            "quarter": 1,
            "eps": -0.13,
            "eps_growth_year": -106.53,
            "eps_4q": -0.31,
            "eps_4q_growth_year": -111.44,
            "roe": -0.6,
            "roe_4q": -1.4999999999999996,
            "gross_profit": 18958,
            "gross_margin": 36.56,
            "gross_margin_4q_avg": 15.97,
            "net_income": -34342,
            "net_income_4q": null,
            "revenue": 51861,
            "revenue_4q": null,
            "common_shares": 2703060,
            "book_valuer_per_share": 20.79,
            "book_valuer_per_share_4q_avg": 20.45,
            "equity": 5884291,
            "current_ratio": 180.18,
            "debt_ratio": 47.85,
            "inventory_turnover_ratio": 0.01,
            "account_receivable_turnover_ratio": 2.07,
            "reinvestment_rate": 286.58,
            "research_to_sale_ratio": null,
            "price_fair": 35.8,
            "eps_avg_yearly": 1.02,
            "eps_latest_yearly": 0.16,
            "eps_growth_yearly": 1121.16
        },
        "20122": {
            "year_quarter": 20122,
            "year": 2012,
            "quarter": 2,
            "eps": 0.72,
            "eps_growth_year": 420.08,
            "eps_4q": 0.28,
            "eps_4q_growth_year": -86.98,
            "roe": 3.31,
            "roe_4q": 1.21,
            "gross_profit": 321737,
            "gross_margin": 21.34,
            "gross_margin_4q_avg": 10.95,
            "net_income": 187862,
            "net_income_4q": null,
            "revenue": 1507495,
            "revenue_4q": null,
            "common_shares": 2703060,
            "book_valuer_per_share": 19.18,
            "book_valuer_per_share_4q_avg": 20.04,
            "equity": 5461904,
            "current_ratio": 175.85,
            "debt_ratio": 47.25,
            "inventory_turnover_ratio": 0.21,
            "account_receivable_turnover_ratio": 42.96,
            "reinvestment_rate": 188.68,
            "research_to_sale_ratio": null,
            "price_fair": 35.8,
            "eps_avg_yearly": 1.02,
            "eps_latest_yearly": 0.16,
            "eps_growth_yearly": 1121.16
        },
        "20123": {
            "year_quarter": 20123,
            "year": 2012,
            "quarter": 3,
            "eps": 0.08,
            "eps_growth_year": 107.13,
            "eps_4q": 0.32,
            "eps_4q_growth_year": -84.77,
            "roe": 0.34,
            "roe_4q": 1.41,
            "gross_profit": 15688,
            "gross_margin": 34.84,
            "gross_margin_4q_avg": 13.53,
            "net_income": 18623,
            "net_income_4q": null,
            "revenue": 45028,
            "revenue_4q": null,
            "common_shares": 2703060,
            "book_valuer_per_share": 19.66,
            "book_valuer_per_share_4q_avg": 19.87,
            "equity": 5585140,
            "current_ratio": 204.11,
            "debt_ratio": 51.92,
            "inventory_turnover_ratio": 0,
            "account_receivable_turnover_ratio": 1.14,
            "reinvestment_rate": 214.65,
            "research_to_sale_ratio": null,
            "price_fair": 32.73,
            "eps_avg_yearly": 0.94,
            "eps_latest_yearly": 0.32,
            "eps_growth_yearly": 936.57
        },
        "20124": {
            "year_quarter": 20124,
            "year": 2012,
            "quarter": 4,
            "eps": 0.28,
            "eps_growth_year": null,
            "eps_4q": 0.95,
            "eps_4q_growth_year": -47.4,
            "roe": 2.49,
            "roe_4q": 5.540000000000001,
            "gross_profit": 13684,
            "gross_margin": 41.87,
            "gross_margin_4q_avg": 33.65,
            "net_income": 143813,
            "net_income_4q": null,
            "revenue": 32681,
            "revenue_4q": null,
            "common_shares": 2703060,
            "book_valuer_per_share": 20.8,
            "book_valuer_per_share_4q_avg": 20.11,
            "equity": 5951633,
            "current_ratio": 198.85,
            "debt_ratio": 53.91,
            "inventory_turnover_ratio": 0,
            "account_receivable_turnover_ratio": 1.29,
            "reinvestment_rate": 229.53,
            "research_to_sale_ratio": null,
            "price_fair": 36.4,
            "eps_avg_yearly": 1.04,
            "eps_latest_yearly": 1.12,
            "eps_growth_yearly": 1102.6
        },
        "20131": {
            "year_quarter": 20131,
            "year": 2013,
            "quarter": 1,
            "eps": -0.21,
            "eps_growth_year": null,
            "eps_4q": 0.87,
            "eps_4q_growth_year": null,
            "roe": -0.98,
            "roe_4q": 5.16,
            "gross_profit": 8165,
            "gross_margin": 12.89,
            "gross_margin_4q_avg": 27.74,
            "net_income": -57079,
            "net_income_4q": null,
            "revenue": 63335,
            "revenue_4q": null,
            "common_shares": 2703060,
            "book_valuer_per_share": 20.08,
            "book_valuer_per_share_4q_avg": 19.93,
            "equity": 5733231,
            "current_ratio": 202.11,
            "debt_ratio": 58.4,
            "inventory_turnover_ratio": 0.01,
            "account_receivable_turnover_ratio": 2.9,
            "reinvestment_rate": 226.03,
            "research_to_sale_ratio": null,
            "price_fair": 36.4,
            "eps_avg_yearly": 1.04,
            "eps_latest_yearly": 1.12,
            "eps_growth_yearly": 1102.6
        },
        "20132": {
            "year_quarter": 20132,
            "year": 2013,
            "quarter": 2,
            "eps": -0.24,
            "eps_growth_year": -133.31,
            "eps_4q": -0.09,
            "eps_4q_growth_year": -132.14,
            "roe": -1.15,
            "roe_4q": 0.7000000000000004,
            "gross_profit": 27489,
            "gross_margin": 51.59,
            "gross_margin_4q_avg": 35.3,
            "net_income": -64726,
            "net_income_4q": null,
            "revenue": 53284,
            "revenue_4q": null,
            "common_shares": 2703060,
            "book_valuer_per_share": 19.38,
            "book_valuer_per_share_4q_avg": 19.98,
            "equity": 5548994,
            "current_ratio": 205.12,
            "debt_ratio": 62.01,
            "inventory_turnover_ratio": 0,
            "account_receivable_turnover_ratio": 2.4,
            "reinvestment_rate": 240.88,
            "research_to_sale_ratio": null,
            "price_fair": 36.4,
            "eps_avg_yearly": 1.04,
            "eps_latest_yearly": 1.12,
            "eps_growth_yearly": 1102.6
        },
        "20133": {
            "year_quarter": 20133,
            "year": 2013,
            "quarter": 3,
            "eps": 0.08,
            "eps_growth_year": -0.58,
            "eps_4q": -0.09,
            "eps_4q_growth_year": -128.69,
            "roe": 0.32,
            "roe_4q": 0.6800000000000004,
            "gross_profit": 18776,
            "gross_margin": 8.68,
            "gross_margin_4q_avg": 28.76,
            "net_income": 18486,
            "net_income_4q": null,
            "revenue": 216344,
            "revenue_4q": null,
            "common_shares": 2703060,
            "book_valuer_per_share": 20.57,
            "book_valuer_per_share_4q_avg": 20.21,
            "equity": 5859461,
            "current_ratio": 195.27,
            "debt_ratio": 64.83,
            "inventory_turnover_ratio": 0.02,
            "account_receivable_turnover_ratio": 11.91,
            "reinvestment_rate": 267.48,
            "research_to_sale_ratio": null,
            "price_fair": 36.4,
            "eps_avg_yearly": 1.04,
            "eps_latest_yearly": 1.12,
            "eps_growth_yearly": 1102.6
        },
        "20134": {
            "year_quarter": 20134,
            "year": 2013,
            "quarter": 4,
            "eps": 1.63,
            "eps_growth_year": 477.83,
            "eps_4q": 1.26,
            "eps_4q_growth_year": 32.11,
            "roe": 7.04,
            "roe_4q": 5.23,
            "gross_profit": 565983,
            "gross_margin": 27.5,
            "gross_margin_4q_avg": 25.17,
            "net_income": 425259,
            "net_income_4q": null,
            "revenue": 2058362,
            "revenue_4q": null,
            "common_shares": 2703060,
            "book_valuer_per_share": 21.94,
            "book_valuer_per_share_4q_avg": 20.49,
            "equity": 6216611,
            "current_ratio": 166.01,
            "debt_ratio": 61.15,
            "inventory_turnover_ratio": 0.14,
            "account_receivable_turnover_ratio": 70.03,
            "reinvestment_rate": 23.6,
            "research_to_sale_ratio": null,
            "price_fair": 52.33,
            "eps_avg_yearly": 1.5,
            "eps_latest_yearly": 6.52,
            "eps_growth_yearly": 1401.35
        },
        "20141": {
            "year_quarter": 20141,
            "year": 2014,
            "quarter": 1,
            "eps": 0.04,
            "eps_growth_year": null,
            "eps_4q": 1.51,
            "eps_4q_growth_year": 72.75,
            "roe": 0.14,
            "roe_4q": 6.35,
            "gross_profit": 60188,
            "gross_margin": 32.37,
            "gross_margin_4q_avg": 30.04,
            "net_income": 9395,
            "net_income_4q": null,
            "revenue": 185965,
            "revenue_4q": null,
            "common_shares": 2703060,
            "book_valuer_per_share": 23.98,
            "book_valuer_per_share_4q_avg": 21.47,
            "equity": 6748417,
            "current_ratio": 160.89,
            "debt_ratio": 60.58,
            "inventory_turnover_ratio": 0.01,
            "account_receivable_turnover_ratio": 4.64,
            "reinvestment_rate": 76.36,
            "research_to_sale_ratio": null,
            "price_fair": 51.98,
            "eps_avg_yearly": 1.49,
            "eps_latest_yearly": 0.16,
            "eps_growth_yearly": 1398.41
        },
        "20142": {
            "year_quarter": 20142,
            "year": 2014,
            "quarter": 2,
            "eps": -0.22,
            "eps_growth_year": null,
            "eps_4q": 1.53,
            "eps_4q_growth_year": null,
            "roe": -0.88,
            "roe_4q": 6.62,
            "gross_profit": 24332,
            "gross_margin": 18.05,
            "gross_margin_4q_avg": 21.65,
            "net_income": -60099,
            "net_income_4q": null,
            "revenue": 134831,
            "revenue_4q": null,
            "common_shares": 2703060,
            "book_valuer_per_share": 24.59,
            "book_valuer_per_share_4q_avg": 22.77,
            "equity": 6903796,
            "current_ratio": 153.8,
            "debt_ratio": 62,
            "inventory_turnover_ratio": 0.01,
            "account_receivable_turnover_ratio": 4.45,
            "reinvestment_rate": 158.35,
            "research_to_sale_ratio": null,
            "price_fair": 45.6,
            "eps_avg_yearly": 1.3,
            "eps_latest_yearly": 0.16,
            "eps_growth_yearly": 998.18
        },
        "20143": {
            "year_quarter": 20143,
            "year": 2014,
            "quarter": 3,
            "eps": 3.79,
            "eps_growth_year": 4637.5,
            "eps_4q": 5.25,
            "eps_4q_growth_year": null,
            "roe": 13.66,
            "roe_4q": 19.96,
            "gross_profit": 986368,
            "gross_margin": 21.46,
            "gross_margin_4q_avg": 24.85,
            "net_income": 991302,
            "net_income_4q": null,
            "revenue": 4595729,
            "revenue_4q": null,
            "common_shares": 2703060,
            "book_valuer_per_share": 27.28,
            "book_valuer_per_share_4q_avg": 24.45,
            "equity": 7607177,
            "current_ratio": 223.27,
            "debt_ratio": 49.15,
            "inventory_turnover_ratio": 0.36,
            "account_receivable_turnover_ratio": 202.77,
            "reinvestment_rate": 63.23,
            "research_to_sale_ratio": null,
            "price_fair": 51.57,
            "eps_avg_yearly": 1.47,
            "eps_latest_yearly": 0.16,
            "eps_growth_yearly": 1224.45
        },
        "20144": {
            "year_quarter": 20144,
            "year": 2014,
            "quarter": 4,
            "eps": -0.23,
            "eps_growth_year": -114.25,
            "eps_4q": 3.38,
            "eps_4q_growth_year": 168.49,
            "roe": -0.92,
            "roe_4q": 12,
            "gross_profit": 22732,
            "gross_margin": 37.52,
            "gross_margin_4q_avg": 27.35,
            "net_income": -70362,
            "net_income_4q": null,
            "revenue": 60586,
            "revenue_4q": null,
            "common_shares": 2703060,
            "book_valuer_per_share": 27.93,
            "book_valuer_per_share_4q_avg": 25.95,
            "equity": 7769438,
            "current_ratio": 210.66,
            "debt_ratio": 50.09,
            "inventory_turnover_ratio": 0,
            "account_receivable_turnover_ratio": 3.31,
            "reinvestment_rate": 46.71,
            "research_to_sale_ratio": null,
            "price_fair": 51.57,
            "eps_avg_yearly": 1.47,
            "eps_latest_yearly": 0.16,
            "eps_growth_yearly": 1224.45
        },
        "20151": {
            "year_quarter": 20151,
            "year": 2015,
            "quarter": 1,
            "eps": 0.19,
            "eps_growth_year": 375,
            "eps_4q": 3.53,
            "eps_4q_growth_year": 133.92,
            "roe": 0.61,
            "roe_4q": 12.469999999999999,
            "gross_profit": 32277,
            "gross_margin": 38.28,
            "gross_margin_4q_avg": 28.83,
            "net_income": 48613,
            "net_income_4q": null,
            "revenue": 84324,
            "revenue_4q": null,
            "common_shares": 2703060,
            "book_valuer_per_share": 29.48,
            "book_valuer_per_share_4q_avg": 27.32,
            "equity": 8172689,
            "current_ratio": 196.3,
            "debt_ratio": 51.09,
            "inventory_turnover_ratio": 0.01,
            "account_receivable_turnover_ratio": 5.73,
            "reinvestment_rate": 94.29,
            "research_to_sale_ratio": null,
            "price_fair": 51.57,
            "eps_avg_yearly": 1.47,
            "eps_latest_yearly": 0.16,
            "eps_growth_yearly": 1224.45
        },
        "20152": {
            "year_quarter": 20152,
            "year": 2015,
            "quarter": 2,
            "eps": 1.4,
            "eps_growth_year": null,
            "eps_4q": 5.16,
            "eps_4q_growth_year": 236.29,
            "roe": 4.48,
            "roe_4q": 17.830000000000002,
            "gross_profit": 555777,
            "gross_margin": 21.07,
            "gross_margin_4q_avg": 29.58,
            "net_income": 364557,
            "net_income_4q": null,
            "revenue": 2637905,
            "revenue_4q": null,
            "common_shares": 2703060,
            "book_valuer_per_share": 29.19,
            "book_valuer_per_share_4q_avg": 28.47,
            "equity": 8092944,
            "current_ratio": 207.54,
            "debt_ratio": 49.69,
            "inventory_turnover_ratio": 0.22,
            "account_receivable_turnover_ratio": 188.64,
            "reinvestment_rate": -3.76,
            "research_to_sale_ratio": null,
            "price_fair": 80.97,
            "eps_avg_yearly": 2.31,
            "eps_latest_yearly": 5.6,
            "eps_growth_yearly": 1710.99
        },
        "20153": {
            "year_quarter": 20153,
            "year": 2015,
            "quarter": 3,
            "eps": 0.59,
            "eps_growth_year": -84.43,
            "eps_4q": 1.95,
            "eps_4q_growth_year": -62.74,
            "roe": 1.9,
            "roe_4q": 6.070000000000001,
            "gross_profit": 32958,
            "gross_margin": 26.48,
            "gross_margin_4q_avg": 30.84,
            "net_income": 150211,
            "net_income_4q": null,
            "revenue": 124443,
            "revenue_4q": null,
            "common_shares": 2703060,
            "book_valuer_per_share": 27.7,
            "book_valuer_per_share_4q_avg": 28.58,
            "equity": 7700579,
            "current_ratio": 243.5,
            "debt_ratio": 49.69,
            "inventory_turnover_ratio": 0.01,
            "account_receivable_turnover_ratio": 10.99,
            "reinvestment_rate": -25.02,
            "research_to_sale_ratio": null,
            "price_fair": 93.8,
            "eps_avg_yearly": 2.68,
            "eps_latest_yearly": 2.36,
            "eps_growth_yearly": 1720.03
        },
        "20154": {
            "year_quarter": 20154,
            "year": 2015,
            "quarter": 4,
            "eps": 0.49,
            "eps_growth_year": null,
            "eps_4q": 2.68,
            "eps_4q_growth_year": -20.73,
            "roe": 1.59,
            "roe_4q": 8.58,
            "gross_profit": -30902,
            "gross_margin": -29.2,
            "gross_margin_4q_avg": 14.16,
            "net_income": 125180,
            "net_income_4q": null,
            "revenue": 105831,
            "revenue_4q": null,
            "common_shares": 2703060,
            "book_valuer_per_share": 29.08,
            "book_valuer_per_share_4q_avg": 28.86,
            "equity": 8055943,
            "current_ratio": 214.2,
            "debt_ratio": 52.06,
            "inventory_turnover_ratio": 0.01,
            "account_receivable_turnover_ratio": 3.38,
            "reinvestment_rate": -8.9,
            "research_to_sale_ratio": null,
            "price_fair": 90.2,
            "eps_avg_yearly": 2.58,
            "eps_latest_yearly": 1.96,
            "eps_growth_yearly": 1464.63
        },
        "20161": {
            "year_quarter": 20161,
            "year": 2016,
            "quarter": 1,
            "eps": 0.05,
            "eps_growth_year": -73.68,
            "eps_4q": 2.54,
            "eps_4q_growth_year": -28.08,
            "roe": 0.15,
            "roe_4q": 8.120000000000001,
            "gross_profit": 62672,
            "gross_margin": 19.31,
            "gross_margin_4q_avg": 9.42,
            "net_income": 12337,
            "net_income_4q": null,
            "revenue": 324607,
            "revenue_4q": null,
            "common_shares": 2703060,
            "book_valuer_per_share": 28.95,
            "book_valuer_per_share_4q_avg": 28.73,
            "equity": 8020691,
            "current_ratio": 233.87,
            "debt_ratio": 51.56,
            "inventory_turnover_ratio": 0.03,
            "account_receivable_turnover_ratio": 11.04,
            "reinvestment_rate": 39.35,
            "research_to_sale_ratio": null,
            "price_fair": 79.8,
            "eps_avg_yearly": 2.28,
            "eps_latest_yearly": 0.2,
            "eps_growth_yearly": 1236.65
        },
        "20162": {
            "year_quarter": 20162,
            "year": 2016,
            "quarter": 2,
            "eps": -0.15,
            "eps_growth_year": -110.71,
            "eps_4q": 0.98,
            "eps_4q_growth_year": -80.9,
            "roe": -0.56,
            "roe_4q": 3.08,
            "gross_profit": 39258,
            "gross_margin": 21.11,
            "gross_margin_4q_avg": 9.43,
            "net_income": -43908,
            "net_income_4q": null,
            "revenue": 185997,
            "revenue_4q": null,
            "common_shares": 2703060,
            "book_valuer_per_share": 27.39,
            "book_valuer_per_share_4q_avg": 28.28,
            "equity": 7609726,
            "current_ratio": 202.37,
            "debt_ratio": 55.85,
            "inventory_turnover_ratio": 0.01,
            "account_receivable_turnover_ratio": 26.93,
            "reinvestment_rate": 62.63,
            "research_to_sale_ratio": null,
            "price_fair": 79.8,
            "eps_avg_yearly": 2.28,
            "eps_latest_yearly": 0.2,
            "eps_growth_yearly": 1236.65
        },
        "20163": {
            "year_quarter": 20163,
            "year": 2016,
            "quarter": 3,
            "eps": 0.49,
            "eps_growth_year": -16.95,
            "eps_4q": 0.88,
            "eps_4q_growth_year": -54.84,
            "roe": 1.6,
            "roe_4q": 2.7800000000000002,
            "gross_profit": 43073,
            "gross_margin": 27.6,
            "gross_margin_4q_avg": 9.71,
            "net_income": 123675,
            "net_income_4q": null,
            "revenue": 156061,
            "revenue_4q": null,
            "common_shares": 2703060,
            "book_valuer_per_share": 28.22,
            "book_valuer_per_share_4q_avg": 28.41,
            "equity": 7822871,
            "current_ratio": 204.21,
            "debt_ratio": 57.63,
            "inventory_turnover_ratio": 0.01,
            "account_receivable_turnover_ratio": 12.83,
            "reinvestment_rate": 58.49,
            "research_to_sale_ratio": null,
            "price_fair": 89.6,
            "eps_avg_yearly": 2.56,
            "eps_latest_yearly": 0.2,
            "eps_growth_yearly": 1464.11
        },
        "20164": {
            "year_quarter": 20164,
            "year": 2016,
            "quarter": 4,
            "eps": -0.15,
            "eps_growth_year": -129.62,
            "eps_4q": 0.24,
            "eps_4q_growth_year": -90.89,
            "roe": -0.57,
            "roe_4q": 0.6200000000000002,
            "gross_profit": 104593,
            "gross_margin": 130.02,
            "gross_margin_4q_avg": 49.51,
            "net_income": -43334,
            "net_income_4q": null,
            "revenue": 80445,
            "revenue_4q": null,
            "common_shares": 2703060,
            "book_valuer_per_share": 26.59,
            "book_valuer_per_share_4q_avg": 27.79,
            "equity": 7389644,
            "current_ratio": 192.46,
            "debt_ratio": 60.71,
            "inventory_turnover_ratio": -0,
            "account_receivable_turnover_ratio": 0.61,
            "reinvestment_rate": 23.58,
            "research_to_sale_ratio": null,
            "price_fair": 98,
            "eps_avg_yearly": 2.8,
            "eps_latest_yearly": 0.2,
            "eps_growth_yearly": 1541.46
        },
        "20171": {
            "year_quarter": 20171,
            "year": 2017,
            "quarter": 1,
            "eps": -0.14,
            "eps_growth_year": -380,
            "eps_4q": 0.05,
            "eps_4q_growth_year": -97.85,
            "roe": -0.49,
            "roe_4q": -0.020000000000000018,
            "gross_profit": 28681,
            "gross_margin": 65.1,
            "gross_margin_4q_avg": 60.96,
            "net_income": -37651,
            "net_income_4q": null,
            "revenue": 44059,
            "revenue_4q": null,
            "common_shares": 2703060,
            "book_valuer_per_share": 28.35,
            "book_valuer_per_share_4q_avg": 27.64,
            "equity": 7848856,
            "current_ratio": 196.83,
            "debt_ratio": 60.44,
            "inventory_turnover_ratio": 0,
            "account_receivable_turnover_ratio": 0.33,
            "reinvestment_rate": 55.38,
            "research_to_sale_ratio": null,
            "price_fair": 98,
            "eps_avg_yearly": 2.8,
            "eps_latest_yearly": 0.2,
            "eps_growth_yearly": 1541.46
        },
        "20172": {
            "year_quarter": 20172,
            "year": 2017,
            "quarter": 2,
            "eps": -0.19,
            "eps_growth_year": null,
            "eps_4q": 0.01,
            "eps_4q_growth_year": -98.72,
            "roe": -0.73,
            "roe_4q": -0.18999999999999995,
            "gross_profit": 21663,
            "gross_margin": 56.85,
            "gross_margin_4q_avg": 69.89,
            "net_income": -56341,
            "net_income_4q": null,
            "revenue": 38107,
            "revenue_4q": null,
            "common_shares": 2703060,
            "book_valuer_per_share": 27.44,
            "book_valuer_per_share_4q_avg": 27.65,
            "equity": 7604220,
            "current_ratio": 113.13,
            "debt_ratio": 62.75,
            "inventory_turnover_ratio": 0,
            "account_receivable_turnover_ratio": 2.43,
            "reinvestment_rate": 53.75,
            "research_to_sale_ratio": null,
            "price_fair": 98,
            "eps_avg_yearly": 2.8,
            "eps_latest_yearly": 0.2,
            "eps_growth_yearly": 1541.46
        },
        "20173": {
            "year_quarter": 20173,
            "year": 2017,
            "quarter": 3,
            "eps": 0.41,
            "eps_growth_year": -16.33,
            "eps_4q": -0.07,
            "eps_4q_growth_year": -107.94,
            "roe": 1.35,
            "roe_4q": -0.43999999999999984,
            "gross_profit": 23509,
            "gross_margin": 49.94,
            "gross_margin_4q_avg": 75.48,
            "net_income": 102392,
            "net_income_4q": null,
            "revenue": 47070,
            "revenue_4q": null,
            "common_shares": 2703060,
            "book_valuer_per_share": 27.23,
            "book_valuer_per_share_4q_avg": 27.4,
            "equity": 7546503,
            "current_ratio": 113.34,
            "debt_ratio": 64.11,
            "inventory_turnover_ratio": 0,
            "account_receivable_turnover_ratio": 3.17,
            "reinvestment_rate": 29.75,
            "research_to_sale_ratio": null,
            "price_fair": 98,
            "eps_avg_yearly": 2.8,
            "eps_latest_yearly": 0.2,
            "eps_growth_yearly": 1541.46
        },
        "20174": {
            "year_quarter": 20174,
            "year": 2017,
            "quarter": 4,
            "eps": 0.05,
            "eps_growth_year": null,
            "eps_4q": 0.13,
            "eps_4q_growth_year": -46.85,
            "roe": 0.13,
            "roe_4q": 0.26,
            "gross_profit": 52453,
            "gross_margin": 106.77,
            "gross_margin_4q_avg": 69.67,
            "net_income": 10203,
            "net_income_4q": null,
            "revenue": 49129,
            "revenue_4q": null,
            "common_shares": 2703060,
            "book_valuer_per_share": 27.62,
            "book_valuer_per_share_4q_avg": 27.66,
            "equity": 7645001,
            "current_ratio": 113.17,
            "debt_ratio": 64.65,
            "inventory_turnover_ratio": -0,
            "account_receivable_turnover_ratio": 3.32,
            "reinvestment_rate": 49.12,
            "research_to_sale_ratio": null,
            "price_fair": 61.13,
            "eps_avg_yearly": 1.75,
            "eps_latest_yearly": 0.2,
            "eps_growth_yearly": 191.26
        },
        "20181": {
            "year_quarter": 20181,
            "year": 2018,
            "quarter": 1,
            "eps": -0.25,
            "eps_growth_year": null,
            "eps_4q": 0.01,
            "eps_4q_growth_year": -78.42,
            "roe": -0.91,
            "roe_4q": -0.15999999999999992,
            "gross_profit": 16481,
            "gross_margin": 48.63,
            "gross_margin_4q_avg": 65.55,
            "net_income": -71034,
            "net_income_4q": null,
            "revenue": 33890,
            "revenue_4q": null,
            "common_shares": 2703060,
            "book_valuer_per_share": 28.6,
            "book_valuer_per_share_4q_avg": 27.72,
            "equity": 7896441,
            "current_ratio": 98.16,
            "debt_ratio": 66.63,
            "inventory_turnover_ratio": 0,
            "account_receivable_turnover_ratio": 2.36,
            "reinvestment_rate": -203.5,
            "research_to_sale_ratio": null,
            "price_fair": 72.24,
            "eps_avg_yearly": 2.06,
            "eps_latest_yearly": 0.2,
            "eps_growth_yearly": 307.55
        },
        "20182": {
            "year_quarter": 20182,
            "year": 2018,
            "quarter": 2,
            "eps": -0.4,
            "eps_growth_year": null,
            "eps_4q": -0.19,
            "eps_4q_growth_year": -1622.86,
            "roe": -1.46,
            "roe_4q": -0.8900000000000001,
            "gross_profit": 21839,
            "gross_margin": 40.36,
            "gross_margin_4q_avg": 61.43,
            "net_income": -108394,
            "net_income_4q": null,
            "revenue": 54116,
            "revenue_4q": null,
            "common_shares": 2703060,
            "book_valuer_per_share": 25.03,
            "book_valuer_per_share_4q_avg": 27.12,
            "equity": 6957629,
            "current_ratio": 133.61,
            "debt_ratio": 70.13,
            "inventory_turnover_ratio": 0,
            "account_receivable_turnover_ratio": 1.59,
            "reinvestment_rate": -237.37,
            "research_to_sale_ratio": null,
            "price_fair": 72.24,
            "eps_avg_yearly": 2.06,
            "eps_latest_yearly": 0.2,
            "eps_growth_yearly": 307.55
        },
        "20183": {
            "year_quarter": 20183,
            "year": 2018,
            "quarter": 3,
            "eps": 1.03,
            "eps_growth_year": 151.22,
            "eps_4q": 0.43,
            "eps_4q_growth_year": null,
            "roe": 3.7,
            "roe_4q": 1.46,
            "gross_profit": 618163,
            "gross_margin": 31.6,
            "gross_margin_4q_avg": 56.84,
            "net_income": 265131,
            "net_income_4q": null,
            "revenue": 1955923,
            "revenue_4q": null,
            "common_shares": 2703060,
            "book_valuer_per_share": 26.64,
            "book_valuer_per_share_4q_avg": 26.97,
            "equity": 7372776,
            "current_ratio": 139.32,
            "debt_ratio": 67.78,
            "inventory_turnover_ratio": 0.09,
            "account_receivable_turnover_ratio": 28.1,
            "reinvestment_rate": -407.33,
            "research_to_sale_ratio": null,
            "price_fair": 72.24,
            "eps_avg_yearly": 2.06,
            "eps_latest_yearly": 0.2,
            "eps_growth_yearly": 307.55
        },
        "20184": {
            "year_quarter": 20184,
            "year": 2018,
            "quarter": 4,
            "eps": 1.22,
            "eps_growth_year": 2159.61,
            "eps_4q": 1.6,
            "eps_4q_growth_year": 1132.47,
            "roe": 4.38,
            "roe_4q": 5.71,
            "gross_profit": 641431,
            "gross_margin": 25.68,
            "gross_margin_4q_avg": 36.57,
            "net_income": 314485,
            "net_income_4q": null,
            "revenue": 2497804,
            "revenue_4q": null,
            "common_shares": 2703060,
            "book_valuer_per_share": 25.13,
            "book_valuer_per_share_4q_avg": 26.35,
            "equity": 6973066,
            "current_ratio": 151.63,
            "debt_ratio": 66.07,
            "inventory_turnover_ratio": 0.14,
            "account_receivable_turnover_ratio": 19.58,
            "reinvestment_rate": -299.16,
            "research_to_sale_ratio": null,
            "price_fair": 88.67,
            "eps_avg_yearly": 2.53,
            "eps_latest_yearly": 4.88,
            "eps_growth_yearly": 268.59
        },
        "20191": {
            "year_quarter": 20191,
            "year": 2019,
            "quarter": 1,
            "eps": 0.1,
            "eps_growth_year": null,
            "eps_4q": 1.96,
            "eps_4q_growth_year": 16458.97,
            "roe": 0.32,
            "roe_4q": 6.94,
            "gross_profit": 193929,
            "gross_margin": 30.3,
            "gross_margin_4q_avg": 31.99,
            "net_income": 23093,
            "net_income_4q": null,
            "revenue": 639936,
            "revenue_4q": null,
            "common_shares": 2703060,
            "book_valuer_per_share": 26.78,
            "book_valuer_per_share_4q_avg": 25.9,
            "equity": 7403541,
            "current_ratio": 151.98,
            "debt_ratio": 64.22,
            "inventory_turnover_ratio": 0.04,
            "account_receivable_turnover_ratio": 5.61,
            "reinvestment_rate": -335,
            "research_to_sale_ratio": null,
            "price_fair": 78,
            "eps_avg_yearly": 2.23,
            "eps_latest_yearly": 0.4,
            "eps_growth_yearly": 177.76
        },
        "20192": {
            "year_quarter": 20192,
            "year": 2019,
            "quarter": 2,
            "eps": 0.41,
            "eps_growth_year": null,
            "eps_4q": 2.76,
            "eps_4q_growth_year": null,
            "roe": 1.44,
            "roe_4q": 9.84,
            "gross_profit": 310232,
            "gross_margin": 30.41,
            "gross_margin_4q_avg": 29.5,
            "net_income": 102897,
            "net_income_4q": null,
            "revenue": 1020281,
            "revenue_4q": null,
            "common_shares": 2703060,
            "book_valuer_per_share": 24.94,
            "book_valuer_per_share_4q_avg": 25.87,
            "equity": 6916548,
            "current_ratio": 140.5,
            "debt_ratio": 65.93,
            "inventory_turnover_ratio": 0.06,
            "account_receivable_turnover_ratio": 24.53,
            "reinvestment_rate": -424.59,
            "research_to_sale_ratio": null,
            "price_fair": 4.99,
            "eps_avg_yearly": 1.66,
            "eps_latest_yearly": 1.64,
            "eps_growth_yearly": -9.01
        },
        "20193": {
            "year_quarter": 20193,
            "year": 2019,
            "quarter": 3,
            "eps": 1.94,
            "eps_growth_year": 88.35,
            "eps_4q": 3.66,
            "eps_4q_growth_year": 744.51,
            "roe": 6.79,
            "roe_4q": 12.93,
            "gross_profit": 737931,
            "gross_margin": 20.35,
            "gross_margin_4q_avg": 26.69,
            "net_income": 500795,
            "net_income_4q": null,
            "revenue": 3626826,
            "revenue_4q": null,
            "common_shares": 2703060,
            "book_valuer_per_share": 28.47,
            "book_valuer_per_share_4q_avg": 26.33,
            "equity": 7835500,
            "current_ratio": 144.05,
            "debt_ratio": 56.74,
            "inventory_turnover_ratio": 0.27,
            "account_receivable_turnover_ratio": 55.4,
            "reinvestment_rate": -265.09,
            "research_to_sale_ratio": null,
            "price_fair": 85.2,
            "eps_avg_yearly": 2.43,
            "eps_latest_yearly": 7.76,
            "eps_growth_yearly": 237.29
        },
        "20194": {
            "year_quarter": 20194,
            "year": 2019,
            "quarter": 4,
            "eps": 0.39,
            "eps_growth_year": -67.93,
            "eps_4q": 2.84,
            "eps_4q_growth_year": 77.22,
            "roe": 1.21,
            "roe_4q": 9.76,
            "gross_profit": 333832,
            "gross_margin": 29.48,
            "gross_margin_4q_avg": 27.64,
            "net_income": 98357,
            "net_income_4q": null,
            "revenue": 1132566,
            "revenue_4q": null,
            "common_shares": 2703060,
            "book_valuer_per_share": 30.95,
            "book_valuer_per_share_4q_avg": 27.79,
            "equity": 8479965,
            "current_ratio": 143.45,
            "debt_ratio": 52.86,
            "inventory_turnover_ratio": 0.09,
            "account_receivable_turnover_ratio": 14.07,
            "reinvestment_rate": -289.59,
            "research_to_sale_ratio": null,
            "price_fair": 83.2,
            "eps_avg_yearly": 2.38,
            "eps_latest_yearly": 1.56,
            "eps_growth_yearly": 201.32
        },
        "20201": {
            "year_quarter": 20201,
            "year": 2020,
            "quarter": 1,
            "eps": 0.2,
            "eps_growth_year": 100,
            "eps_4q": 2.93,
            "eps_4q_growth_year": 49.93,
            "roe": 0.6,
            "roe_4q": 10.04,
            "gross_profit": 221226,
            "gross_margin": 35.07,
            "gross_margin_4q_avg": 28.83,
            "net_income": 48105,
            "net_income_4q": null,
            "revenue": 630725,
            "revenue_4q": null,
            "common_shares": 2703060,
            "book_valuer_per_share": 27,
            "book_valuer_per_share_4q_avg": 27.84,
            "equity": 7441575,
            "current_ratio": 146.05,
            "debt_ratio": 55.22,
            "inventory_turnover_ratio": 0.05,
            "account_receivable_turnover_ratio": 15.51,
            "reinvestment_rate": -277.49,
            "research_to_sale_ratio": null,
            "price_fair": 86.2,
            "eps_avg_yearly": 2.46,
            "eps_latest_yearly": 0.8,
            "eps_growth_yearly": 224.8
        },
        "20202": {
            "year_quarter": 20202,
            "year": 2020,
            "quarter": 2,
            "eps": 0.11,
            "eps_growth_year": -73.17,
            "eps_4q": 2.63,
            "eps_4q_growth_year": -4.57,
            "roe": 0.32,
            "roe_4q": 8.92,
            "gross_profit": 155207,
            "gross_margin": 31.69,
            "gross_margin_4q_avg": 29.15,
            "net_income": 23775,
            "net_income_4q": null,
            "revenue": 489789,
            "revenue_4q": null,
            "common_shares": 2703060,
            "book_valuer_per_share": 26.76,
            "book_valuer_per_share_4q_avg": 28.3,
            "equity": 7374776,
            "current_ratio": 126.8,
            "debt_ratio": 56.89,
            "inventory_turnover_ratio": 0.04,
            "account_receivable_turnover_ratio": 11.4,
            "reinvestment_rate": -258.88,
            "research_to_sale_ratio": null,
            "price_fair": 77.35,
            "eps_avg_yearly": 2.21,
            "eps_latest_yearly": 0.44,
            "eps_growth_yearly": 174.2
        },
        "20203": {
            "year_quarter": 20203,
            "year": 2020,
            "quarter": 3,
            "eps": 0.56,
            "eps_growth_year": -71.13,
            "eps_4q": 1.25,
            "eps_4q_growth_year": -65.8,
            "roe": 1.95,
            "roe_4q": 4.08,
            "gross_profit": 229998,
            "gross_margin": 31.38,
            "gross_margin_4q_avg": 31.91,
            "net_income": 141557,
            "net_income_4q": null,
            "revenue": 732852,
            "revenue_4q": null,
            "common_shares": 2703060,
            "book_valuer_per_share": 25.96,
            "book_valuer_per_share_4q_avg": 27.67,
            "equity": 7162499,
            "current_ratio": 130.12,
            "debt_ratio": 56.61,
            "inventory_turnover_ratio": 0.06,
            "account_receivable_turnover_ratio": 12.63,
            "reinvestment_rate": -260.97,
            "research_to_sale_ratio": null,
            "price_fair": 77.47,
            "eps_avg_yearly": 2.21,
            "eps_latest_yearly": 2.24,
            "eps_growth_yearly": 336.66
        },
        "20204": {
            "year_quarter": 20204,
            "year": 2020,
            "quarter": 4,
            "eps": 0.63,
            "eps_growth_year": 61.66,
            "eps_4q": 1.49,
            "eps_4q_growth_year": -47.29,
            "roe": 2.07,
            "roe_4q": 4.9399999999999995,
            "gross_profit": 479302,
            "gross_margin": 29.61,
            "gross_margin_4q_avg": 31.94,
            "net_income": 160299,
            "net_income_4q": null,
            "revenue": 1618564,
            "revenue_4q": null,
            "common_shares": 2703060,
            "book_valuer_per_share": 30.34,
            "book_valuer_per_share_4q_avg": 27.52,
            "equity": 8303902,
            "current_ratio": 134.53,
            "debt_ratio": 51.32,
            "inventory_turnover_ratio": 0.14,
            "account_receivable_turnover_ratio": 37.54,
            "reinvestment_rate": -197.4,
            "research_to_sale_ratio": null,
            "price_fair": 78.54,
            "eps_avg_yearly": 2.24,
            "eps_latest_yearly": 2.52,
            "eps_growth_yearly": 307.99
        },
        "20211": {
            "year_quarter": 20211,
            "year": 2021,
            "quarter": 1,
            "eps": 0.84,
            "eps_growth_year": 320,
            "eps_4q": 2.13,
            "eps_4q_growth_year": -27.25,
            "roe": 2.4,
            "roe_4q": 6.74,
            "gross_profit": 476344,
            "gross_margin": 27.88,
            "gross_margin_4q_avg": 30.14,
            "net_income": 215518,
            "net_income_4q": null,
            "revenue": 1708696,
            "revenue_4q": null,
            "common_shares": 2703060,
            "book_valuer_per_share": 35.59,
            "book_valuer_per_share_4q_avg": 29.66,
            "equity": 9674965,
            "current_ratio": 124.39,
            "debt_ratio": 46.97,
            "inventory_turnover_ratio": 0.16,
            "account_receivable_turnover_ratio": 31.98,
            "reinvestment_rate": -172.69,
            "research_to_sale_ratio": null,
            "price_fair": 82.09,
            "eps_avg_yearly": 2.35,
            "eps_latest_yearly": 3.36,
            "eps_growth_yearly": 292.12
        },
        "20212": {
            "year_quarter": 20212,
            "year": 2021,
            "quarter": 2,
            "eps": 0.75,
            "eps_growth_year": 581.82,
            "eps_4q": 2.77,
            "eps_4q_growth_year": 5.39,
            "roe": 1.95,
            "roe_4q": 8.37,
            "gross_profit": 378376,
            "gross_margin": 33.18,
            "gross_margin_4q_avg": 30.51,
            "net_income": 192418,
            "net_income_4q": null,
            "revenue": 1140456,
            "revenue_4q": null,
            "common_shares": 2703060,
            "book_valuer_per_share": 37.1,
            "book_valuer_per_share_4q_avg": 32.25,
            "equity": 10065284,
            "current_ratio": 132.58,
            "debt_ratio": 45.69,
            "inventory_turnover_ratio": 0.1,
            "account_receivable_turnover_ratio": 18.2,
            "reinvestment_rate": -153.82,
            "research_to_sale_ratio": null,
            "price_fair": 84,
            "eps_avg_yearly": 2.4,
            "eps_latest_yearly": 3,
            "eps_growth_yearly": 264.2
        },
        "20213": {
            "year_quarter": 20213,
            "year": 2021,
            "quarter": 3,
            "eps": 3.92,
            "eps_growth_year": 600,
            "eps_4q": 6.14,
            "eps_4q_growth_year": 389.93,
            "roe": 9.91,
            "roe_4q": 16.33,
            "gross_profit": 1143526,
            "gross_margin": 35.82,
            "gross_margin_4q_avg": 31.62,
            "net_income": 1023171,
            "net_income_4q": null,
            "revenue": 3192607,
            "revenue_4q": null,
            "common_shares": 2703060,
            "book_valuer_per_share": 39.07,
            "book_valuer_per_share_4q_avg": 35.53,
            "equity": 10577561,
            "current_ratio": 148.99,
            "debt_ratio": 41.5,
            "inventory_turnover_ratio": 0.26,
            "account_receivable_turnover_ratio": 54.96,
            "reinvestment_rate": 58.86,
            "research_to_sale_ratio": null,
            "price_fair": 119.75,
            "eps_avg_yearly": 3.42,
            "eps_latest_yearly": 15.68,
            "eps_growth_yearly": 373.93
        },
        "20214": {
            "year_quarter": 20214,
            "year": 2021,
            "quarter": 4,
            "eps": 0.68,
            "eps_growth_year": 7.33,
            "eps_4q": 6.19,
            "eps_4q_growth_year": 313.95,
            "roe": 1.63,
            "roe_4q": 15.889999999999999,
            "gross_profit": 347026,
            "gross_margin": 36.57,
            "gross_margin_4q_avg": 33.36,
            "net_income": 172912,
            "net_income_4q": null,
            "revenue": 948926,
            "revenue_4q": null,
            "common_shares": 2703060,
            "book_valuer_per_share": 39.38,
            "book_valuer_per_share_4q_avg": 37.79,
            "equity": 10652950,
            "current_ratio": 151.6,
            "debt_ratio": 40.73,
            "inventory_turnover_ratio": 0.08,
            "account_receivable_turnover_ratio": 19.3,
            "reinvestment_rate": -98.05,
            "research_to_sale_ratio": null,
            "price_fair": 126.54,
            "eps_avg_yearly": 3.62,
            "eps_latest_yearly": 2.72,
            "eps_growth_yearly": 375.51
        },
        "20221": {
            "year_quarter": 20221,
            "year": 2022,
            "quarter": 1,
            "eps": 0.27,
            "eps_growth_year": -67.86,
            "eps_4q": 5.62,
            "eps_4q_growth_year": 163.3,
            "roe": 0.62,
            "roe_4q": 14.11,
            "gross_profit": 197962,
            "gross_margin": 45.61,
            "gross_margin_4q_avg": 37.8,
            "net_income": 65640,
            "net_income_4q": null,
            "revenue": 434007,
            "revenue_4q": null,
            "common_shares": 2703060,
            "book_valuer_per_share": 39.15,
            "book_valuer_per_share_4q_avg": 38.68,
            "equity": 10589823,
            "current_ratio": 143.5,
            "debt_ratio": 42.98,
            "inventory_turnover_ratio": 0.03,
            "account_receivable_turnover_ratio": 18.37,
            "reinvestment_rate": 8.86,
            "research_to_sale_ratio": null,
            "price_fair": 120.2,
            "eps_avg_yearly": 3.43,
            "eps_latest_yearly": 1.08,
            "eps_growth_yearly": 331.47
        },
        "20222": {
            "year_quarter": 20222,
            "year": 2022,
            "quarter": 2,
            "eps": 0.26,
            "eps_growth_year": -65.33,
            "eps_4q": 5.13,
            "eps_4q_growth_year": 84.78,
            "roe": 0.65,
            "roe_4q": 12.81,
            "gross_profit": 253370,
            "gross_margin": 43.16,
            "gross_margin_4q_avg": 40.29,
            "net_income": 62626,
            "net_income_4q": null,
            "revenue": 587091,
            "revenue_4q": null,
            "common_shares": 2703060,
            "book_valuer_per_share": 31.73,
            "book_valuer_per_share_4q_avg": 37.33,
            "equity": 8644130,
            "current_ratio": 127.15,
            "debt_ratio": 51.45,
            "inventory_turnover_ratio": 0.04,
            "account_receivable_turnover_ratio": 20.11,
            "reinvestment_rate": 8.43,
            "research_to_sale_ratio": null,
            "price_fair": 114.61,
            "eps_avg_yearly": 3.27,
            "eps_latest_yearly": 1.04,
            "eps_growth_yearly": 308.38
        },
        "20223": {
            "year_quarter": 20223,
            "year": 2022,
            "quarter": 3,
            "eps": 1,
            "eps_growth_year": -74.49,
            "eps_4q": 2.21,
            "eps_4q_growth_year": -64.08,
            "roe": 2.91,
            "roe_4q": 5.81,
            "gross_profit": 76238,
            "gross_margin": 27.96,
            "gross_margin_4q_avg": 38.33,
            "net_income": 258067,
            "net_income_4q": null,
            "revenue": 272652,
            "revenue_4q": null,
            "common_shares": 2703060,
            "book_valuer_per_share": 33.46,
            "book_valuer_per_share_4q_avg": 35.93,
            "equity": 9091950,
            "current_ratio": 132.9,
            "debt_ratio": 51.04,
            "inventory_turnover_ratio": 0.02,
            "account_receivable_turnover_ratio": 8.05,
            "reinvestment_rate": 110.34,
            "research_to_sale_ratio": null,
            "price_fair": 116.2,
            "eps_avg_yearly": 3.32,
            "eps_latest_yearly": 4,
            "eps_growth_yearly": 360.26
        },
        "20224": {
            "year_quarter": 20224,
            "year": 2022,
            "quarter": 4,
            "eps": -0.36,
            "eps_growth_year": -153.12,
            "eps_4q": 1.17,
            "eps_4q_growth_year": -81.16,
            "roe": -1.07,
            "roe_4q": 3.1100000000000003,
            "gross_profit": 25305,
            "gross_margin": 26.82,
            "gross_margin_4q_avg": 35.89,
            "net_income": -100261,
            "net_income_4q": null,
            "revenue": 94362,
            "revenue_4q": null,
            "common_shares": 2703060,
            "book_valuer_per_share": 35.42,
            "book_valuer_per_share_4q_avg": 34.94,
            "equity": 9599134,
            "current_ratio": 129.32,
            "debt_ratio": 51.45,
            "inventory_turnover_ratio": 0.01,
            "account_receivable_turnover_ratio": 3.17,
            "reinvestment_rate": 9.56,
            "research_to_sale_ratio": null,
            "price_fair": 112.56,
            "eps_avg_yearly": 3.22,
            "eps_latest_yearly": 4,
            "eps_growth_yearly": 379.36
        },
        "20231": {
            "year_quarter": 20231,
            "year": 2023,
            "quarter": 1,
            "eps": -0.38,
            "eps_growth_year": -240.74,
            "eps_4q": 0.52,
            "eps_4q_growth_year": -90.75,
            "roe": -1.02,
            "roe_4q": 1.4700000000000002,
            "gross_profit": 24120,
            "gross_margin": 27.84,
            "gross_margin_4q_avg": 31.45,
            "net_income": -101381,
            "net_income_4q": null,
            "revenue": 86641,
            "revenue_4q": null,
            "common_shares": 2703060,
            "book_valuer_per_share": 38.18,
            "book_valuer_per_share_4q_avg": 34.7,
            "equity": 10319168,
            "current_ratio": 126.64,
            "debt_ratio": 51.72,
            "inventory_turnover_ratio": 0.01,
            "account_receivable_turnover_ratio": 3.41,
            "reinvestment_rate": 9.98,
            "research_to_sale_ratio": null,
            "price_fair": 119.6,
            "eps_avg_yearly": 3.42,
            "eps_latest_yearly": 4,
            "eps_growth_yearly": 432.68
        },
        "20232": {
            "year_quarter": 20232,
            "year": 2023,
            "quarter": 2,
            "eps": 0.11,
            "eps_growth_year": -57.69,
            "eps_4q": 0.37,
            "eps_4q_growth_year": -92.69,
            "roe": 0.23,
            "roe_4q": 1.05,
            "gross_profit": 91230,
            "gross_margin": 41.14,
            "gross_margin_4q_avg": 30.94,
            "net_income": 23618,
            "net_income_4q": null,
            "revenue": 221729,
            "revenue_4q": null,
            "common_shares": 2703060,
            "book_valuer_per_share": 36.91,
            "book_valuer_per_share_4q_avg": 35.99,
            "equity": 9980487,
            "current_ratio": 127.27,
            "debt_ratio": 54.67,
            "inventory_turnover_ratio": 0.01,
            "account_receivable_turnover_ratio": 12.56,
            "reinvestment_rate": 10.24,
            "research_to_sale_ratio": null,
            "price_fair": 124.38,
            "eps_avg_yearly": 3.55,
            "eps_latest_yearly": 4,
            "eps_growth_yearly": 370.58
        },
        "20233": {
            "year_quarter": 20233,
            "year": 2023,
            "quarter": 3,
            "eps": 2.59,
            "eps_growth_year": 159,
            "eps_4q": 1.96,
            "eps_4q_growth_year": -10.94,
            "roe": 6.55,
            "roe_4q": 4.6899999999999995,
            "gross_profit": 498299,
            "gross_margin": 27.3,
            "gross_margin_4q_avg": 30.78,
            "net_income": 674783,
            "net_income_4q": null,
            "revenue": 1825242,
            "revenue_4q": null,
            "common_shares": 2703060,
            "book_valuer_per_share": 39.38,
            "book_valuer_per_share_4q_avg": 37.47,
            "equity": 10623011,
            "current_ratio": 127.25,
            "debt_ratio": 55.75,
            "inventory_turnover_ratio": 0.12,
            "account_receivable_turnover_ratio": 91.74,
            "reinvestment_rate": 28.63,
            "research_to_sale_ratio": null,
            "price_fair": 131.38,
            "eps_avg_yearly": 3.75,
            "eps_latest_yearly": 10.36,
            "eps_growth_yearly": 949.47
        }
    },
    "months": {
        "2001-06": {
            "month": "2001-06",
            "price": "4.76",
            "revenue": 49637
        },
        "2001-07": {
            "month": "2001-07",
            "price": "4.61",
            "revenue": 38871
        },
        "2001-08": {
            "month": "2001-08",
            "price": "4.35",
            "revenue": 59174
        },
        "2001-09": {
            "month": "2001-09",
            "price": "3.73",
            "revenue": -249
        },
        "2001-10": {
            "month": "2001-10",
            "price": "3.09",
            "revenue": 1477002
        },
        "2001-11": {
            "month": "2001-11",
            "price": "3.15",
            "revenue": 2945
        },
        "2001-12": {
            "month": "2001-12",
            "price": "3.13",
            "revenue": 7039
        },
        "2002-01": {
            "month": "2002-01",
            "price": "3.15",
            "revenue": 31347
        },
        "2002-02": {
            "month": "2002-02",
            "price": "3.11",
            "revenue": 11510
        },
        "2002-03": {
            "month": "2002-03",
            "price": "3.50",
            "revenue": 17483
        },
        "2002-04": {
            "month": "2002-04",
            "price": "5.63",
            "revenue": 52947
        },
        "2002-05": {
            "month": "2002-05",
            "price": "4.31",
            "revenue": 13865
        },
        "2002-06": {
            "month": "2002-06",
            "price": "4.02",
            "revenue": 21627
        },
        "2002-07": {
            "month": "2002-07",
            "price": "3.61",
            "revenue": 9021
        },
        "2002-08": {
            "month": "2002-08",
            "price": "2.78",
            "revenue": 3820
        },
        "2002-09": {
            "month": "2002-09",
            "price": "2.29",
            "revenue": 11091
        },
        "2002-10": {
            "month": "2002-10",
            "price": "2.30",
            "revenue": 6718
        },
        "2002-11": {
            "month": "2002-11",
            "price": "2.48",
            "revenue": -1393
        },
        "2002-12": {
            "month": "2002-12",
            "price": "2.54",
            "revenue": 31645
        },
        "2003-01": {
            "month": "2003-01",
            "price": "3.03",
            "revenue": 9823
        },
        "2003-02": {
            "month": "2003-02",
            "price": "2.82",
            "revenue": 21751
        },
        "2003-03": {
            "month": "2003-03",
            "price": "2.40",
            "revenue": 18849
        },
        "2003-04": {
            "month": "2003-04",
            "price": "2.34",
            "revenue": 39471
        },
        "2003-05": {
            "month": "2003-05",
            "price": "1.94",
            "revenue": 24831
        },
        "2003-06": {
            "month": "2003-06",
            "price": "2.47",
            "revenue": 24310
        },
        "2003-07": {
            "month": "2003-07",
            "price": "3.81",
            "revenue": 35517
        },
        "2003-08": {
            "month": "2003-08",
            "price": "4.36",
            "revenue": 64808
        },
        "2003-09": {
            "month": "2003-09",
            "price": "4.38",
            "revenue": 103575
        },
        "2003-10": {
            "month": "2003-10",
            "price": "4.73",
            "revenue": 197941
        },
        "2003-11": {
            "month": "2003-11",
            "price": "4.55",
            "revenue": 140616
        },
        "2003-12": {
            "month": "2003-12",
            "price": "4.48",
            "revenue": 111405
        },
        "2004-01": {
            "month": "2004-01",
            "price": "5.95",
            "revenue": 60079
        },
        "2004-02": {
            "month": "2004-02",
            "price": "7.52",
            "revenue": 92842
        },
        "2004-03": {
            "month": "2004-03",
            "price": "7.58",
            "revenue": 54136
        },
        "2004-04": {
            "month": "2004-04",
            "price": "6.70",
            "revenue": 106185
        },
        "2004-05": {
            "month": "2004-05",
            "price": "5.33",
            "revenue": 76729
        },
        "2004-06": {
            "month": "2004-06",
            "price": "5.50",
            "revenue": 33358
        },
        "2004-07": {
            "month": "2004-07",
            "price": "4.77",
            "revenue": 30293
        },
        "2004-08": {
            "month": "2004-08",
            "price": "3.97",
            "revenue": 46364
        },
        "2004-09": {
            "month": "2004-09",
            "price": "4.51",
            "revenue": 54601
        },
        "2004-10": {
            "month": "2004-10",
            "price": "4.34",
            "revenue": 15932
        },
        "2004-11": {
            "month": "2004-11",
            "price": "4.04",
            "revenue": 16936
        },
        "2004-12": {
            "month": "2004-12",
            "price": "4.93",
            "revenue": 11554
        },
        "2005-01": {
            "month": "2005-01",
            "price": "5.28",
            "revenue": 11820
        },
        "2005-02": {
            "month": "2005-02",
            "price": "4.47",
            "revenue": 8649
        },
        "2005-03": {
            "month": "2005-03",
            "price": "4.29",
            "revenue": 7345
        },
        "2005-04": {
            "month": "2005-04",
            "price": "3.46",
            "revenue": 1347954
        },
        "2005-05": {
            "month": "2005-05",
            "price": "3.68",
            "revenue": 13555
        },
        "2005-06": {
            "month": "2005-06",
            "price": "3.87",
            "revenue": 21421
        },
        "2005-07": {
            "month": "2005-07",
            "price": "3.66",
            "revenue": 15096
        },
        "2005-08": {
            "month": "2005-08",
            "price": "3.24",
            "revenue": 1885
        },
        "2005-09": {
            "month": "2005-09",
            "price": "3.42",
            "revenue": 12352
        },
        "2005-10": {
            "month": "2005-10",
            "price": "2.93",
            "revenue": 7386
        },
        "2005-11": {
            "month": "2005-11",
            "price": "2.80",
            "revenue": 10766
        },
        "2005-12": {
            "month": "2005-12",
            "price": "3.23",
            "revenue": 14495
        },
        "2006-01": {
            "month": "2006-01",
            "price": "4.20",
            "revenue": 18346
        },
        "2006-02": {
            "month": "2006-02",
            "price": "4.24",
            "revenue": 2553
        },
        "2006-03": {
            "month": "2006-03",
            "price": "5.16",
            "revenue": 2555
        },
        "2006-04": {
            "month": "2006-04",
            "price": "5.61",
            "revenue": 4372
        },
        "2006-05": {
            "month": "2006-05",
            "price": "7.67",
            "revenue": 9241
        },
        "2006-06": {
            "month": "2006-06",
            "price": "7.88",
            "revenue": 1323575
        },
        "2006-07": {
            "month": "2006-07",
            "price": "9.28",
            "revenue": 9277
        },
        "2006-08": {
            "month": "2006-08",
            "price": "8.54",
            "revenue": 15978
        },
        "2006-09": {
            "month": "2006-09",
            "price": "8.32",
            "revenue": 4137
        },
        "2006-10": {
            "month": "2006-10",
            "price": "8.74",
            "revenue": 13862
        },
        "2006-11": {
            "month": "2006-11",
            "price": "11.41",
            "revenue": 4251
        },
        "2006-12": {
            "month": "2006-12",
            "price": "21.15",
            "revenue": 12837
        },
        "2007-01": {
            "month": "2007-01",
            "price": "18.21",
            "revenue": 6195
        },
        "2007-02": {
            "month": "2007-02",
            "price": "18.56",
            "revenue": 2706
        },
        "2007-03": {
            "month": "2007-03",
            "price": "19.73",
            "revenue": 4759
        },
        "2007-04": {
            "month": "2007-04",
            "price": "18.03",
            "revenue": 9104
        },
        "2007-05": {
            "month": "2007-05",
            "price": "15.02",
            "revenue": 2834
        },
        "2007-06": {
            "month": "2007-06",
            "price": "15.48",
            "revenue": 223822
        },
        "2007-07": {
            "month": "2007-07",
            "price": "18.86",
            "revenue": 191420
        },
        "2007-08": {
            "month": "2007-08",
            "price": "15.88",
            "revenue": 63604
        },
        "2007-09": {
            "month": "2007-09",
            "price": "14.97",
            "revenue": 28048
        },
        "2007-10": {
            "month": "2007-10",
            "price": "16.01",
            "revenue": 2811
        },
        "2007-11": {
            "month": "2007-11",
            "price": "15.11",
            "revenue": 2768
        },
        "2007-12": {
            "month": "2007-12",
            "price": "13.26",
            "revenue": 2784
        },
        "2008-01": {
            "month": "2008-01",
            "price": "13.90",
            "revenue": 14549
        },
        "2008-02": {
            "month": "2008-02",
            "price": "14.44",
            "revenue": 143044
        },
        "2008-03": {
            "month": "2008-03",
            "price": "17.78",
            "revenue": 1944
        },
        "2008-04": {
            "month": "2008-04",
            "price": "20.54",
            "revenue": 3312
        },
        "2008-05": {
            "month": "2008-05",
            "price": "19.05",
            "revenue": 1830
        },
        "2008-06": {
            "month": "2008-06",
            "price": "15.55",
            "revenue": 8788
        },
        "2008-07": {
            "month": "2008-07",
            "price": "12.25",
            "revenue": 32199
        },
        "2008-08": {
            "month": "2008-08",
            "price": "11.34",
            "revenue": 299552
        },
        "2008-09": {
            "month": "2008-09",
            "price": "8.59",
            "revenue": 84665
        },
        "2008-10": {
            "month": "2008-10",
            "price": "6.54",
            "revenue": 53928
        },
        "2008-11": {
            "month": "2008-11",
            "price": "4.22",
            "revenue": 1864
        },
        "2008-12": {
            "month": "2008-12",
            "price": "3.94",
            "revenue": 3252
        },
        "2009-01": {
            "month": "2009-01",
            "price": "4.13",
            "revenue": 1842
        },
        "2009-02": {
            "month": "2009-02",
            "price": "3.95",
            "revenue": 1890
        },
        "2009-03": {
            "month": "2009-03",
            "price": "4.68",
            "revenue": 22625
        },
        "2009-04": {
            "month": "2009-04",
            "price": "6.85",
            "revenue": 2234
        },
        "2009-05": {
            "month": "2009-05",
            "price": "8.52",
            "revenue": 2229
        },
        "2009-06": {
            "month": "2009-06",
            "price": "15.79",
            "revenue": 2455
        },
        "2009-07": {
            "month": "2009-07",
            "price": "19.07",
            "revenue": 123266
        },
        "2009-08": {
            "month": "2009-08",
            "price": "17.09",
            "revenue": 352861
        },
        "2009-09": {
            "month": "2009-09",
            "price": "17.83",
            "revenue": 74018
        },
        "2009-10": {
            "month": "2009-10",
            "price": "19.63",
            "revenue": 76341
        },
        "2009-11": {
            "month": "2009-11",
            "price": "17.68",
            "revenue": 32819
        },
        "2009-12": {
            "month": "2009-12",
            "price": "18.15",
            "revenue": 74732
        },
        "2010-01": {
            "month": "2010-01",
            "price": "20.90",
            "revenue": 54538
        },
        "2010-02": {
            "month": "2010-02",
            "price": "18.83",
            "revenue": 40932
        },
        "2010-03": {
            "month": "2010-03",
            "price": "18.62",
            "revenue": 25167
        },
        "2010-04": {
            "month": "2010-04",
            "price": "20.04",
            "revenue": 53034
        },
        "2010-05": {
            "month": "2010-05",
            "price": "17.23",
            "revenue": 23245
        },
        "2010-06": {
            "month": "2010-06",
            "price": "16.67",
            "revenue": 29558
        },
        "2010-07": {
            "month": "2010-07",
            "price": "16.66",
            "revenue": 20175
        },
        "2010-08": {
            "month": "2010-08",
            "price": "18.60",
            "revenue": 19261
        },
        "2010-09": {
            "month": "2010-09",
            "price": "18.49",
            "revenue": 23875
        },
        "2010-10": {
            "month": "2010-10",
            "price": "17.71",
            "revenue": 41382
        },
        "2010-11": {
            "month": "2010-11",
            "price": "17.79",
            "revenue": 1559
        },
        "2010-12": {
            "month": "2010-12",
            "price": "18.91",
            "revenue": 31823
        },
        "2011-01": {
            "month": "2011-01",
            "price": "23.06",
            "revenue": 21381
        },
        "2011-02": {
            "month": "2011-02",
            "price": "20.21",
            "revenue": 49413
        },
        "2011-03": {
            "month": "2011-03",
            "price": "17.31",
            "revenue": 12415
        },
        "2011-04": {
            "month": "2011-04",
            "price": "17.86",
            "revenue": 22334
        },
        "2011-05": {
            "month": "2011-05",
            "price": "20.02",
            "revenue": 2329
        },
        "2011-06": {
            "month": "2011-06",
            "price": "20.99",
            "revenue": 18554
        },
        "2011-07": {
            "month": "2011-07",
            "price": "21.99",
            "revenue": 2165
        },
        "2011-08": {
            "month": "2011-08",
            "price": "16.80",
            "revenue": 2161
        },
        "2011-09": {
            "month": "2011-09",
            "price": "14.52",
            "revenue": 8644
        },
        "2011-10": {
            "month": "2011-10",
            "price": "13.79",
            "revenue": 2122
        },
        "2011-11": {
            "month": "2011-11",
            "price": "13.34",
            "revenue": 7776
        },
        "2011-12": {
            "month": "2011-12",
            "price": "11.17",
            "revenue": 9462
        },
        "2012-01": {
            "month": "2012-01",
            "price": "11.69",
            "revenue": 2050
        },
        "2012-02": {
            "month": "2012-02",
            "price": "13.62",
            "revenue": 7386
        },
        "2012-03": {
            "month": "2012-03",
            "price": "14.20",
            "revenue": 6503
        },
        "2012-04": {
            "month": "2012-04",
            "price": "12.50",
            "revenue": 3034
        },
        "2012-05": {
            "month": "2012-05",
            "price": "11.65",
            "revenue": 1431803
        },
        "2012-06": {
            "month": "2012-06",
            "price": "11.15",
            "revenue": 2356
        },
        "2012-07": {
            "month": "2012-07",
            "price": "11.69",
            "revenue": 2337
        },
        "2012-08": {
            "month": "2012-08",
            "price": "11.94",
            "revenue": 3402
        },
        "2012-09": {
            "month": "2012-09",
            "price": "13.80",
            "revenue": 16940
        },
        "2012-10": {
            "month": "2012-10",
            "price": "12.68",
            "revenue": 2965
        },
        "2012-11": {
            "month": "2012-11",
            "price": "12.42",
            "revenue": 7029
        },
        "2012-12": {
            "month": "2012-12",
            "price": "13.04",
            "revenue": 3122
        },
        "2013-01": {
            "month": "2013-01",
            "price": "13.10",
            "revenue": 23932
        },
        "2013-02": {
            "month": "2013-02",
            "price": "13.03",
            "revenue": 26951
        },
        "2013-03": {
            "month": "2013-03",
            "price": "12.97",
            "revenue": 12452
        },
        "2013-04": {
            "month": "2013-04",
            "price": "13.66",
            "revenue": 5201
        },
        "2013-05": {
            "month": "2013-05",
            "price": "13.82",
            "revenue": 18324
        },
        "2013-06": {
            "month": "2013-06",
            "price": "13.37",
            "revenue": 29475
        },
        "2013-07": {
            "month": "2013-07",
            "price": "13.73",
            "revenue": 15052
        },
        "2013-08": {
            "month": "2013-08",
            "price": "13.38",
            "revenue": 14713
        },
        "2013-09": {
            "month": "2013-09",
            "price": "13.71",
            "revenue": 186864
        },
        "2013-10": {
            "month": "2013-10",
            "price": "15.54",
            "revenue": 32943
        },
        "2013-11": {
            "month": "2013-11",
            "price": "18.80",
            "revenue": 461348
        },
        "2013-12": {
            "month": "2013-12",
            "price": "18.20",
            "revenue": 1550754
        },
        "2014-01": {
            "month": "2014-01",
            "price": "18.03",
            "revenue": 17937
        },
        "2014-02": {
            "month": "2014-02",
            "price": "17.87",
            "revenue": 14768
        },
        "2014-03": {
            "month": "2014-03",
            "price": "17.29",
            "revenue": 151651
        },
        "2014-04": {
            "month": "2014-04",
            "price": "16.96",
            "revenue": 18651
        },
        "2014-05": {
            "month": "2014-05",
            "price": "16.13",
            "revenue": 28753
        },
        "2014-06": {
            "month": "2014-06",
            "price": "16.33",
            "revenue": 89865
        },
        "2014-07": {
            "month": "2014-07",
            "price": "16.43",
            "revenue": 13334
        },
        "2014-08": {
            "month": "2014-08",
            "price": "16.96",
            "revenue": 4555655
        },
        "2014-09": {
            "month": "2014-09",
            "price": "18.13",
            "revenue": 26307
        },
        "2014-10": {
            "month": "2014-10",
            "price": "16.73",
            "revenue": 26307
        },
        "2014-11": {
            "month": "2014-11",
            "price": "17.47",
            "revenue": 20204
        },
        "2014-12": {
            "month": "2014-12",
            "price": "19.70",
            "revenue": 14999
        },
        "2015-01": {
            "month": "2015-01",
            "price": "20.55",
            "revenue": 14520
        },
        "2015-02": {
            "month": "2015-02",
            "price": "20.68",
            "revenue": 12896
        },
        "2015-03": {
            "month": "2015-03",
            "price": "22.82",
            "revenue": 56829
        },
        "2015-04": {
            "month": "2015-04",
            "price": "23.22",
            "revenue": 16329
        },
        "2015-05": {
            "month": "2015-05",
            "price": "21.64",
            "revenue": 14151
        },
        "2015-06": {
            "month": "2015-06",
            "price": "19.61",
            "revenue": 2607439
        },
        "2015-07": {
            "month": "2015-07",
            "price": "18.98",
            "revenue": 20530
        },
        "2015-08": {
            "month": "2015-08",
            "price": "17.87",
            "revenue": 15113
        },
        "2015-09": {
            "month": "2015-09",
            "price": "16.84",
            "revenue": 88779
        },
        "2015-10": {
            "month": "2015-10",
            "price": "17.20",
            "revenue": 15698
        },
        "2015-11": {
            "month": "2015-11",
            "price": "16.70",
            "revenue": 15275
        },
        "2015-12": {
            "month": "2015-12",
            "price": "16.08",
            "revenue": 94734
        },
        "2016-01": {
            "month": "2016-01",
            "price": "15.35",
            "revenue": 17124
        },
        "2016-02": {
            "month": "2016-02",
            "price": "15.83",
            "revenue": 11179
        },
        "2016-03": {
            "month": "2016-03",
            "price": "17.73",
            "revenue": 296939
        },
        "2016-04": {
            "month": "2016-04",
            "price": "17.79",
            "revenue": 12506
        },
        "2016-05": {
            "month": "2016-05",
            "price": "17.10",
            "revenue": 13447
        },
        "2016-06": {
            "month": "2016-06",
            "price": "17.59",
            "revenue": 160074
        },
        "2016-07": {
            "month": "2016-07",
            "price": "17.57",
            "revenue": 13776
        },
        "2016-08": {
            "month": "2016-08",
            "price": "17.00",
            "revenue": 13483
        },
        "2016-09": {
            "month": "2016-09",
            "price": "17.03",
            "revenue": 127939
        },
        "2016-10": {
            "month": "2016-10",
            "price": "17.44",
            "revenue": 13012
        },
        "2016-11": {
            "month": "2016-11",
            "price": "18.37",
            "revenue": 16115
        },
        "2016-12": {
            "month": "2016-12",
            "price": "19.09",
            "revenue": 51365
        },
        "2017-01": {
            "month": "2017-01",
            "price": "19.55",
            "revenue": 12518
        },
        "2017-02": {
            "month": "2017-02",
            "price": "21.66",
            "revenue": 15424
        },
        "2017-03": {
            "month": "2017-03",
            "price": "21.60",
            "revenue": 14344
        },
        "2017-04": {
            "month": "2017-04",
            "price": "20.79",
            "revenue": 11594
        },
        "2017-05": {
            "month": "2017-05",
            "price": "20.51",
            "revenue": 16548
        },
        "2017-06": {
            "month": "2017-06",
            "price": "20.55",
            "revenue": 11647
        },
        "2017-07": {
            "month": "2017-07",
            "price": "19.90",
            "revenue": 16513
        },
        "2017-08": {
            "month": "2017-08",
            "price": "19.33",
            "revenue": 13128
        },
        "2017-09": {
            "month": "2017-09",
            "price": "19.26",
            "revenue": 17662
        },
        "2017-10": {
            "month": "2017-10",
            "price": "20.15",
            "revenue": 15362
        },
        "2017-11": {
            "month": "2017-11",
            "price": "20.06",
            "revenue": 11616
        },
        "2017-12": {
            "month": "2017-12",
            "price": "21.45",
            "revenue": 16827
        },
        "2018-01": {
            "month": "2018-01",
            "price": "25.59",
            "revenue": 12133
        },
        "2018-02": {
            "month": "2018-02",
            "price": "24.02",
            "revenue": 11082
        },
        "2018-03": {
            "month": "2018-03",
            "price": "25.91",
            "revenue": 9158
        },
        "2018-04": {
            "month": "2018-04",
            "price": "28.19",
            "revenue": 10323
        },
        "2018-05": {
            "month": "2018-05",
            "price": "29.45",
            "revenue": 13263
        },
        "2018-06": {
            "month": "2018-06",
            "price": "33.52",
            "revenue": 32568
        },
        "2018-07": {
            "month": "2018-07",
            "price": "31.04",
            "revenue": 243869
        },
        "2018-08": {
            "month": "2018-08",
            "price": "30.59",
            "revenue": 991359
        },
        "2018-09": {
            "month": "2018-09",
            "price": "31.10",
            "revenue": 720295
        },
        "2018-10": {
            "month": "2018-10",
            "price": "27.11",
            "revenue": 973317
        },
        "2018-11": {
            "month": "2018-11",
            "price": "23.98",
            "revenue": 728695
        },
        "2018-12": {
            "month": "2018-12",
            "price": "23.16",
            "revenue": 794695
        },
        "2019-01": {
            "month": "2019-01",
            "price": "24.09",
            "revenue": 230956
        },
        "2019-02": {
            "month": "2019-02",
            "price": "24.07",
            "revenue": 191053
        },
        "2019-03": {
            "month": "2019-03",
            "price": "23.41",
            "revenue": 218126
        },
        "2019-04": {
            "month": "2019-04",
            "price": "22.79",
            "revenue": 356418
        },
        "2019-05": {
            "month": "2019-05",
            "price": "21.67",
            "revenue": 262535
        },
        "2019-06": {
            "month": "2019-06",
            "price": "22.07",
            "revenue": 400935
        },
        "2019-07": {
            "month": "2019-07",
            "price": "22.65",
            "revenue": 421927
        },
        "2019-08": {
            "month": "2019-08",
            "price": "23.05",
            "revenue": 401735
        },
        "2019-09": {
            "month": "2019-09",
            "price": "22.36",
            "revenue": 2816935
        },
        "2019-10": {
            "month": "2019-10",
            "price": "23.11",
            "revenue": 385450
        },
        "2019-11": {
            "month": "2019-11",
            "price": "23.07",
            "revenue": 286691
        },
        "2019-12": {
            "month": "2019-12",
            "price": "22.80",
            "revenue": 462558
        },
        "2020-01": {
            "month": "2020-01",
            "price": "22.22",
            "revenue": 229906
        },
        "2020-02": {
            "month": "2020-02",
            "price": "20.24",
            "revenue": 180728
        },
        "2020-03": {
            "month": "2020-03",
            "price": "18.03",
            "revenue": 220416
        },
        "2020-04": {
            "month": "2020-04",
            "price": "19.16",
            "revenue": 193645
        },
        "2020-05": {
            "month": "2020-05",
            "price": "19.79",
            "revenue": 142554
        },
        "2020-06": {
            "month": "2020-06",
            "price": "20.84",
            "revenue": 154082
        },
        "2020-07": {
            "month": "2020-07",
            "price": "21.08",
            "revenue": 227515
        },
        "2020-08": {
            "month": "2020-08",
            "price": "20.91",
            "revenue": 272291
        },
        "2020-09": {
            "month": "2020-09",
            "price": "18.79",
            "revenue": 233167
        },
        "2020-10": {
            "month": "2020-10",
            "price": "18.50",
            "revenue": 294779
        },
        "2020-11": {
            "month": "2020-11",
            "price": "18.45",
            "revenue": 647383
        },
        "2020-12": {
            "month": "2020-12",
            "price": "18.92",
            "revenue": 676819
        },
        "2021-01": {
            "month": "2021-01",
            "price": "18.90",
            "revenue": 767256
        },
        "2021-02": {
            "month": "2021-02",
            "price": "19.48",
            "revenue": 373174
        },
        "2021-03": {
            "month": "2021-03",
            "price": "21.04",
            "revenue": 567889
        },
        "2021-04": {
            "month": "2021-04",
            "price": "22.72",
            "revenue": 503674
        },
        "2021-05": {
            "month": "2021-05",
            "price": "22.89",
            "revenue": 389718
        },
        "2021-06": {
            "month": "2021-06",
            "price": "25.51",
            "revenue": 246749
        },
        "2021-07": {
            "month": "2021-07",
            "price": "26.51",
            "revenue": 2708515
        },
        "2021-08": {
            "month": "2021-08",
            "price": "27.79",
            "revenue": 176978
        },
        "2021-09": {
            "month": "2021-09",
            "price": "28.83",
            "revenue": 307616
        },
        "2021-10": {
            "month": "2021-10",
            "price": "30.10",
            "revenue": 279891
        },
        "2021-11": {
            "month": "2021-11",
            "price": "32.29",
            "revenue": 248549
        },
        "2021-12": {
            "month": "2021-12",
            "price": "31.74",
            "revenue": 420899
        },
        "2022-01": {
            "month": "2022-01",
            "price": "29.82",
            "revenue": 247988
        },
        "2022-02": {
            "month": "2022-02",
            "price": "30.25",
            "revenue": 20753
        },
        "2022-03": {
            "month": "2022-03",
            "price": "30.24",
            "revenue": 165461
        },
        "2022-04": {
            "month": "2022-04",
            "price": "29.28",
            "revenue": 247081
        },
        "2022-05": {
            "month": "2022-05",
            "price": "27.09",
            "revenue": 16564
        },
        "2022-06": {
            "month": "2022-06",
            "price": "25.96",
            "revenue": 320753
        },
        "2022-07": {
            "month": "2022-07",
            "price": "24.06",
            "revenue": 42295
        },
        "2022-08": {
            "month": "2022-08",
            "price": "24.75",
            "revenue": 108525
        },
        "2022-09": {
            "month": "2022-09",
            "price": "21.30",
            "revenue": 122362
        },
        "2022-10": {
            "month": "2022-10",
            "price": "20.36",
            "revenue": 27198
        },
        "2022-11": {
            "month": "2022-11",
            "price": "20.72",
            "revenue": 38669
        },
        "2022-12": {
            "month": "2022-12",
            "price": "21.20",
            "revenue": 28661
        },
        "2023-01": {
            "month": "2023-01",
            "price": "20.83",
            "revenue": 28659
        },
        "2023-02": {
            "month": "2023-02",
            "price": "21.46",
            "revenue": 24767
        },
        "2023-03": {
            "month": "2023-03",
            "price": "21.88",
            "revenue": 33474
        },
        "2023-04": {
            "month": "2023-04",
            "price": "22.70",
            "revenue": 147469
        },
        "2023-05": {
            "month": "2023-05",
            "price": "23.03",
            "revenue": 32785
        },
        "2023-06": {
            "month": "2023-06",
            "price": "24.48",
            "revenue": 41718
        },
        "2023-07": {
            "month": "2023-07",
            "price": "23.90",
            "revenue": 97467
        },
        "2023-08": {
            "month": "2023-08",
            "price": "23.38",
            "revenue": 1700997
        },
        "2023-09": {
            "month": "2023-09",
            "price": "23.00",
            "revenue": 27223
        },
        "2023-10": {
            "month": "2023-10",
            "price": "22.71",
            "revenue": 33085
        },
        "2023-11": {
            "month": "2023-11",
            "price": "24.42",
            "revenue": 30631
        }
    }
}
