{
    "summary": {
        "stock_name": "皇普",
        "stock_id": "2528",
        "category": "建材營造",
        "main_business": "委託營造廠商興建商業大樓及國民住宅出租、出售業務<br>投資興闢都市計劃範圍內之停車場<br>餐廳、咖啡廳、旅館業務之經營",
        "website_url": "http://crowell.com.tw",
        "ceo": "蘇永平",
        "pe_ratio": 21,
        "report_year_from": 2001,
        "report_year_to": 2023,
        "age": 22,
        "eps_negative_percentage": 61,
        "eps_growth_avg": {
            "last_all": -53.21,
            "last_2y": -55.41,
            "last_4y": -55.41,
            "last_8y": -73.08,
            "last_12y": -43.85,
            "last_16y": -53.21,
            "last_20y": -53.21,
            "at_2006_last_3y": null,
            "at_2007_last_3y": -100,
            "at_2008_last_3y": -100,
            "at_2009_last_3y": -100,
            "at_2010_last_3y": -100,
            "at_2011_last_3y": -100,
            "at_2012_last_3y": -100,
            "at_2013_last_3y": 0,
            "at_2014_last_3y": 18.08,
            "at_2015_last_3y": -21.28,
            "at_2016_last_3y": -21.28,
            "at_2017_last_3y": -81.92,
            "at_2018_last_3y": -100,
            "at_2019_last_3y": null,
            "at_2020_last_3y": null,
            "at_2021_last_3y": null,
            "at_2022_last_3y": -55.41,
            "at_2023_last_3y": -55.41,
            "at_2006_last_all": null,
            "at_2007_last_all": -100,
            "at_2008_last_all": -100,
            "at_2009_last_all": -100,
            "at_2010_last_all": -100,
            "at_2011_last_all": -100,
            "at_2012_last_all": -100,
            "at_2013_last_all": -33.33,
            "at_2014_last_all": -40.96,
            "at_2015_last_all": -52.77,
            "at_2016_last_all": -52.77,
            "at_2017_last_all": -52.77,
            "at_2018_last_all": -52.77,
            "at_2019_last_all": -52.77,
            "at_2020_last_all": -52.77,
            "at_2021_last_all": -52.77,
            "at_2022_last_all": -53.21,
            "at_2023_last_all": -53.21
        },
        "latest_eps": 1.18,
        "latest_price": 24.4,
        "latest_roe": 8.67,
        "latest_gross_margin": 27.3,
        "latest_equity": 5310885,
        "latest_revenue": 1819111,
        "latest_gross_profit": 496577,
        "latest_net_income": 337800,
        "latest_debt_ratio": 72.16,
        "latest_current_ratio": 190.81,
        "latest_account_receivable_turnover_ratio": 1151.34,
        "latest_inventory_turnover_ratio": 0.08,
        "latest_reinvestment_rate": 29.34,
        "latest_research_to_sale_ratio": null
    },
    "eps_dividends": {
        "1993": {
            "cash": 1,
            "stock": 2,
            "eps": 0
        },
        "1994": {
            "cash": 0,
            "stock": 3,
            "eps": 0
        },
        "1995": {
            "cash": 0,
            "stock": 2,
            "eps": 0
        },
        "1996": {
            "cash": 0,
            "stock": 2,
            "eps": 0
        },
        "1997": {
            "cash": 0,
            "stock": 2,
            "eps": 0
        },
        "1999": {
            "cash": 2,
            "stock": 1,
            "eps": 0
        },
        "2001": {
            "cash": 0,
            "stock": 0,
            "eps": -2.86
        },
        "2002": {
            "cash": 0,
            "stock": 0,
            "eps": -2.57
        },
        "2003": {
            "cash": 0,
            "stock": 0,
            "eps": -2.1
        },
        "2004": {
            "cash": 0,
            "stock": 0,
            "eps": -0.84
        },
        "2005": {
            "cash": 0,
            "stock": 0,
            "eps": -0.43
        },
        "2006": {
            "cash": 0,
            "stock": 0,
            "eps": 0
        },
        "2007": {
            "cash": 0,
            "stock": 0,
            "eps": -0.19
        },
        "2008": {
            "cash": 0,
            "stock": 0,
            "eps": -0.25
        },
        "2009": {
            "cash": 0,
            "stock": 0,
            "eps": 0.52
        },
        "2010": {
            "cash": 0,
            "stock": 0,
            "eps": -0.5
        },
        "2011": {
            "cash": 0,
            "stock": 0,
            "eps": -0.48
        },
        "2012": {
            "cash": 0,
            "stock": 0,
            "eps": 0.34
        },
        "2013": {
            "cash": 0,
            "stock": 0,
            "eps": 1.3
        },
        "2014": {
            "cash": 0,
            "stock": 0,
            "eps": 0.47
        },
        "2015": {
            "cash": 0,
            "stock": 0,
            "eps": 0
        },
        "2016": {
            "cash": 0,
            "stock": 0,
            "eps": -0.16
        },
        "2017": {
            "cash": 0,
            "stock": 0,
            "eps": -1.12
        },
        "2018": {
            "cash": 0,
            "stock": 0,
            "eps": -0.41
        },
        "2019": {
            "cash": 0,
            "stock": 0,
            "eps": -0.37
        },
        "2020": {
            "cash": 0,
            "stock": 0,
            "eps": -0.78
        },
        "2021": {
            "cash": 0,
            "stock": 0,
            "eps": 1.48
        },
        "2022": {
            "cash": 0,
            "stock": 0,
            "eps": 0.66
        },
        "2023": {
            "cash": 1,
            "stock": 0,
            "eps": 0.89
        }
    },
    "dividends": {
        "1993-05-01": {
            "cash": 1,
            "stock": 2
        },
        "1994-04-02": {
            "cash": 0,
            "stock": 2.5
        },
        "1995-03-25": {
            "cash": 0,
            "stock": 2
        },
        "1996-06-12": {
            "cash": 0,
            "stock": 2
        },
        "1997-03-27": {
            "cash": 0,
            "stock": 2
        },
        "1999-03-25": {
            "cash": 1.5,
            "stock": 0.5
        },
        "2014-10-31": {
            "cash": 0.3,
            "stock": 0
        },
        "2015-07-20": {
            "cash": 0.2,
            "stock": 0
        },
        "2022-05-16": {
            "cash": 0.46,
            "stock": 0
        },
        "2023-05-15": {
            "cash": 0.5,
            "stock": 0
        }
    },
    "prices": {
        "200101": "1.21",
        "200102": "1.97",
        "200103": "1.86",
        "200104": "1.37",
        "200105": "1.01",
        "200106": "0.71",
        "200107": "0.57",
        "200108": "0.73",
        "200109": "0.64",
        "200110": "0.47",
        "200111": "0.45",
        "200112": "0.57",
        "200201": "0.74",
        "200202": "0.89",
        "200203": "0.98",
        "200204": "2.41",
        "200205": "2.23",
        "200206": "2.12",
        "200207": "1.89",
        "200208": "1.44",
        "200209": "1.00",
        "200210": "1.02",
        "200211": "0.88",
        "200212": "0.97",
        "200301": "1.42",
        "200302": "1.44",
        "200303": "1.16",
        "200304": "1.09",
        "200305": "0.46",
        "200306": "0.40",
        "200307": "0.43",
        "200308": "0.61",
        "200309": "0.51",
        "200310": "0.48",
        "200311": "0.53",
        "200312": "0.49",
        "200401": "0.54",
        "200402": "1.12",
        "200403": "1.03",
        "200404": "0.88",
        "200405": "0.59",
        "200406": "0.49",
        "200407": "0.43",
        "200408": "0.40",
        "200409": "0.43",
        "200410": "0.45",
        "200411": "0.39",
        "200412": "0.44",
        "200501": "0.78",
        "200502": "0.75",
        "200503": "0.74",
        "200504": "0.78",
        "200505": "0.63",
        "200506": "無",
        "200507": "無",
        "200508": "無",
        "200509": "0.75",
        "200510": "0.71",
        "200511": "0.65",
        "200512": "0.56",
        "200601": "0.54",
        "200602": "0.49",
        "200603": "2.24",
        "200604": "2.64",
        "200605": "2.75",
        "200606": "3.07",
        "200607": "2.78",
        "200608": "2.47",
        "200609": "2.71",
        "200610": "2.61",
        "200611": "2.86",
        "200612": "4.21",
        "200701": "3.72",
        "200702": "3.55",
        "200703": "3.66",
        "200704": "3.80",
        "200705": "3.62",
        "200706": "3.32",
        "200707": "3.75",
        "200708": "3.68",
        "200709": "3.33",
        "200710": "2.75",
        "200711": "2.23",
        "200712": "2.50",
        "200801": "2.20",
        "200802": "2.43",
        "200803": "3.37",
        "200804": "3.30",
        "200805": "3.21",
        "200806": "2.78",
        "200807": "2.37",
        "200808": "1.96",
        "200809": "1.62",
        "200810": "1.27",
        "200811": "1.07",
        "200812": "0.83",
        "200901": "0.77",
        "200902": "0.74",
        "200903": "0.63",
        "200904": "1.22",
        "200905": "1.32",
        "200906": "1.38",
        "200907": "1.92",
        "200908": "2.65",
        "200909": "2.77",
        "200910": "3.08",
        "200911": "3.04",
        "200912": "2.64",
        "201001": "2.70",
        "201002": "3.91",
        "201003": "3.98",
        "201004": "3.85",
        "201005": "3.46",
        "201006": "2.80",
        "201007": "3.03",
        "201008": "7.93",
        "201009": "18.90",
        "201010": "20.32",
        "201011": "20.22",
        "201012": "19.89",
        "201101": "20.25",
        "201102": "19.51",
        "201103": "18.59",
        "201104": "18.67",
        "201105": "17.40",
        "201106": "17.38",
        "201107": "17.68",
        "201108": "15.66",
        "201109": "13.81",
        "201110": "12.77",
        "201111": "10.64",
        "201112": "11.21",
        "201201": "9.85",
        "201202": "10.05",
        "201203": "10.33",
        "201204": "9.69",
        "201205": "9.87",
        "201206": "9.06",
        "201207": "8.82",
        "201208": "8.54",
        "201209": "9.26",
        "201210": "9.68",
        "201211": "9.56",
        "201212": "9.60",
        "201301": "9.53",
        "201302": "10.70",
        "201303": "10.27",
        "201304": "12.25",
        "201305": "15.02",
        "201306": "13.59",
        "201307": "11.54",
        "201308": "13.13",
        "201309": "13.59",
        "201310": "12.60",
        "201311": "12.25",
        "201312": "13.33",
        "201401": "14.75",
        "201402": "14.42",
        "201403": "15.21",
        "201404": "14.87",
        "201405": "14.80",
        "201406": "13.90",
        "201407": "13.20",
        "201408": "11.41",
        "201409": "12.05",
        "201410": "11.06",
        "201411": "11.66",
        "201412": "12.47",
        "201501": "12.14",
        "201502": "12.10",
        "201503": "11.84",
        "201504": "12.41",
        "201505": "12.10",
        "201506": "10.36",
        "201507": "9.41",
        "201508": "9.43",
        "201509": "9.83",
        "201510": "9.69",
        "201511": "9.62",
        "201512": "8.96",
        "201601": "7.24",
        "201602": "6.60",
        "201603": "6.58",
        "201604": "6.58",
        "201605": "7.57",
        "201606": "6.91",
        "201607": "6.79",
        "201608": "7.06",
        "201609": "7.14",
        "201610": "6.86",
        "201611": "6.41",
        "201612": "6.42",
        "201701": "6.31",
        "201702": "7.05",
        "201703": "8.61",
        "201704": "8.40",
        "201705": "10.39",
        "201706": "12.61",
        "201707": "14.34",
        "201708": "20.99",
        "201709": "21.62",
        "201710": "23.78",
        "201711": "20.80",
        "201712": "20.02",
        "201801": "17.76",
        "201802": "17.38",
        "201803": "18.53",
        "201804": "18.75",
        "201805": "18.92",
        "201806": "17.65",
        "201807": "15.74",
        "201808": "14.56",
        "201809": "13.78",
        "201810": "13.32",
        "201811": "13.83",
        "201812": "13.64",
        "201901": "13.32",
        "201902": "13.96",
        "201903": "14.22",
        "201904": "15.28",
        "201905": "15.56",
        "201906": "16.08",
        "201907": "16.25",
        "201908": "17.18",
        "201909": "19.74",
        "201910": "20.90",
        "201911": "21.05",
        "201912": "20.32",
        "202001": "20.64",
        "202002": "20.37",
        "202003": "18.10",
        "202004": "18.72",
        "202005": "19.99",
        "202006": "20.63",
        "202007": "21.21",
        "202008": "23.12",
        "202009": "23.79",
        "202010": "23.89",
        "202011": "24.87",
        "202012": "23.68",
        "202101": "23.26",
        "202102": "23.34",
        "202103": "23.16",
        "202104": "24.54",
        "202105": "22.45",
        "202106": "21.99",
        "202107": "21.88",
        "202108": "21.74",
        "202109": "21.89",
        "202110": "21.50",
        "202111": "21.68",
        "202112": "21.75",
        "202201": "21.63",
        "202202": "21.39",
        "202203": "21.03",
        "202204": "19.98",
        "202205": "19.08",
        "202206": "19.38",
        "202207": "19.01",
        "202208": "19.06",
        "202209": "19.24",
        "202210": "18.04",
        "202211": "16.78",
        "202212": "16.17",
        "202301": "16.10",
        "202302": "17.42",
        "202303": "18.97",
        "202304": "24.25",
        "202305": "24.04"
    },
    "quarters": {
        "20011": {
            "year_quarter": 20011,
            "year": 2001,
            "quarter": 1,
            "eps": -0.62,
            "eps_growth_year": null,
            "eps_4q": -4.36,
            "eps_4q_growth_year": null,
            "roe": -7.19,
            "roe_4q": -7.19,
            "gross_profit": -9542,
            "gross_margin": -8.27,
            "gross_margin_4q_avg": -8.27,
            "net_income": -153034,
            "revenue": 115334,
            "common_shares": 2457907,
            "book_valuer_per_share": 8.35,
            "book_valuer_per_share_4q_avg": 8.35,
            "equity": 2051610,
            "current_ratio": 116.9,
            "debt_ratio": 81.61,
            "inventory_turnover_ratio": 0.01,
            "account_receivable_turnover_ratio": null,
            "reinvestment_rate": null,
            "research_to_sale_ratio": null,
            "price_fair": 0,
            "eps_avg_yearly": 0,
            "eps_latest_yearly": 0,
            "eps_growth_yearly": 0
        },
        "20012": {
            "year_quarter": 20012,
            "year": 2001,
            "quarter": 2,
            "eps": -0.54,
            "eps_growth_year": null,
            "eps_4q": -4.64,
            "eps_4q_growth_year": null,
            "roe": -6.67,
            "roe_4q": -13.86,
            "gross_profit": 17781,
            "gross_margin": 0.6,
            "gross_margin_4q_avg": -3.84,
            "net_income": -132477,
            "revenue": 2982692,
            "common_shares": 2457907,
            "book_valuer_per_share": 7.81,
            "book_valuer_per_share_4q_avg": 8.08,
            "equity": 1919133,
            "current_ratio": 130.51,
            "debt_ratio": 70.57,
            "inventory_turnover_ratio": 0.43,
            "account_receivable_turnover_ratio": null,
            "reinvestment_rate": null,
            "research_to_sale_ratio": null,
            "price_fair": 0,
            "eps_avg_yearly": 0,
            "eps_latest_yearly": 0,
            "eps_growth_yearly": 0
        },
        "20013": {
            "year_quarter": 20013,
            "year": 2001,
            "quarter": 3,
            "eps": -0.61,
            "eps_growth_year": null,
            "eps_4q": -4.24,
            "eps_4q_growth_year": null,
            "roe": -8.16,
            "roe_4q": -22.02,
            "gross_profit": -5516,
            "gross_margin": -10.64,
            "gross_margin_4q_avg": -6.1,
            "net_income": -150468,
            "revenue": 51832,
            "common_shares": 2457907,
            "book_valuer_per_share": 7.2,
            "book_valuer_per_share_4q_avg": 7.79,
            "equity": 1768665,
            "current_ratio": 128.24,
            "debt_ratio": 72,
            "inventory_turnover_ratio": 0.01,
            "account_receivable_turnover_ratio": null,
            "reinvestment_rate": null,
            "research_to_sale_ratio": null,
            "price_fair": 0,
            "eps_avg_yearly": 0,
            "eps_latest_yearly": 0,
            "eps_growth_yearly": 0
        },
        "20014": {
            "year_quarter": 20014,
            "year": 2001,
            "quarter": 4,
            "eps": -1.09,
            "eps_growth_year": null,
            "eps_4q": -2.86,
            "eps_4q_growth_year": null,
            "roe": -16.36,
            "roe_4q": -38.379999999999995,
            "gross_profit": -31605,
            "gross_margin": -40.19,
            "gross_margin_4q_avg": -14.63,
            "net_income": -267447,
            "revenue": 78638,
            "common_shares": 2457907,
            "book_valuer_per_share": 6.11,
            "book_valuer_per_share_4q_avg": 7.37,
            "equity": 1501218,
            "current_ratio": 122.72,
            "debt_ratio": 74.92,
            "inventory_turnover_ratio": 0.02,
            "account_receivable_turnover_ratio": null,
            "reinvestment_rate": null,
            "research_to_sale_ratio": null,
            "price_fair": 0,
            "eps_avg_yearly": 0,
            "eps_latest_yearly": 0,
            "eps_growth_yearly": 0
        },
        "20021": {
            "year_quarter": 20021,
            "year": 2002,
            "quarter": 1,
            "eps": -0.49,
            "eps_growth_year": null,
            "eps_4q": -2.72,
            "eps_4q_growth_year": null,
            "roe": -8.39,
            "roe_4q": -39.58,
            "gross_profit": -48448,
            "gross_margin": -67.6,
            "gross_margin_4q_avg": -29.46,
            "net_income": -120826,
            "revenue": 71670,
            "common_shares": 2457907,
            "book_valuer_per_share": 5.62,
            "book_valuer_per_share_4q_avg": 6.69,
            "equity": 1380392,
            "current_ratio": 123.8,
            "debt_ratio": 71.91,
            "inventory_turnover_ratio": 0.03,
            "account_receivable_turnover_ratio": null,
            "reinvestment_rate": null,
            "research_to_sale_ratio": null,
            "price_fair": 0,
            "eps_avg_yearly": 0,
            "eps_latest_yearly": 0,
            "eps_growth_yearly": 0
        },
        "20022": {
            "year_quarter": 20022,
            "year": 2002,
            "quarter": 2,
            "eps": -0.32,
            "eps_growth_year": null,
            "eps_4q": -2.51,
            "eps_4q_growth_year": null,
            "roe": -5.81,
            "roe_4q": -38.72,
            "gross_profit": -4036,
            "gross_margin": -4.17,
            "gross_margin_4q_avg": -30.65,
            "net_income": -77888,
            "revenue": 96826,
            "common_shares": 2457907,
            "book_valuer_per_share": 5.3,
            "book_valuer_per_share_4q_avg": 6.06,
            "equity": 1302504,
            "current_ratio": 122.56,
            "debt_ratio": 72.44,
            "inventory_turnover_ratio": 0.02,
            "account_receivable_turnover_ratio": null,
            "reinvestment_rate": null,
            "research_to_sale_ratio": null,
            "price_fair": 0,
            "eps_avg_yearly": 0,
            "eps_latest_yearly": 0,
            "eps_growth_yearly": 0
        },
        "20023": {
            "year_quarter": 20023,
            "year": 2002,
            "quarter": 3,
            "eps": -0.29,
            "eps_growth_year": null,
            "eps_4q": -2.19,
            "eps_4q_growth_year": null,
            "roe": -5.68,
            "roe_4q": -36.239999999999995,
            "gross_profit": -1464,
            "gross_margin": -1.41,
            "gross_margin_4q_avg": -28.34,
            "net_income": -71916,
            "revenue": 103730,
            "common_shares": 2457907,
            "book_valuer_per_share": 5.01,
            "book_valuer_per_share_4q_avg": 5.51,
            "equity": 1230588,
            "current_ratio": 120.92,
            "debt_ratio": 73.45,
            "inventory_turnover_ratio": 0.03,
            "account_receivable_turnover_ratio": null,
            "reinvestment_rate": null,
            "research_to_sale_ratio": null,
            "price_fair": 0,
            "eps_avg_yearly": 0,
            "eps_latest_yearly": 0,
            "eps_growth_yearly": 0
        },
        "20024": {
            "year_quarter": 20024,
            "year": 2002,
            "quarter": 4,
            "eps": -1.47,
            "eps_growth_year": null,
            "eps_4q": -2.57,
            "eps_4q_growth_year": null,
            "roe": -34.44,
            "roe_4q": -54.32,
            "gross_profit": -35118,
            "gross_margin": -48.68,
            "gross_margin_4q_avg": -30.47,
            "net_income": -361518,
            "revenue": 72140,
            "common_shares": 2457907,
            "book_valuer_per_share": 3.54,
            "book_valuer_per_share_4q_avg": 4.87,
            "equity": 869070,
            "current_ratio": 111.44,
            "debt_ratio": 79.23,
            "inventory_turnover_ratio": 0.03,
            "account_receivable_turnover_ratio": null,
            "reinvestment_rate": null,
            "research_to_sale_ratio": null,
            "price_fair": 0,
            "eps_avg_yearly": 0,
            "eps_latest_yearly": 0,
            "eps_growth_yearly": 0
        },
        "20031": {
            "year_quarter": 20031,
            "year": 2003,
            "quarter": 1,
            "eps": -0.33,
            "eps_growth_year": null,
            "eps_4q": -2.41,
            "eps_4q_growth_year": null,
            "roe": -9.77,
            "roe_4q": -55.699999999999996,
            "gross_profit": -16384,
            "gross_margin": -25.8,
            "gross_margin_4q_avg": -20.02,
            "net_income": -80938,
            "revenue": 63512,
            "common_shares": 2457907,
            "book_valuer_per_share": 3.21,
            "book_valuer_per_share_4q_avg": 4.27,
            "equity": 788056,
            "current_ratio": 109.14,
            "debt_ratio": 80.65,
            "inventory_turnover_ratio": 0.02,
            "account_receivable_turnover_ratio": null,
            "reinvestment_rate": null,
            "research_to_sale_ratio": null,
            "price_fair": 0,
            "eps_avg_yearly": 0,
            "eps_latest_yearly": 0,
            "eps_growth_yearly": 0
        },
        "20032": {
            "year_quarter": 20032,
            "year": 2003,
            "quarter": 2,
            "eps": -1.16,
            "eps_growth_year": null,
            "eps_4q": -3.26,
            "eps_4q_growth_year": null,
            "roe": -44.3,
            "roe_4q": -94.19,
            "gross_profit": -11440,
            "gross_margin": -66.17,
            "gross_margin_4q_avg": -35.52,
            "net_income": -285791,
            "revenue": 17288,
            "common_shares": 2457907,
            "book_valuer_per_share": 2.04,
            "book_valuer_per_share_4q_avg": 3.45,
            "equity": 502266,
            "current_ratio": 100.1,
            "debt_ratio": 86.81,
            "inventory_turnover_ratio": 0.01,
            "account_receivable_turnover_ratio": null,
            "reinvestment_rate": null,
            "research_to_sale_ratio": null,
            "price_fair": 0,
            "eps_avg_yearly": 0,
            "eps_latest_yearly": 0,
            "eps_growth_yearly": 0
        },
        "20033": {
            "year_quarter": 20033,
            "year": 2003,
            "quarter": 3,
            "eps": 0.16,
            "eps_growth_year": null,
            "eps_4q": -2.88,
            "eps_4q_growth_year": null,
            "roe": 7.36,
            "roe_4q": -81.14999999999999,
            "gross_profit": -34716,
            "gross_margin": -78.88,
            "gross_margin_4q_avg": -54.88,
            "net_income": 38368,
            "revenue": 44013,
            "common_shares": 2457907,
            "book_valuer_per_share": 2.2,
            "book_valuer_per_share_4q_avg": 2.75,
            "equity": 540633,
            "current_ratio": 106.32,
            "debt_ratio": 84.31,
            "inventory_turnover_ratio": 0.03,
            "account_receivable_turnover_ratio": null,
            "reinvestment_rate": null,
            "research_to_sale_ratio": null,
            "price_fair": 0,
            "eps_avg_yearly": 0,
            "eps_latest_yearly": 0,
            "eps_growth_yearly": 0
        },
        "20034": {
            "year_quarter": 20034,
            "year": 2003,
            "quarter": 4,
            "eps": -0.77,
            "eps_growth_year": null,
            "eps_4q": -2.11,
            "eps_4q_growth_year": null,
            "roe": -42.46,
            "roe_4q": -89.17,
            "gross_profit": -17426,
            "gross_margin": -79.19,
            "gross_margin_4q_avg": -62.51,
            "net_income": -189339,
            "revenue": 22004,
            "common_shares": 2457907,
            "book_valuer_per_share": 1.43,
            "book_valuer_per_share_4q_avg": 2.22,
            "equity": 351295,
            "current_ratio": 99.29,
            "debt_ratio": 89.34,
            "inventory_turnover_ratio": 0.01,
            "account_receivable_turnover_ratio": null,
            "reinvestment_rate": null,
            "research_to_sale_ratio": null,
            "price_fair": 0,
            "eps_avg_yearly": 0,
            "eps_latest_yearly": 0,
            "eps_growth_yearly": 0
        },
        "20041": {
            "year_quarter": 20041,
            "year": 2004,
            "quarter": 1,
            "eps": -0.17,
            "eps_growth_year": null,
            "eps_4q": -1.98,
            "eps_4q_growth_year": null,
            "roe": -12.43,
            "roe_4q": -91.83,
            "gross_profit": -1120,
            "gross_margin": -16.93,
            "gross_margin_4q_avg": -60.29,
            "net_income": -41096,
            "revenue": 6614,
            "common_shares": 2457907,
            "book_valuer_per_share": 1.26,
            "book_valuer_per_share_4q_avg": 1.73,
            "equity": 310200,
            "current_ratio": 96.84,
            "debt_ratio": 90.37,
            "inventory_turnover_ratio": 0,
            "account_receivable_turnover_ratio": null,
            "reinvestment_rate": null,
            "research_to_sale_ratio": null,
            "price_fair": 0,
            "eps_avg_yearly": 0,
            "eps_latest_yearly": 0,
            "eps_growth_yearly": 0
        },
        "20042": {
            "year_quarter": 20042,
            "year": 2004,
            "quarter": 2,
            "eps": -0.16,
            "eps_growth_year": null,
            "eps_4q": -0.94,
            "eps_4q_growth_year": null,
            "roe": -13.34,
            "roe_4q": -60.870000000000005,
            "gross_profit": -8347,
            "gross_margin": -25.4,
            "gross_margin_4q_avg": -50.1,
            "net_income": -38791,
            "revenue": 32858,
            "common_shares": 2457907,
            "book_valuer_per_share": 1.1,
            "book_valuer_per_share_4q_avg": 1.5,
            "equity": 271408,
            "current_ratio": 96.7,
            "debt_ratio": 91.54,
            "inventory_turnover_ratio": 0.02,
            "account_receivable_turnover_ratio": null,
            "reinvestment_rate": null,
            "research_to_sale_ratio": null,
            "price_fair": 0,
            "eps_avg_yearly": 0,
            "eps_latest_yearly": 0,
            "eps_growth_yearly": 0
        },
        "20043": {
            "year_quarter": 20043,
            "year": 2004,
            "quarter": 3,
            "eps": -0.17,
            "eps_growth_year": -206.25,
            "eps_4q": -1.26,
            "eps_4q_growth_year": null,
            "roe": -16.34,
            "roe_4q": -84.57,
            "gross_profit": -356,
            "gross_margin": -0.59,
            "gross_margin_4q_avg": -30.53,
            "net_income": -40998,
            "revenue": 60168,
            "common_shares": 2457907,
            "book_valuer_per_share": 0.94,
            "book_valuer_per_share_4q_avg": 1.18,
            "equity": 230410,
            "current_ratio": 96,
            "debt_ratio": 92.75,
            "inventory_turnover_ratio": 0.02,
            "account_receivable_turnover_ratio": null,
            "reinvestment_rate": null,
            "research_to_sale_ratio": null,
            "price_fair": 0,
            "eps_avg_yearly": 0,
            "eps_latest_yearly": 0,
            "eps_growth_yearly": 0
        },
        "20044": {
            "year_quarter": 20044,
            "year": 2004,
            "quarter": 4,
            "eps": -0.34,
            "eps_growth_year": null,
            "eps_4q": -0.83,
            "eps_4q_growth_year": null,
            "roe": -43.29,
            "roe_4q": -85.4,
            "gross_profit": -45562,
            "gross_margin": -510.78,
            "gross_margin_4q_avg": -138.43,
            "net_income": -83790,
            "revenue": 8920,
            "common_shares": 2457907,
            "book_valuer_per_share": 0.6,
            "book_valuer_per_share_4q_avg": 0.98,
            "equity": 156731,
            "current_ratio": 94.73,
            "debt_ratio": 95.04,
            "inventory_turnover_ratio": 0.02,
            "account_receivable_turnover_ratio": null,
            "reinvestment_rate": null,
            "research_to_sale_ratio": null,
            "price_fair": 0,
            "eps_avg_yearly": 0,
            "eps_latest_yearly": 0,
            "eps_growth_yearly": 0
        },
        "20051": {
            "year_quarter": 20051,
            "year": 2005,
            "quarter": 1,
            "eps": -0.16,
            "eps_growth_year": null,
            "eps_4q": -0.74,
            "eps_4q_growth_year": null,
            "roe": -35.24,
            "roe_4q": -108.21000000000001,
            "gross_profit": -27191,
            "gross_margin": -160.58,
            "gross_margin_4q_avg": -174.34,
            "net_income": -45440,
            "revenue": 16933,
            "common_shares": 2457907,
            "book_valuer_per_share": 0.41,
            "book_valuer_per_share_4q_avg": 0.76,
            "equity": 101180,
            "current_ratio": 93.36,
            "debt_ratio": 96.68,
            "inventory_turnover_ratio": 0.02,
            "account_receivable_turnover_ratio": null,
            "reinvestment_rate": null,
            "research_to_sale_ratio": null,
            "price_fair": 0,
            "eps_avg_yearly": 0,
            "eps_latest_yearly": 0,
            "eps_growth_yearly": 0
        },
        "20052": {
            "year_quarter": 20052,
            "year": 2005,
            "quarter": 2,
            "eps": -0.15,
            "eps_growth_year": null,
            "eps_4q": -0.84,
            "eps_4q_growth_year": null,
            "roe": -43.91,
            "roe_4q": -138.78,
            "gross_profit": 8882,
            "gross_margin": 120.14,
            "gross_margin_4q_avg": -137.95,
            "net_income": -36432,
            "revenue": 7393,
            "common_shares": 2457907,
            "book_valuer_per_share": 0.26,
            "book_valuer_per_share_4q_avg": 0.55,
            "equity": 64748,
            "current_ratio": 92.02,
            "debt_ratio": 97.86,
            "inventory_turnover_ratio": -0,
            "account_receivable_turnover_ratio": null,
            "reinvestment_rate": null,
            "research_to_sale_ratio": null,
            "price_fair": 0,
            "eps_avg_yearly": 0,
            "eps_latest_yearly": 0,
            "eps_growth_yearly": 0
        },
        "20053": {
            "year_quarter": 20053,
            "year": 2005,
            "quarter": 3,
            "eps": 0.84,
            "eps_growth_year": null,
            "eps_4q": 0.2,
            "eps_4q_growth_year": null,
            "roe": 117.83,
            "roe_4q": -4.609999999999999,
            "gross_profit": 3,
            "gross_margin": 0.06,
            "gross_margin_4q_avg": -137.79,
            "net_income": 216784,
            "revenue": 4983,
            "common_shares": 3000000,
            "book_valuer_per_share": 1.01,
            "book_valuer_per_share_4q_avg": 0.57,
            "equity": 303216,
            "current_ratio": 100.9,
            "debt_ratio": 89.83,
            "inventory_turnover_ratio": 0,
            "account_receivable_turnover_ratio": null,
            "reinvestment_rate": null,
            "research_to_sale_ratio": null,
            "price_fair": 0,
            "eps_avg_yearly": 0,
            "eps_latest_yearly": 0,
            "eps_growth_yearly": 0
        },
        "20054": {
            "year_quarter": 20054,
            "year": 2005,
            "quarter": 4,
            "eps": -0.96,
            "eps_growth_year": null,
            "eps_4q": 1.06,
            "eps_4q_growth_year": null,
            "roe": -23.28,
            "roe_4q": 15.399999999999999,
            "gross_profit": -22391,
            "gross_margin": -119.13,
            "gross_margin_4q_avg": -39.88,
            "net_income": -64255,
            "revenue": 18795,
            "common_shares": 742093,
            "book_valuer_per_share": 3.22,
            "book_valuer_per_share_4q_avg": 1.23,
            "equity": 248856,
            "current_ratio": 98.06,
            "debt_ratio": 91.63,
            "inventory_turnover_ratio": 0.02,
            "account_receivable_turnover_ratio": null,
            "reinvestment_rate": null,
            "research_to_sale_ratio": null,
            "price_fair": 0,
            "eps_avg_yearly": 0,
            "eps_latest_yearly": 0,
            "eps_growth_yearly": 0
        },
        "20061": {
            "year_quarter": 20061,
            "year": 2006,
            "quarter": 1,
            "eps": 0.33,
            "eps_growth_year": null,
            "eps_4q": 1.89,
            "eps_4q_growth_year": null,
            "roe": 9.59,
            "roe_4q": 60.230000000000004,
            "gross_profit": -37082,
            "gross_margin": -126.09,
            "gross_margin_4q_avg": -31.26,
            "net_income": 24578,
            "revenue": 29409,
            "common_shares": 742093,
            "book_valuer_per_share": 3.55,
            "book_valuer_per_share_4q_avg": 2.01,
            "equity": 263539,
            "current_ratio": 100.51,
            "debt_ratio": 89.28,
            "inventory_turnover_ratio": 0.03,
            "account_receivable_turnover_ratio": null,
            "reinvestment_rate": null,
            "research_to_sale_ratio": null,
            "price_fair": 0,
            "eps_avg_yearly": 0,
            "eps_latest_yearly": 0,
            "eps_growth_yearly": 0
        },
        "20062": {
            "year_quarter": 20062,
            "year": 2006,
            "quarter": 2,
            "eps": -0.13,
            "eps_growth_year": null,
            "eps_4q": 1.01,
            "eps_4q_growth_year": null,
            "roe": -4.58,
            "roe_4q": 99.56,
            "gross_profit": -31360,
            "gross_margin": -115.66,
            "gross_margin_4q_avg": -90.21,
            "net_income": -15015,
            "revenue": 27115,
            "common_shares": 1600000,
            "book_valuer_per_share": 2.45,
            "book_valuer_per_share_4q_avg": 2.56,
            "equity": 392652,
            "current_ratio": 98.25,
            "debt_ratio": 83.86,
            "inventory_turnover_ratio": 0.03,
            "account_receivable_turnover_ratio": null,
            "reinvestment_rate": null,
            "research_to_sale_ratio": null,
            "price_fair": 0,
            "eps_avg_yearly": 0,
            "eps_latest_yearly": 0,
            "eps_growth_yearly": 0
        },
        "20063": {
            "year_quarter": 20063,
            "year": 2006,
            "quarter": 3,
            "eps": -0.16,
            "eps_growth_year": -119.05,
            "eps_4q": -0.47,
            "eps_4q_growth_year": -336.8,
            "roe": -5.32,
            "roe_4q": -23.590000000000003,
            "gross_profit": 624,
            "gross_margin": 22.88,
            "gross_margin_4q_avg": -84.5,
            "net_income": -20360,
            "revenue": 2727,
            "common_shares": 1600000,
            "book_valuer_per_share": 2.33,
            "book_valuer_per_share_4q_avg": 2.89,
            "equity": 372292,
            "current_ratio": 97.34,
            "debt_ratio": 84.71,
            "inventory_turnover_ratio": 0,
            "account_receivable_turnover_ratio": null,
            "reinvestment_rate": null,
            "research_to_sale_ratio": null,
            "price_fair": 0,
            "eps_avg_yearly": 0,
            "eps_latest_yearly": 0,
            "eps_growth_yearly": 0
        },
        "20064": {
            "year_quarter": 20064,
            "year": 2006,
            "quarter": 4,
            "eps": -0.04,
            "eps_growth_year": null,
            "eps_4q": -0.12,
            "eps_4q_growth_year": -111.04,
            "roe": -1.4,
            "roe_4q": -1.7100000000000009,
            "gross_profit": -128546,
            "gross_margin": -128.87,
            "gross_margin_4q_avg": -86.94,
            "net_income": -5252,
            "revenue": 99751,
            "common_shares": 1600000,
            "book_valuer_per_share": 2.29,
            "book_valuer_per_share_4q_avg": 2.66,
            "equity": 376582,
            "current_ratio": 97.18,
            "debt_ratio": 84.3,
            "inventory_turnover_ratio": 0.12,
            "account_receivable_turnover_ratio": null,
            "reinvestment_rate": null,
            "research_to_sale_ratio": null,
            "price_fair": 0,
            "eps_avg_yearly": 0,
            "eps_latest_yearly": 0,
            "eps_growth_yearly": 0
        },
        "20071": {
            "year_quarter": 20071,
            "year": 2007,
            "quarter": 1,
            "eps": 0.11,
            "eps_growth_year": -66.67,
            "eps_4q": -0.14,
            "eps_4q_growth_year": -107.19,
            "roe": 4.77,
            "roe_4q": -6.530000000000001,
            "gross_profit": 2429,
            "gross_margin": 25.39,
            "gross_margin_4q_avg": -49.07,
            "net_income": 18176,
            "revenue": 9568,
            "common_shares": 1600000,
            "book_valuer_per_share": 2.41,
            "book_valuer_per_share_4q_avg": 2.37,
            "equity": 385216,
            "current_ratio": 98.46,
            "debt_ratio": 83.68,
            "inventory_turnover_ratio": 0,
            "account_receivable_turnover_ratio": null,
            "reinvestment_rate": null,
            "research_to_sale_ratio": null,
            "price_fair": 0,
            "eps_avg_yearly": 0,
            "eps_latest_yearly": 0,
            "eps_growth_yearly": 0
        },
        "20072": {
            "year_quarter": 20072,
            "year": 2007,
            "quarter": 2,
            "eps": -0.15,
            "eps_growth_year": null,
            "eps_4q": -0.2,
            "eps_4q_growth_year": -119.45,
            "roe": -6.46,
            "roe_4q": -8.41,
            "gross_profit": 1271,
            "gross_margin": 36.25,
            "gross_margin_4q_avg": -11.09,
            "net_income": -24090,
            "revenue": 3506,
            "common_shares": 1600000,
            "book_valuer_per_share": 2.26,
            "book_valuer_per_share_4q_avg": 2.32,
            "equity": 361126,
            "current_ratio": 97.04,
            "debt_ratio": 82.36,
            "inventory_turnover_ratio": 0,
            "account_receivable_turnover_ratio": null,
            "reinvestment_rate": null,
            "research_to_sale_ratio": null,
            "price_fair": 0,
            "eps_avg_yearly": 0,
            "eps_latest_yearly": 0,
            "eps_growth_yearly": 0
        },
        "20073": {
            "year_quarter": 20073,
            "year": 2007,
            "quarter": 3,
            "eps": -0.11,
            "eps_growth_year": null,
            "eps_4q": -0.18,
            "eps_4q_growth_year": null,
            "roe": -4.97,
            "roe_4q": -8.06,
            "gross_profit": 2110,
            "gross_margin": 77.23,
            "gross_margin_4q_avg": 2.5,
            "net_income": -17511,
            "revenue": 2732,
            "common_shares": 1600000,
            "book_valuer_per_share": 2.15,
            "book_valuer_per_share_4q_avg": 2.28,
            "equity": 343615,
            "current_ratio": 96.11,
            "debt_ratio": 83.09,
            "inventory_turnover_ratio": 0,
            "account_receivable_turnover_ratio": null,
            "reinvestment_rate": null,
            "research_to_sale_ratio": null,
            "price_fair": 0,
            "eps_avg_yearly": 0,
            "eps_latest_yearly": 0,
            "eps_growth_yearly": 0
        },
        "20074": {
            "year_quarter": 20074,
            "year": 2007,
            "quarter": 4,
            "eps": -0.04,
            "eps_growth_year": null,
            "eps_4q": -0.18,
            "eps_4q_growth_year": null,
            "roe": -1.65,
            "roe_4q": -8.309999999999999,
            "gross_profit": 2241,
            "gross_margin": 76.17,
            "gross_margin_4q_avg": 53.76,
            "net_income": -5707,
            "revenue": 2942,
            "common_shares": 1600000,
            "book_valuer_per_share": 2.11,
            "book_valuer_per_share_4q_avg": 2.23,
            "equity": 347413,
            "current_ratio": 94.98,
            "debt_ratio": 83.36,
            "inventory_turnover_ratio": 0,
            "account_receivable_turnover_ratio": null,
            "reinvestment_rate": null,
            "research_to_sale_ratio": null,
            "price_fair": 0,
            "eps_avg_yearly": 0,
            "eps_latest_yearly": 0,
            "eps_growth_yearly": 0
        },
        "20081": {
            "year_quarter": 20081,
            "year": 2008,
            "quarter": 1,
            "eps": -0.13,
            "eps_growth_year": -218.18,
            "eps_4q": -0.43,
            "eps_4q_growth_year": null,
            "roe": -6.01,
            "roe_4q": -19.09,
            "gross_profit": 2883,
            "gross_margin": 76.53,
            "gross_margin_4q_avg": 66.55,
            "net_income": -20264,
            "revenue": 3767,
            "common_shares": 1600000,
            "book_valuer_per_share": 1.98,
            "book_valuer_per_share_4q_avg": 2.13,
            "equity": 327149,
            "current_ratio": 93.95,
            "debt_ratio": 84.33,
            "inventory_turnover_ratio": 0,
            "account_receivable_turnover_ratio": null,
            "reinvestment_rate": null,
            "research_to_sale_ratio": null,
            "price_fair": 0,
            "eps_avg_yearly": 0,
            "eps_latest_yearly": 0,
            "eps_growth_yearly": 0
        },
        "20082": {
            "year_quarter": 20082,
            "year": 2008,
            "quarter": 2,
            "eps": 0.02,
            "eps_growth_year": null,
            "eps_4q": -0.26,
            "eps_4q_growth_year": null,
            "roe": 0.94,
            "roe_4q": -11.690000000000001,
            "gross_profit": 21788,
            "gross_margin": 11.32,
            "gross_margin_4q_avg": 60.31,
            "net_income": 3102,
            "revenue": 192495,
            "common_shares": 1600000,
            "book_valuer_per_share": 2,
            "book_valuer_per_share_4q_avg": 2.06,
            "equity": 330251,
            "current_ratio": 103.33,
            "debt_ratio": 83.73,
            "inventory_turnover_ratio": 0.11,
            "account_receivable_turnover_ratio": null,
            "reinvestment_rate": null,
            "research_to_sale_ratio": null,
            "price_fair": 0,
            "eps_avg_yearly": 0,
            "eps_latest_yearly": 0,
            "eps_growth_yearly": 0
        },
        "20083": {
            "year_quarter": 20083,
            "year": 2008,
            "quarter": 3,
            "eps": 0,
            "eps_growth_year": null,
            "eps_4q": -0.15,
            "eps_4q_growth_year": null,
            "roe": -0.15,
            "roe_4q": -6.869999999999999,
            "gross_profit": 27590,
            "gross_margin": 13.95,
            "gross_margin_4q_avg": 44.49,
            "net_income": -504,
            "revenue": 197828,
            "common_shares": 1600000,
            "book_valuer_per_share": 2,
            "book_valuer_per_share_4q_avg": 2.02,
            "equity": 329747,
            "current_ratio": 114.74,
            "debt_ratio": 82.37,
            "inventory_turnover_ratio": 0.11,
            "account_receivable_turnover_ratio": null,
            "reinvestment_rate": null,
            "research_to_sale_ratio": null,
            "price_fair": 0,
            "eps_avg_yearly": 0,
            "eps_latest_yearly": 0,
            "eps_growth_yearly": 0
        },
        "20084": {
            "year_quarter": 20084,
            "year": 2008,
            "quarter": 4,
            "eps": -0.14,
            "eps_growth_year": null,
            "eps_4q": -0.25,
            "eps_4q_growth_year": null,
            "roe": -7.05,
            "roe_4q": -12.27,
            "gross_profit": 583,
            "gross_margin": 5.35,
            "gross_margin_4q_avg": 26.79,
            "net_income": -22456,
            "revenue": 10890,
            "common_shares": 1600000,
            "book_valuer_per_share": 1.86,
            "book_valuer_per_share_4q_avg": 1.96,
            "equity": 307291,
            "current_ratio": 114.02,
            "debt_ratio": 82.51,
            "inventory_turnover_ratio": 0.01,
            "account_receivable_turnover_ratio": 1.02,
            "reinvestment_rate": null,
            "research_to_sale_ratio": null,
            "price_fair": 0,
            "eps_avg_yearly": 0,
            "eps_latest_yearly": 0,
            "eps_growth_yearly": 0
        },
        "20091": {
            "year_quarter": 20091,
            "year": 2009,
            "quarter": 1,
            "eps": -0.03,
            "eps_growth_year": null,
            "eps_4q": -0.16,
            "eps_4q_growth_year": null,
            "roe": -1.68,
            "roe_4q": -7.940000000000001,
            "gross_profit": 15035,
            "gross_margin": 24.26,
            "gross_margin_4q_avg": 13.72,
            "net_income": -5126,
            "revenue": 61964,
            "common_shares": 1600000,
            "book_valuer_per_share": 1.83,
            "book_valuer_per_share_4q_avg": 1.92,
            "equity": 302165,
            "current_ratio": 113.58,
            "debt_ratio": 82.81,
            "inventory_turnover_ratio": 0.03,
            "account_receivable_turnover_ratio": 1.26,
            "reinvestment_rate": -992.57,
            "research_to_sale_ratio": null,
            "price_fair": 0,
            "eps_avg_yearly": 0,
            "eps_latest_yearly": 0,
            "eps_growth_yearly": 0
        },
        "20092": {
            "year_quarter": 20092,
            "year": 2009,
            "quarter": 2,
            "eps": -0.08,
            "eps_growth_year": -500,
            "eps_4q": -0.26,
            "eps_4q_growth_year": null,
            "roe": -4.51,
            "roe_4q": -13.389999999999999,
            "gross_profit": 8152,
            "gross_margin": 25.5,
            "gross_margin_4q_avg": 17.27,
            "net_income": -13315,
            "revenue": 31965,
            "common_shares": 1600000,
            "book_valuer_per_share": 1.75,
            "book_valuer_per_share_4q_avg": 1.86,
            "equity": 288850,
            "current_ratio": 113.12,
            "debt_ratio": 82.94,
            "inventory_turnover_ratio": 0.02,
            "account_receivable_turnover_ratio": 0.58,
            "reinvestment_rate": -621.89,
            "research_to_sale_ratio": null,
            "price_fair": 0,
            "eps_avg_yearly": 0,
            "eps_latest_yearly": 0,
            "eps_growth_yearly": 0
        },
        "20093": {
            "year_quarter": 20093,
            "year": 2009,
            "quarter": 3,
            "eps": 0.01,
            "eps_growth_year": null,
            "eps_4q": -0.08,
            "eps_4q_growth_year": null,
            "roe": 0.51,
            "roe_4q": -12.73,
            "gross_profit": 22103,
            "gross_margin": 8.29,
            "gross_margin_4q_avg": 15.85,
            "net_income": 2850,
            "revenue": 266778,
            "common_shares": 5000000,
            "book_valuer_per_share": 1.65,
            "book_valuer_per_share_4q_avg": 1.77,
            "equity": 835700,
            "current_ratio": 184.83,
            "debt_ratio": 48.51,
            "inventory_turnover_ratio": 0.18,
            "account_receivable_turnover_ratio": 8.89,
            "reinvestment_rate": null,
            "research_to_sale_ratio": null,
            "price_fair": 0,
            "eps_avg_yearly": 0,
            "eps_latest_yearly": 0,
            "eps_growth_yearly": 0
        },
        "20094": {
            "year_quarter": 20094,
            "year": 2009,
            "quarter": 4,
            "eps": 0.62,
            "eps_growth_year": null,
            "eps_4q": 0.31,
            "eps_4q_growth_year": null,
            "roe": 18.46,
            "roe_4q": 12.780000000000003,
            "gross_profit": 918,
            "gross_margin": 34.65,
            "gross_margin_4q_avg": 23.18,
            "net_income": 169944,
            "revenue": 2649,
            "common_shares": 5000000,
            "book_valuer_per_share": 1.99,
            "book_valuer_per_share_4q_avg": 1.81,
            "equity": 1005644,
            "current_ratio": 264.61,
            "debt_ratio": 33.78,
            "inventory_turnover_ratio": 0,
            "account_receivable_turnover_ratio": 0.21,
            "reinvestment_rate": -415.22,
            "research_to_sale_ratio": null,
            "price_fair": 86.8,
            "eps_avg_yearly": 2.48,
            "eps_latest_yearly": 2.48,
            "eps_growth_yearly": 24400
        },
        "20101": {
            "year_quarter": 20101,
            "year": 2010,
            "quarter": 1,
            "eps": -0.03,
            "eps_growth_year": null,
            "eps_4q": 0.29,
            "eps_4q_growth_year": null,
            "roe": -1.34,
            "roe_4q": 13.120000000000003,
            "gross_profit": 2352,
            "gross_margin": 53.56,
            "gross_margin_4q_avg": 30.5,
            "net_income": -13367,
            "revenue": 4391,
            "common_shares": 5000000,
            "book_valuer_per_share": 1.97,
            "book_valuer_per_share_4q_avg": 1.84,
            "equity": 992277,
            "current_ratio": 266.28,
            "debt_ratio": 33.45,
            "inventory_turnover_ratio": 0,
            "account_receivable_turnover_ratio": 0.19,
            "reinvestment_rate": -640.68,
            "research_to_sale_ratio": null,
            "price_fair": 86.8,
            "eps_avg_yearly": 2.48,
            "eps_latest_yearly": 2.48,
            "eps_growth_yearly": 24400
        },
        "20102": {
            "year_quarter": 20102,
            "year": 2010,
            "quarter": 2,
            "eps": -0.09,
            "eps_growth_year": null,
            "eps_4q": 1.51,
            "eps_4q_growth_year": null,
            "roe": -0.94,
            "roe_4q": 16.69,
            "gross_profit": 643,
            "gross_margin": 67.54,
            "gross_margin_4q_avg": 41.01,
            "net_income": -9288,
            "revenue": 952,
            "common_shares": 1000000,
            "book_valuer_per_share": 9.74,
            "book_valuer_per_share_4q_avg": 3.84,
            "equity": 982989,
            "current_ratio": 263.72,
            "debt_ratio": 33.68,
            "inventory_turnover_ratio": 0,
            "account_receivable_turnover_ratio": 0.05,
            "reinvestment_rate": -531.72,
            "research_to_sale_ratio": null,
            "price_fair": 86.8,
            "eps_avg_yearly": 2.48,
            "eps_latest_yearly": 2.48,
            "eps_growth_yearly": 24400
        },
        "20103": {
            "year_quarter": 20103,
            "year": 2010,
            "quarter": 3,
            "eps": -0.09,
            "eps_growth_year": -985.8,
            "eps_4q": 1.39,
            "eps_4q_growth_year": null,
            "roe": -0.9,
            "roe_4q": 15.280000000000001,
            "gross_profit": 1515,
            "gross_margin": 38.15,
            "gross_margin_4q_avg": 48.48,
            "net_income": -8827,
            "revenue": 3971,
            "common_shares": 1000000,
            "book_valuer_per_share": 9.65,
            "book_valuer_per_share_4q_avg": 5.84,
            "equity": 974162,
            "current_ratio": 262.76,
            "debt_ratio": 33.75,
            "inventory_turnover_ratio": 0,
            "account_receivable_turnover_ratio": 0.32,
            "reinvestment_rate": -404.16,
            "research_to_sale_ratio": null,
            "price_fair": 86.8,
            "eps_avg_yearly": 2.48,
            "eps_latest_yearly": 2.48,
            "eps_growth_yearly": 24400
        },
        "20104": {
            "year_quarter": 20104,
            "year": 2010,
            "quarter": 4,
            "eps": -0.29,
            "eps_growth_year": -146.6,
            "eps_4q": -0.6,
            "eps_4q_growth_year": -295.12,
            "roe": -3.68,
            "roe_4q": -6.859999999999999,
            "gross_profit": 726,
            "gross_margin": 82.97,
            "gross_margin_4q_avg": 60.56,
            "net_income": -35170,
            "revenue": 875,
            "common_shares": 1000000,
            "book_valuer_per_share": 9.36,
            "book_valuer_per_share_4q_avg": 7.68,
            "equity": 936198,
            "current_ratio": 259.68,
            "debt_ratio": 34.5,
            "inventory_turnover_ratio": 0,
            "account_receivable_turnover_ratio": 0.11,
            "reinvestment_rate": -1241.49,
            "research_to_sale_ratio": null,
            "price_fair": 86.8,
            "eps_avg_yearly": 2.48,
            "eps_latest_yearly": 2.48,
            "eps_growth_yearly": 24400
        },
        "20111": {
            "year_quarter": 20111,
            "year": 2011,
            "quarter": 1,
            "eps": -0.15,
            "eps_growth_year": null,
            "eps_4q": -0.62,
            "eps_4q_growth_year": -311.06,
            "roe": -1.6,
            "roe_4q": -7.120000000000001,
            "gross_profit": 233,
            "gross_margin": 70.18,
            "gross_margin_4q_avg": 64.71,
            "net_income": -14871,
            "revenue": 332,
            "common_shares": 1000000,
            "book_valuer_per_share": 9.21,
            "book_valuer_per_share_4q_avg": 9.49,
            "equity": 921327,
            "current_ratio": 259.99,
            "debt_ratio": 35.59,
            "inventory_turnover_ratio": 0,
            "account_receivable_turnover_ratio": 0.05,
            "reinvestment_rate": null,
            "research_to_sale_ratio": null,
            "price_fair": 86.8,
            "eps_avg_yearly": 2.48,
            "eps_latest_yearly": 2.48,
            "eps_growth_yearly": 24400
        },
        "20112": {
            "year_quarter": 20112,
            "year": 2011,
            "quarter": 2,
            "eps": -0.08,
            "eps_growth_year": null,
            "eps_4q": -0.6,
            "eps_4q_growth_year": -140.06,
            "roe": -0.84,
            "roe_4q": -7.0200000000000005,
            "gross_profit": 81,
            "gross_margin": 100,
            "gross_margin_4q_avg": 72.83,
            "net_income": -7714,
            "revenue": 81,
            "common_shares": 1000000,
            "book_valuer_per_share": 9.14,
            "book_valuer_per_share_4q_avg": 9.34,
            "equity": 913613,
            "current_ratio": 253.84,
            "debt_ratio": 36.47,
            "inventory_turnover_ratio": 0,
            "account_receivable_turnover_ratio": 0.01,
            "reinvestment_rate": -3560.58,
            "research_to_sale_ratio": null,
            "price_fair": 86.8,
            "eps_avg_yearly": 2.48,
            "eps_latest_yearly": 2.48,
            "eps_growth_yearly": 24400
        },
        "20113": {
            "year_quarter": 20113,
            "year": 2011,
            "quarter": 3,
            "eps": -0.11,
            "eps_growth_year": null,
            "eps_4q": -0.63,
            "eps_4q_growth_year": -145.16,
            "roe": -1.24,
            "roe_4q": -7.36,
            "gross_profit": -154,
            "gross_margin": -10.4,
            "gross_margin_4q_avg": 60.69,
            "net_income": -11261,
            "revenue": 1481,
            "common_shares": 1000000,
            "book_valuer_per_share": 9.02,
            "book_valuer_per_share_4q_avg": 9.18,
            "equity": 902352,
            "current_ratio": 249.69,
            "debt_ratio": 37.24,
            "inventory_turnover_ratio": 0,
            "account_receivable_turnover_ratio": 0.25,
            "reinvestment_rate": -2089.98,
            "research_to_sale_ratio": null,
            "price_fair": 86.8,
            "eps_avg_yearly": 2.48,
            "eps_latest_yearly": 2.48,
            "eps_growth_yearly": 24400
        },
        "20114": {
            "year_quarter": 20114,
            "year": 2011,
            "quarter": 4,
            "eps": -0.14,
            "eps_growth_year": null,
            "eps_4q": -0.48,
            "eps_4q_growth_year": null,
            "roe": -1.61,
            "roe_4q": -5.29,
            "gross_profit": 1875,
            "gross_margin": 3.75,
            "gross_margin_4q_avg": 40.88,
            "net_income": -14378,
            "revenue": 50057,
            "common_shares": 1000000,
            "book_valuer_per_share": 8.88,
            "book_valuer_per_share_4q_avg": 9.06,
            "equity": 887974,
            "current_ratio": 215.08,
            "debt_ratio": 44.94,
            "inventory_turnover_ratio": 0.03,
            "account_receivable_turnover_ratio": 16.63,
            "reinvestment_rate": -6807.18,
            "research_to_sale_ratio": null,
            "price_fair": 86.8,
            "eps_avg_yearly": 2.48,
            "eps_latest_yearly": 2.48,
            "eps_growth_yearly": 24400
        },
        "20121": {
            "year_quarter": 20121,
            "year": 2012,
            "quarter": 1,
            "eps": 0.17,
            "eps_growth_year": null,
            "eps_4q": -0.17,
            "eps_4q_growth_year": null,
            "roe": 1.88,
            "roe_4q": -1.81,
            "gross_profit": 62,
            "gross_margin": 100,
            "gross_margin_4q_avg": 48.34,
            "net_income": 16824,
            "revenue": 62,
            "common_shares": 1000000,
            "book_valuer_per_share": 9.05,
            "book_valuer_per_share_4q_avg": 9.02,
            "equity": 904798,
            "current_ratio": 208.45,
            "debt_ratio": 46.42,
            "inventory_turnover_ratio": 0,
            "account_receivable_turnover_ratio": null,
            "reinvestment_rate": -953.66,
            "research_to_sale_ratio": null,
            "price_fair": 86.8,
            "eps_avg_yearly": 2.48,
            "eps_latest_yearly": 2.48,
            "eps_growth_yearly": 24400
        },
        "20122": {
            "year_quarter": 20122,
            "year": 2012,
            "quarter": 2,
            "eps": 0.46,
            "eps_growth_year": null,
            "eps_4q": 0.37,
            "eps_4q_growth_year": null,
            "roe": 4.83,
            "roe_4q": 3.8599999999999994,
            "gross_profit": 15,
            "gross_margin": 100,
            "gross_margin_4q_avg": 48.34,
            "net_income": 45650,
            "revenue": 15,
            "common_shares": 1000000,
            "book_valuer_per_share": 9.85,
            "book_valuer_per_share_4q_avg": 9.2,
            "equity": 985188,
            "current_ratio": 356.22,
            "debt_ratio": 48.17,
            "inventory_turnover_ratio": 0,
            "account_receivable_turnover_ratio": 0.01,
            "reinvestment_rate": -295.67,
            "research_to_sale_ratio": null,
            "price_fair": 75.6,
            "eps_avg_yearly": 2.16,
            "eps_latest_yearly": 1.84,
            "eps_growth_yearly": 12541.18
        },
        "20123": {
            "year_quarter": 20123,
            "year": 2012,
            "quarter": 3,
            "eps": -0.13,
            "eps_growth_year": null,
            "eps_4q": 0.35,
            "eps_4q_growth_year": null,
            "roe": -1.31,
            "roe_4q": 3.79,
            "gross_profit": 28,
            "gross_margin": 100,
            "gross_margin_4q_avg": 75.94,
            "net_income": -12836,
            "revenue": 28,
            "common_shares": 1000000,
            "book_valuer_per_share": 9.72,
            "book_valuer_per_share_4q_avg": 9.38,
            "equity": 972352,
            "current_ratio": 336.44,
            "debt_ratio": 50.3,
            "inventory_turnover_ratio": 0,
            "account_receivable_turnover_ratio": 0.01,
            "reinvestment_rate": -55.65,
            "research_to_sale_ratio": null,
            "price_fair": 75.6,
            "eps_avg_yearly": 2.16,
            "eps_latest_yearly": 1.84,
            "eps_growth_yearly": 12541.18
        },
        "20124": {
            "year_quarter": 20124,
            "year": 2012,
            "quarter": 4,
            "eps": -0.16,
            "eps_growth_year": null,
            "eps_4q": 0.33,
            "eps_4q_growth_year": null,
            "roe": -1.69,
            "roe_4q": 3.71,
            "gross_profit": 200,
            "gross_margin": 58.48,
            "gross_margin_4q_avg": 89.62,
            "net_income": -16298,
            "revenue": 342,
            "common_shares": 1000000,
            "book_valuer_per_share": 9.56,
            "book_valuer_per_share_4q_avg": 9.55,
            "equity": 956054,
            "current_ratio": 283.27,
            "debt_ratio": 54.27,
            "inventory_turnover_ratio": 0,
            "account_receivable_turnover_ratio": 0.37,
            "reinvestment_rate": -51.24,
            "research_to_sale_ratio": null,
            "price_fair": 75.6,
            "eps_avg_yearly": 2.16,
            "eps_latest_yearly": 1.84,
            "eps_growth_yearly": 12541.18
        },
        "20131": {
            "year_quarter": 20131,
            "year": 2013,
            "quarter": 1,
            "eps": -0.13,
            "eps_growth_year": -176.47,
            "eps_4q": 0.04,
            "eps_4q_growth_year": null,
            "roe": -1.35,
            "roe_4q": 0.4800000000000004,
            "gross_profit": 343,
            "gross_margin": 70.72,
            "gross_margin_4q_avg": 82.3,
            "net_income": -12771,
            "revenue": 485,
            "common_shares": 1000000,
            "book_valuer_per_share": 9.37,
            "book_valuer_per_share_4q_avg": 9.63,
            "equity": 936779,
            "current_ratio": 267.09,
            "debt_ratio": 56.52,
            "inventory_turnover_ratio": 0,
            "account_receivable_turnover_ratio": 0.88,
            "reinvestment_rate": -117.03,
            "research_to_sale_ratio": null,
            "price_fair": 75.6,
            "eps_avg_yearly": 2.16,
            "eps_latest_yearly": 1.84,
            "eps_growth_yearly": 12541.18
        },
        "20132": {
            "year_quarter": 20132,
            "year": 2013,
            "quarter": 2,
            "eps": -0.13,
            "eps_growth_year": -128.48,
            "eps_4q": -0.48,
            "eps_4q_growth_year": -231.49,
            "roe": -1.35,
            "roe_4q": -5.700000000000001,
            "gross_profit": 395,
            "gross_margin": 18.38,
            "gross_margin_4q_avg": 61.9,
            "net_income": -13467,
            "revenue": 2149,
            "common_shares": 1000800,
            "book_valuer_per_share": 9.22,
            "book_valuer_per_share_4q_avg": 9.47,
            "equity": 1053998,
            "current_ratio": 228.07,
            "debt_ratio": 54.34,
            "inventory_turnover_ratio": 0,
            "account_receivable_turnover_ratio": 8.22,
            "reinvestment_rate": -117.05,
            "research_to_sale_ratio": null,
            "price_fair": 75.6,
            "eps_avg_yearly": 2.16,
            "eps_latest_yearly": 1.84,
            "eps_growth_yearly": 12541.18
        },
        "20133": {
            "year_quarter": 20133,
            "year": 2013,
            "quarter": 3,
            "eps": -0.13,
            "eps_growth_year": null,
            "eps_4q": -0.48,
            "eps_4q_growth_year": -235.09,
            "roe": -1.28,
            "roe_4q": -5.67,
            "gross_profit": 5575,
            "gross_margin": 11.43,
            "gross_margin_4q_avg": 39.75,
            "net_income": -13619,
            "revenue": 48780,
            "common_shares": 1143200,
            "book_valuer_per_share": 9.1,
            "book_valuer_per_share_4q_avg": 9.31,
            "equity": 1073126,
            "current_ratio": 203.72,
            "debt_ratio": 58,
            "inventory_turnover_ratio": 0.02,
            "account_receivable_turnover_ratio": 25.65,
            "reinvestment_rate": -237.65,
            "research_to_sale_ratio": null,
            "price_fair": 75.6,
            "eps_avg_yearly": 2.16,
            "eps_latest_yearly": 1.84,
            "eps_growth_yearly": 12541.18
        },
        "20134": {
            "year_quarter": 20134,
            "year": 2013,
            "quarter": 4,
            "eps": 1.69,
            "eps_growth_year": null,
            "eps_4q": 1.36,
            "eps_4q_growth_year": 307.4,
            "roe": 17.08,
            "roe_4q": 13.1,
            "gross_profit": 364794,
            "gross_margin": 20.1,
            "gross_margin_4q_avg": 30.16,
            "net_income": 200989,
            "revenue": 1815104,
            "common_shares": 1178900,
            "book_valuer_per_share": 10.8,
            "book_valuer_per_share_4q_avg": 9.62,
            "equity": 1280913,
            "current_ratio": 1074.36,
            "debt_ratio": 22.15,
            "inventory_turnover_ratio": 1.03,
            "account_receivable_turnover_ratio": 14.81,
            "reinvestment_rate": -177.07,
            "research_to_sale_ratio": null,
            "price_fair": 64.4,
            "eps_avg_yearly": 1.84,
            "eps_latest_yearly": 1.84,
            "eps_growth_yearly": 682.35
        },
        "20141": {
            "year_quarter": 20141,
            "year": 2014,
            "quarter": 1,
            "eps": 0.31,
            "eps_growth_year": null,
            "eps_4q": 1.77,
            "eps_4q_growth_year": 4627.52,
            "roe": 2.88,
            "roe_4q": 17.329999999999995,
            "gross_profit": 59274,
            "gross_margin": 30.25,
            "gross_margin_4q_avg": 20.04,
            "net_income": 37550,
            "revenue": 195932,
            "common_shares": 1186300,
            "book_valuer_per_share": 11.1,
            "book_valuer_per_share_4q_avg": 10.06,
            "equity": 1326742,
            "current_ratio": 3181.47,
            "debt_ratio": 17.04,
            "inventory_turnover_ratio": 0.2,
            "account_receivable_turnover_ratio": 1.62,
            "reinvestment_rate": -111.18,
            "research_to_sale_ratio": null,
            "price_fair": 53.9,
            "eps_avg_yearly": 1.54,
            "eps_latest_yearly": 1.24,
            "eps_growth_yearly": 177.86
        },
        "20142": {
            "year_quarter": 20142,
            "year": 2014,
            "quarter": 2,
            "eps": -0.01,
            "eps_growth_year": null,
            "eps_4q": 1.86,
            "eps_4q_growth_year": null,
            "roe": -0.06,
            "roe_4q": 18.619999999999997,
            "gross_profit": 18965,
            "gross_margin": 32.08,
            "gross_margin_4q_avg": 23.47,
            "net_income": -822,
            "revenue": 59120,
            "common_shares": 1204400,
            "book_valuer_per_share": 10.78,
            "book_valuer_per_share_4q_avg": 10.45,
            "equity": 1298215,
            "current_ratio": 1553.65,
            "debt_ratio": 17.43,
            "inventory_turnover_ratio": 0.06,
            "account_receivable_turnover_ratio": 46.74,
            "reinvestment_rate": -106.47,
            "research_to_sale_ratio": null,
            "price_fair": 53.9,
            "eps_avg_yearly": 1.54,
            "eps_latest_yearly": 1.24,
            "eps_growth_yearly": 177.86
        },
        "20143": {
            "year_quarter": 20143,
            "year": 2014,
            "quarter": 3,
            "eps": 0.19,
            "eps_growth_year": null,
            "eps_4q": 2.15,
            "eps_4q_growth_year": null,
            "roe": 1.66,
            "roe_4q": 21.56,
            "gross_profit": 25608,
            "gross_margin": 35.76,
            "gross_margin_4q_avg": 29.55,
            "net_income": 21712,
            "revenue": 71618,
            "common_shares": 1204400,
            "book_valuer_per_share": 10.95,
            "book_valuer_per_share_4q_avg": 10.91,
            "equity": 1324574,
            "current_ratio": 2050.96,
            "debt_ratio": 15.9,
            "inventory_turnover_ratio": 0.06,
            "account_receivable_turnover_ratio": 56.62,
            "reinvestment_rate": -87.95,
            "research_to_sale_ratio": null,
            "price_fair": 53.9,
            "eps_avg_yearly": 1.54,
            "eps_latest_yearly": 1.24,
            "eps_growth_yearly": 177.86
        },
        "20144": {
            "year_quarter": 20144,
            "year": 2014,
            "quarter": 4,
            "eps": -0.02,
            "eps_growth_year": -101.13,
            "eps_4q": 0.46,
            "eps_4q_growth_year": -65.85,
            "roe": -0.17,
            "roe_4q": 4.31,
            "gross_profit": 10088,
            "gross_margin": 45.36,
            "gross_margin_4q_avg": 35.86,
            "net_income": -2314,
            "revenue": 22242,
            "common_shares": 1209400,
            "book_valuer_per_share": 10.93,
            "book_valuer_per_share_4q_avg": 10.94,
            "equity": 1322825,
            "current_ratio": 5677.43,
            "debt_ratio": 13.68,
            "inventory_turnover_ratio": 0.02,
            "account_receivable_turnover_ratio": null,
            "reinvestment_rate": -49.13,
            "research_to_sale_ratio": null,
            "price_fair": 53.9,
            "eps_avg_yearly": 1.54,
            "eps_latest_yearly": 1.24,
            "eps_growth_yearly": 177.86
        },
        "20151": {
            "year_quarter": 20151,
            "year": 2015,
            "quarter": 1,
            "eps": 0.02,
            "eps_growth_year": -93.55,
            "eps_4q": 0.17,
            "eps_4q_growth_year": -90.18,
            "roe": 0.19,
            "roe_4q": 1.6199999999999999,
            "gross_profit": 15521,
            "gross_margin": 30.8,
            "gross_margin_4q_avg": 36,
            "net_income": 2455,
            "revenue": 50387,
            "common_shares": 1210019,
            "book_valuer_per_share": 10.95,
            "book_valuer_per_share_4q_avg": 10.9,
            "equity": 1325563,
            "current_ratio": 7610.53,
            "debt_ratio": 13.38,
            "inventory_turnover_ratio": 0.05,
            "account_receivable_turnover_ratio": null,
            "reinvestment_rate": -25.36,
            "research_to_sale_ratio": null,
            "price_fair": 53.9,
            "eps_avg_yearly": 1.54,
            "eps_latest_yearly": 1.24,
            "eps_growth_yearly": 177.86
        },
        "20152": {
            "year_quarter": 20152,
            "year": 2015,
            "quarter": 2,
            "eps": -0.15,
            "eps_growth_year": null,
            "eps_4q": 0.03,
            "eps_4q_growth_year": -98.31,
            "roe": -1.38,
            "roe_4q": 0.30000000000000004,
            "gross_profit": 6136,
            "gross_margin": 34.31,
            "gross_margin_4q_avg": 36.56,
            "net_income": -18045,
            "revenue": 17883,
            "common_shares": 1210328,
            "book_valuer_per_share": 10.6,
            "book_valuer_per_share_4q_avg": 10.86,
            "equity": 1283312,
            "current_ratio": 388.31,
            "debt_ratio": 27.1,
            "inventory_turnover_ratio": 0.02,
            "account_receivable_turnover_ratio": 2.1,
            "reinvestment_rate": -26.64,
            "research_to_sale_ratio": null,
            "price_fair": 53.9,
            "eps_avg_yearly": 1.54,
            "eps_latest_yearly": 1.24,
            "eps_growth_yearly": 177.86
        },
        "20153": {
            "year_quarter": 20153,
            "year": 2015,
            "quarter": 3,
            "eps": -0.07,
            "eps_growth_year": -136.84,
            "eps_4q": -0.21,
            "eps_4q_growth_year": -109.98,
            "roe": -0.63,
            "roe_4q": -1.9899999999999998,
            "gross_profit": 186,
            "gross_margin": 10.35,
            "gross_margin_4q_avg": 30.21,
            "net_income": -8027,
            "revenue": 1797,
            "common_shares": 1210328,
            "book_valuer_per_share": 10.54,
            "book_valuer_per_share_4q_avg": 10.76,
            "equity": 1275763,
            "current_ratio": 322.82,
            "debt_ratio": 27.63,
            "inventory_turnover_ratio": 0,
            "account_receivable_turnover_ratio": 0.11,
            "reinvestment_rate": 43.55,
            "research_to_sale_ratio": null,
            "price_fair": 53.9,
            "eps_avg_yearly": 1.54,
            "eps_latest_yearly": 1.24,
            "eps_growth_yearly": 177.86
        },
        "20154": {
            "year_quarter": 20154,
            "year": 2015,
            "quarter": 4,
            "eps": 0.2,
            "eps_growth_year": null,
            "eps_4q": 0.01,
            "eps_4q_growth_year": -98.55,
            "roe": 1.9,
            "roe_4q": 0.08000000000000013,
            "gross_profit": 13181,
            "gross_margin": 20.13,
            "gross_margin_4q_avg": 23.9,
            "net_income": 24432,
            "revenue": 65485,
            "common_shares": 1210854,
            "book_valuer_per_share": 10.74,
            "book_valuer_per_share_4q_avg": 10.71,
            "equity": 1300195,
            "current_ratio": 314.65,
            "debt_ratio": 27.8,
            "inventory_turnover_ratio": 0.07,
            "account_receivable_turnover_ratio": 4.01,
            "reinvestment_rate": 55.98,
            "research_to_sale_ratio": null,
            "price_fair": 53.9,
            "eps_avg_yearly": 1.54,
            "eps_latest_yearly": 1.24,
            "eps_growth_yearly": 177.86
        },
        "20161": {
            "year_quarter": 20161,
            "year": 2016,
            "quarter": 1,
            "eps": -0.08,
            "eps_growth_year": -500,
            "eps_4q": -0.1,
            "eps_4q_growth_year": -156.55,
            "roe": -0.79,
            "roe_4q": -0.9,
            "gross_profit": 66,
            "gross_margin": 100,
            "gross_margin_4q_avg": 41.2,
            "net_income": -10258,
            "revenue": 66,
            "common_shares": 1210854,
            "book_valuer_per_share": 10.65,
            "book_valuer_per_share_4q_avg": 10.63,
            "equity": 1289937,
            "current_ratio": 307.94,
            "debt_ratio": 28.25,
            "inventory_turnover_ratio": 0,
            "account_receivable_turnover_ratio": 0,
            "reinvestment_rate": 62.72,
            "research_to_sale_ratio": null,
            "price_fair": 53.9,
            "eps_avg_yearly": 1.54,
            "eps_latest_yearly": 1.24,
            "eps_growth_yearly": 177.86
        },
        "20162": {
            "year_quarter": 20162,
            "year": 2016,
            "quarter": 2,
            "eps": 0.03,
            "eps_growth_year": null,
            "eps_4q": 0.08,
            "eps_4q_growth_year": 164.48,
            "roe": 0.3,
            "roe_4q": 0.7799999999999999,
            "gross_profit": 15699,
            "gross_margin": 19.02,
            "gross_margin_4q_avg": 37.38,
            "net_income": 3929,
            "revenue": 82538,
            "common_shares": 1210854,
            "book_valuer_per_share": 10.69,
            "book_valuer_per_share_4q_avg": 10.66,
            "equity": 1293866,
            "current_ratio": 216.58,
            "debt_ratio": 27.24,
            "inventory_turnover_ratio": 0.09,
            "account_receivable_turnover_ratio": 5.07,
            "reinvestment_rate": 77.08,
            "research_to_sale_ratio": null,
            "price_fair": 3.72,
            "eps_avg_yearly": 1.24,
            "eps_latest_yearly": 1.24,
            "eps_growth_yearly": -326.63
        },
        "20163": {
            "year_quarter": 20163,
            "year": 2016,
            "quarter": 3,
            "eps": -0.05,
            "eps_growth_year": null,
            "eps_4q": 0.11,
            "eps_4q_growth_year": null,
            "roe": -0.42,
            "roe_4q": 0.9899999999999999,
            "gross_profit": 938,
            "gross_margin": 13.07,
            "gross_margin_4q_avg": 38.06,
            "net_income": -5387,
            "revenue": 7179,
            "common_shares": 1210854,
            "book_valuer_per_share": 10.63,
            "book_valuer_per_share_4q_avg": 10.68,
            "equity": 1287617,
            "current_ratio": 214.15,
            "debt_ratio": 27.65,
            "inventory_turnover_ratio": 0.01,
            "account_receivable_turnover_ratio": 0.74,
            "reinvestment_rate": 50.26,
            "research_to_sale_ratio": null,
            "price_fair": 3.72,
            "eps_avg_yearly": 1.24,
            "eps_latest_yearly": 1.24,
            "eps_growth_yearly": -326.63
        },
        "20164": {
            "year_quarter": 20164,
            "year": 2016,
            "quarter": 4,
            "eps": -0.06,
            "eps_growth_year": -131.82,
            "eps_4q": -0.16,
            "eps_4q_growth_year": -2491.34,
            "roe": -0.61,
            "roe_4q": -1.52,
            "gross_profit": 7484,
            "gross_margin": 19.74,
            "gross_margin_4q_avg": 37.96,
            "net_income": -7774,
            "revenue": 37916,
            "common_shares": 1210854,
            "book_valuer_per_share": 10.58,
            "book_valuer_per_share_4q_avg": 10.64,
            "equity": 1280705,
            "current_ratio": 201.77,
            "debt_ratio": 29.88,
            "inventory_turnover_ratio": 0.04,
            "account_receivable_turnover_ratio": 23.91,
            "reinvestment_rate": 48.22,
            "research_to_sale_ratio": null,
            "price_fair": 3.72,
            "eps_avg_yearly": 1.24,
            "eps_latest_yearly": 1.24,
            "eps_growth_yearly": -326.63
        },
        "20171": {
            "year_quarter": 20171,
            "year": 2017,
            "quarter": 1,
            "eps": 0.24,
            "eps_growth_year": null,
            "eps_4q": 0.16,
            "eps_4q_growth_year": null,
            "roe": 2.24,
            "roe_4q": 1.5100000000000005,
            "gross_profit": 21386,
            "gross_margin": 40.53,
            "gross_margin_4q_avg": 23.09,
            "net_income": 29641,
            "revenue": 52771,
            "common_shares": 1210854,
            "book_valuer_per_share": 10.76,
            "book_valuer_per_share_4q_avg": 10.67,
            "equity": 1370225,
            "current_ratio": 215.58,
            "debt_ratio": 30.48,
            "inventory_turnover_ratio": 0.04,
            "account_receivable_turnover_ratio": 5.58,
            "reinvestment_rate": -0.62,
            "research_to_sale_ratio": null,
            "price_fair": 3.72,
            "eps_avg_yearly": 1.24,
            "eps_latest_yearly": 1.24,
            "eps_growth_yearly": -326.63
        },
        "20172": {
            "year_quarter": 20172,
            "year": 2017,
            "quarter": 2,
            "eps": -0.04,
            "eps_growth_year": -233.33,
            "eps_4q": 0.08,
            "eps_4q_growth_year": -3.9,
            "roe": -0.39,
            "roe_4q": 0.8200000000000003,
            "gross_profit": 2827,
            "gross_margin": 30.6,
            "gross_margin_4q_avg": 25.99,
            "net_income": -5517,
            "revenue": 9238,
            "common_shares": 1370854,
            "book_valuer_per_share": 10.63,
            "book_valuer_per_share_4q_avg": 10.65,
            "equity": 1456607,
            "current_ratio": 321.85,
            "debt_ratio": 23.23,
            "inventory_turnover_ratio": 0.01,
            "account_receivable_turnover_ratio": 0.58,
            "reinvestment_rate": -0.57,
            "research_to_sale_ratio": null,
            "price_fair": 3.72,
            "eps_avg_yearly": 1.24,
            "eps_latest_yearly": 1.24,
            "eps_growth_yearly": -326.63
        },
        "20173": {
            "year_quarter": 20173,
            "year": 2017,
            "quarter": 3,
            "eps": -0.07,
            "eps_growth_year": null,
            "eps_4q": 0.05,
            "eps_4q_growth_year": -52.27,
            "roe": -0.65,
            "roe_4q": 0.5900000000000002,
            "gross_profit": 62,
            "gross_margin": 98.41,
            "gross_margin_4q_avg": 47.32,
            "net_income": -9478,
            "revenue": 63,
            "common_shares": 1370854,
            "book_valuer_per_share": 10.56,
            "book_valuer_per_share_4q_avg": 10.63,
            "equity": 1447129,
            "current_ratio": 321.88,
            "debt_ratio": 23.27,
            "inventory_turnover_ratio": 0,
            "account_receivable_turnover_ratio": 0.01,
            "reinvestment_rate": -0.8,
            "research_to_sale_ratio": null,
            "price_fair": 3.72,
            "eps_avg_yearly": 1.24,
            "eps_latest_yearly": 1.24,
            "eps_growth_yearly": -326.63
        },
        "20174": {
            "year_quarter": 20174,
            "year": 2017,
            "quarter": 4,
            "eps": -1.25,
            "eps_growth_year": null,
            "eps_4q": -1.15,
            "eps_4q_growth_year": null,
            "roe": -12.62,
            "roe_4q": -11.42,
            "gross_profit": -15274,
            "gross_margin": -507.44,
            "gross_margin_4q_avg": -84.48,
            "net_income": -171791,
            "revenue": 3010,
            "common_shares": 1370854,
            "book_valuer_per_share": 9.3,
            "book_valuer_per_share_4q_avg": 10.31,
            "equity": 1275338,
            "current_ratio": 285.05,
            "debt_ratio": 28.57,
            "inventory_turnover_ratio": 0.02,
            "account_receivable_turnover_ratio": 0.87,
            "reinvestment_rate": null,
            "research_to_sale_ratio": null,
            "price_fair": 3.72,
            "eps_avg_yearly": 1.24,
            "eps_latest_yearly": 1.24,
            "eps_growth_yearly": -326.63
        },
        "20181": {
            "year_quarter": 20181,
            "year": 2018,
            "quarter": 1,
            "eps": -0.06,
            "eps_growth_year": -125,
            "eps_4q": -1.42,
            "eps_4q_growth_year": -985.28,
            "roe": -0.6,
            "roe_4q": -14.26,
            "gross_profit": 2286,
            "gross_margin": 1.08,
            "gross_margin_4q_avg": -94.34,
            "net_income": -7626,
            "revenue": 211792,
            "common_shares": 1370854,
            "book_valuer_per_share": 9.25,
            "book_valuer_per_share_4q_avg": 9.94,
            "equity": 1267712,
            "current_ratio": 497.09,
            "debt_ratio": 54.32,
            "inventory_turnover_ratio": 0.12,
            "account_receivable_turnover_ratio": 58.65,
            "reinvestment_rate": null,
            "research_to_sale_ratio": null,
            "price_fair": 0,
            "eps_avg_yearly": 0,
            "eps_latest_yearly": 0,
            "eps_growth_yearly": 0
        },
        "20182": {
            "year_quarter": 20182,
            "year": 2018,
            "quarter": 2,
            "eps": -0.21,
            "eps_growth_year": null,
            "eps_4q": -1.36,
            "eps_4q_growth_year": -1802.07,
            "roe": -2.12,
            "roe_4q": -15.99,
            "gross_profit": -240,
            "gross_margin": null,
            "gross_margin_4q_avg": -101.99,
            "net_income": -29027,
            "revenue": 0,
            "common_shares": 1370854,
            "book_valuer_per_share": 10.74,
            "book_valuer_per_share_4q_avg": 9.96,
            "equity": 1474116,
            "current_ratio": 485.94,
            "debt_ratio": 52.69,
            "inventory_turnover_ratio": 0,
            "account_receivable_turnover_ratio": 0,
            "reinvestment_rate": null,
            "research_to_sale_ratio": null,
            "price_fair": 0,
            "eps_avg_yearly": 0,
            "eps_latest_yearly": 0,
            "eps_growth_yearly": 0
        },
        "20183": {
            "year_quarter": 20183,
            "year": 2018,
            "quarter": 3,
            "eps": -0.05,
            "eps_growth_year": null,
            "eps_4q": -0.94,
            "eps_4q_growth_year": -1968.22,
            "roe": -0.6,
            "roe_4q": -15.94,
            "gross_profit": 2523,
            "gross_margin": 39.64,
            "gross_margin_4q_avg": -116.68,
            "net_income": -11985,
            "revenue": 6364,
            "common_shares": 2353704,
            "book_valuer_per_share": 10.67,
            "book_valuer_per_share_4q_avg": 9.99,
            "equity": 2511020,
            "current_ratio": 945.15,
            "debt_ratio": 56.38,
            "inventory_turnover_ratio": 0,
            "account_receivable_turnover_ratio": 0.75,
            "reinvestment_rate": null,
            "research_to_sale_ratio": null,
            "price_fair": 0,
            "eps_avg_yearly": 0,
            "eps_latest_yearly": 0,
            "eps_growth_yearly": 0
        },
        "20184": {
            "year_quarter": 20184,
            "year": 2018,
            "quarter": 4,
            "eps": -0.09,
            "eps_growth_year": null,
            "eps_4q": -0.3,
            "eps_4q_growth_year": null,
            "roe": -0.86,
            "roe_4q": -4.18,
            "gross_profit": 194,
            "gross_margin": 66.44,
            "gross_margin_4q_avg": 26.79,
            "net_income": -21387,
            "revenue": 292,
            "common_shares": 2353704,
            "book_valuer_per_share": 10.58,
            "book_valuer_per_share_4q_avg": 10.31,
            "equity": 2489633,
            "current_ratio": 960.99,
            "debt_ratio": 60.3,
            "inventory_turnover_ratio": 0,
            "account_receivable_turnover_ratio": 0.03,
            "reinvestment_rate": null,
            "research_to_sale_ratio": null,
            "price_fair": 0,
            "eps_avg_yearly": 0,
            "eps_latest_yearly": 0,
            "eps_growth_yearly": 0
        },
        "20191": {
            "year_quarter": 20191,
            "year": 2019,
            "quarter": 1,
            "eps": -0.08,
            "eps_growth_year": null,
            "eps_4q": -0.34,
            "eps_4q_growth_year": null,
            "roe": -0.71,
            "roe_4q": -4.29,
            "gross_profit": 1122,
            "gross_margin": 41.14,
            "gross_margin_4q_avg": 36.81,
            "net_income": -17686,
            "revenue": 2727,
            "common_shares": 2353704,
            "book_valuer_per_share": 10.5,
            "book_valuer_per_share_4q_avg": 10.62,
            "equity": 2471947,
            "current_ratio": 905.27,
            "debt_ratio": 63.36,
            "inventory_turnover_ratio": 0,
            "account_receivable_turnover_ratio": 0.3,
            "reinvestment_rate": null,
            "research_to_sale_ratio": null,
            "price_fair": 0,
            "eps_avg_yearly": 0,
            "eps_latest_yearly": 0,
            "eps_growth_yearly": 0
        },
        "20192": {
            "year_quarter": 20192,
            "year": 2019,
            "quarter": 2,
            "eps": -0.16,
            "eps_growth_year": null,
            "eps_4q": -0.39,
            "eps_4q_growth_year": null,
            "roe": -1.62,
            "roe_4q": -3.79,
            "gross_profit": 150,
            "gross_margin": 4.37,
            "gross_margin_4q_avg": 37.9,
            "net_income": -39614,
            "revenue": 3434,
            "common_shares": 2353704,
            "book_valuer_per_share": 10.33,
            "book_valuer_per_share_4q_avg": 10.52,
            "equity": 2432333,
            "current_ratio": 841.13,
            "debt_ratio": 67.33,
            "inventory_turnover_ratio": 0,
            "account_receivable_turnover_ratio": 0.51,
            "reinvestment_rate": null,
            "research_to_sale_ratio": null,
            "price_fair": 0,
            "eps_avg_yearly": 0,
            "eps_latest_yearly": 0,
            "eps_growth_yearly": 0
        },
        "20193": {
            "year_quarter": 20193,
            "year": 2019,
            "quarter": 3,
            "eps": 0.09,
            "eps_growth_year": null,
            "eps_4q": -0.2,
            "eps_4q_growth_year": null,
            "roe": 0.83,
            "roe_4q": -2.36,
            "gross_profit": -232,
            "gross_margin": 4.77,
            "gross_margin_4q_avg": 29.18,
            "net_income": 22660,
            "revenue": -4863,
            "common_shares": 2770854,
            "book_valuer_per_share": 10.87,
            "book_valuer_per_share_4q_avg": 10.57,
            "equity": 3012215,
            "current_ratio": 1478.49,
            "debt_ratio": 64.69,
            "inventory_turnover_ratio": -0,
            "account_receivable_turnover_ratio": -1.86,
            "reinvestment_rate": null,
            "research_to_sale_ratio": null,
            "price_fair": 0,
            "eps_avg_yearly": 0,
            "eps_latest_yearly": 0,
            "eps_growth_yearly": 0
        },
        "20194": {
            "year_quarter": 20194,
            "year": 2019,
            "quarter": 4,
            "eps": -0.22,
            "eps_growth_year": null,
            "eps_4q": -0.34,
            "eps_4q_growth_year": null,
            "roe": -2,
            "roe_4q": -3.5,
            "gross_profit": -23,
            "gross_margin": -36.51,
            "gross_margin_4q_avg": 3.44,
            "net_income": -59602,
            "revenue": 63,
            "common_shares": 2770854,
            "book_valuer_per_share": 10.66,
            "book_valuer_per_share_4q_avg": 10.59,
            "equity": 2952613,
            "current_ratio": 968.97,
            "debt_ratio": 66.44,
            "inventory_turnover_ratio": 0,
            "account_receivable_turnover_ratio": 0.03,
            "reinvestment_rate": null,
            "research_to_sale_ratio": null,
            "price_fair": 0,
            "eps_avg_yearly": 0,
            "eps_latest_yearly": 0,
            "eps_growth_yearly": 0
        },
        "20201": {
            "year_quarter": 20201,
            "year": 2020,
            "quarter": 1,
            "eps": -0.25,
            "eps_growth_year": null,
            "eps_4q": -0.52,
            "eps_4q_growth_year": null,
            "roe": -2.35,
            "roe_4q": -5.14,
            "gross_profit": -23,
            "gross_margin": -36.51,
            "gross_margin_4q_avg": -15.97,
            "net_income": -68623,
            "revenue": 63,
            "common_shares": 2770854,
            "book_valuer_per_share": 10.41,
            "book_valuer_per_share_4q_avg": 10.57,
            "equity": 2883990,
            "current_ratio": 314.6,
            "debt_ratio": 69.85,
            "inventory_turnover_ratio": 0,
            "account_receivable_turnover_ratio": 0.03,
            "reinvestment_rate": null,
            "research_to_sale_ratio": null,
            "price_fair": 0,
            "eps_avg_yearly": 0,
            "eps_latest_yearly": 0,
            "eps_growth_yearly": 0
        },
        "20202": {
            "year_quarter": 20202,
            "year": 2020,
            "quarter": 2,
            "eps": -0.36,
            "eps_growth_year": null,
            "eps_4q": -0.75,
            "eps_4q_growth_year": null,
            "roe": -3.57,
            "roe_4q": -7.09,
            "gross_profit": -23,
            "gross_margin": -36.51,
            "gross_margin_4q_avg": -26.19,
            "net_income": -101210,
            "revenue": 63,
            "common_shares": 2770854,
            "book_valuer_per_share": 10.04,
            "book_valuer_per_share_4q_avg": 10.5,
            "equity": 2782780,
            "current_ratio": 314.88,
            "debt_ratio": 74.36,
            "inventory_turnover_ratio": 0,
            "account_receivable_turnover_ratio": 0.01,
            "reinvestment_rate": null,
            "research_to_sale_ratio": null,
            "price_fair": 0,
            "eps_avg_yearly": 0,
            "eps_latest_yearly": 0,
            "eps_growth_yearly": 0
        },
        "20203": {
            "year_quarter": 20203,
            "year": 2020,
            "quarter": 3,
            "eps": -0.31,
            "eps_growth_year": -444.44,
            "eps_4q": -1.11,
            "eps_4q_growth_year": null,
            "roe": -3.1,
            "roe_4q": -11.02,
            "gross_profit": -23,
            "gross_margin": -36.51,
            "gross_margin_4q_avg": -36.51,
            "net_income": -86075,
            "revenue": 63,
            "common_shares": 2770854,
            "book_valuer_per_share": 9.87,
            "book_valuer_per_share_4q_avg": 10.25,
            "equity": 2773987,
            "current_ratio": 279.56,
            "debt_ratio": 76.49,
            "inventory_turnover_ratio": 0,
            "account_receivable_turnover_ratio": 0.01,
            "reinvestment_rate": null,
            "research_to_sale_ratio": null,
            "price_fair": 0,
            "eps_avg_yearly": 0,
            "eps_latest_yearly": 0,
            "eps_growth_yearly": 0
        },
        "20204": {
            "year_quarter": 20204,
            "year": 2020,
            "quarter": 4,
            "eps": 0.14,
            "eps_growth_year": null,
            "eps_4q": -0.64,
            "eps_4q_growth_year": null,
            "roe": 1.4,
            "roe_4q": -7.619999999999999,
            "gross_profit": 166048,
            "gross_margin": 14.13,
            "gross_margin_4q_avg": -23.85,
            "net_income": 45449,
            "revenue": 1174795,
            "common_shares": 3299974,
            "book_valuer_per_share": 11.34,
            "book_valuer_per_share_4q_avg": 10.42,
            "equity": 3742191,
            "current_ratio": 312.62,
            "debt_ratio": 69.55,
            "inventory_turnover_ratio": 0.1,
            "account_receivable_turnover_ratio": 243.2,
            "reinvestment_rate": null,
            "research_to_sale_ratio": null,
            "price_fair": 0,
            "eps_avg_yearly": 0,
            "eps_latest_yearly": 0,
            "eps_growth_yearly": 0
        },
        "20211": {
            "year_quarter": 20211,
            "year": 2021,
            "quarter": 1,
            "eps": 0.27,
            "eps_growth_year": null,
            "eps_4q": -0.16,
            "eps_4q_growth_year": null,
            "roe": 2.39,
            "roe_4q": -2.88,
            "gross_profit": 147610,
            "gross_margin": 25.16,
            "gross_margin_4q_avg": -8.43,
            "net_income": 90409,
            "revenue": 586710,
            "common_shares": 3299974,
            "book_valuer_per_share": 11.61,
            "book_valuer_per_share_4q_avg": 10.72,
            "equity": 3832600,
            "current_ratio": 273.52,
            "debt_ratio": 73.83,
            "inventory_turnover_ratio": 0.04,
            "account_receivable_turnover_ratio": 289.02,
            "reinvestment_rate": null,
            "research_to_sale_ratio": null,
            "price_fair": 37.8,
            "eps_avg_yearly": 1.08,
            "eps_latest_yearly": 1.08,
            "eps_growth_yearly": 371.43
        },
        "20212": {
            "year_quarter": 20212,
            "year": 2021,
            "quarter": 2,
            "eps": 0.17,
            "eps_growth_year": null,
            "eps_4q": 0.33,
            "eps_4q_growth_year": null,
            "roe": 1.49,
            "roe_4q": 2.1799999999999993,
            "gross_profit": 104924,
            "gross_margin": 22.61,
            "gross_margin_4q_avg": 6.35,
            "net_income": 57519,
            "revenue": 464108,
            "common_shares": 3299974,
            "book_valuer_per_share": 11.79,
            "book_valuer_per_share_4q_avg": 11.15,
            "equity": 3890119,
            "current_ratio": 251.9,
            "debt_ratio": 75.34,
            "inventory_turnover_ratio": 0.03,
            "account_receivable_turnover_ratio": 336.55,
            "reinvestment_rate": null,
            "research_to_sale_ratio": null,
            "price_fair": 30.8,
            "eps_avg_yearly": 0.88,
            "eps_latest_yearly": 0.68,
            "eps_growth_yearly": 111.64
        },
        "20213": {
            "year_quarter": 20213,
            "year": 2021,
            "quarter": 3,
            "eps": 0.05,
            "eps_growth_year": null,
            "eps_4q": 0.64,
            "eps_4q_growth_year": null,
            "roe": 0.42,
            "roe_4q": 5.699999999999999,
            "gross_profit": 39421,
            "gross_margin": 22.39,
            "gross_margin_4q_avg": 21.07,
            "net_income": 16479,
            "revenue": 176092,
            "common_shares": 3299974,
            "book_valuer_per_share": 11.84,
            "book_valuer_per_share_4q_avg": 11.65,
            "equity": 3906598,
            "current_ratio": 188.8,
            "debt_ratio": 76.21,
            "inventory_turnover_ratio": 0.01,
            "account_receivable_turnover_ratio": 361.59,
            "reinvestment_rate": null,
            "research_to_sale_ratio": null,
            "price_fair": 1.96,
            "eps_avg_yearly": 0.65,
            "eps_latest_yearly": 0.2,
            "eps_growth_yearly": -19.69
        },
        "20214": {
            "year_quarter": 20214,
            "year": 2021,
            "quarter": 4,
            "eps": 0.99,
            "eps_growth_year": 616.73,
            "eps_4q": 1.49,
            "eps_4q_growth_year": null,
            "roe": 8,
            "roe_4q": 12.3,
            "gross_profit": 493168,
            "gross_margin": 25.07,
            "gross_margin_4q_avg": 23.81,
            "net_income": 325747,
            "revenue": 1967004,
            "common_shares": 3299974,
            "book_valuer_per_share": 12.83,
            "book_valuer_per_share_4q_avg": 12.02,
            "equity": 4232345,
            "current_ratio": 226.13,
            "debt_ratio": 74.43,
            "inventory_turnover_ratio": 0.1,
            "account_receivable_turnover_ratio": 12.4,
            "reinvestment_rate": -0.91,
            "research_to_sale_ratio": null,
            "price_fair": 51.8,
            "eps_avg_yearly": 1.48,
            "eps_latest_yearly": 3.96,
            "eps_growth_yearly": 1865.23
        },
        "20221": {
            "year_quarter": 20221,
            "year": 2022,
            "quarter": 1,
            "eps": 0.36,
            "eps_growth_year": 33.33,
            "eps_4q": 1.39,
            "eps_4q_growth_year": null,
            "roe": 2.74,
            "roe_4q": 12.65,
            "gross_profit": 213897,
            "gross_margin": 26.12,
            "gross_margin_4q_avg": 24.05,
            "net_income": 126995,
            "revenue": 818899,
            "common_shares": 3799974,
            "book_valuer_per_share": 13.29,
            "book_valuer_per_share_4q_avg": 12.44,
            "equity": 5051688,
            "current_ratio": 341.06,
            "debt_ratio": 70.29,
            "inventory_turnover_ratio": 0.04,
            "account_receivable_turnover_ratio": 4.12,
            "reinvestment_rate": -0.56,
            "research_to_sale_ratio": null,
            "price_fair": 51.52,
            "eps_avg_yearly": 1.47,
            "eps_latest_yearly": 1.44,
            "eps_growth_yearly": 1441.28
        },
        "20222": {
            "year_quarter": 20222,
            "year": 2022,
            "quarter": 2,
            "eps": 0.14,
            "eps_growth_year": -17.65,
            "eps_4q": 1.37,
            "eps_4q_growth_year": 320.08,
            "roe": 0.98,
            "roe_4q": 12.14,
            "gross_profit": 83052,
            "gross_margin": 26.16,
            "gross_margin_4q_avg": 24.94,
            "net_income": 49827,
            "revenue": 317479,
            "common_shares": 3799974,
            "book_valuer_per_share": 13.43,
            "book_valuer_per_share_4q_avg": 12.85,
            "equity": 5101515,
            "current_ratio": 229.17,
            "debt_ratio": 70.12,
            "inventory_turnover_ratio": 0.02,
            "account_receivable_turnover_ratio": 7.24,
            "reinvestment_rate": -0.46,
            "research_to_sale_ratio": null,
            "price_fair": 46.2,
            "eps_avg_yearly": 1.32,
            "eps_latest_yearly": 0.56,
            "eps_growth_yearly": 1160.32
        },
        "20223": {
            "year_quarter": 20223,
            "year": 2022,
            "quarter": 3,
            "eps": -0.03,
            "eps_growth_year": -160,
            "eps_4q": 1.3,
            "eps_4q_growth_year": 104,
            "roe": -0.19,
            "roe_4q": 11.530000000000001,
            "gross_profit": 30,
            "gross_margin": 28.85,
            "gross_margin_4q_avg": 26.55,
            "net_income": -9589,
            "revenue": 104,
            "common_shares": 3799974,
            "book_valuer_per_share": 13.4,
            "book_valuer_per_share_4q_avg": 13.24,
            "equity": 5091926,
            "current_ratio": 196.34,
            "debt_ratio": 72.19,
            "inventory_turnover_ratio": 0,
            "account_receivable_turnover_ratio": 0.03,
            "reinvestment_rate": -0.49,
            "research_to_sale_ratio": null,
            "price_fair": 46.2,
            "eps_avg_yearly": 1.32,
            "eps_latest_yearly": 0.56,
            "eps_growth_yearly": 1160.32
        },
        "20224": {
            "year_quarter": 20224,
            "year": 2022,
            "quarter": 4,
            "eps": 0.19,
            "eps_growth_year": -81.03,
            "eps_4q": 0.63,
            "eps_4q_growth_year": -57.76,
            "roe": 1.39,
            "roe_4q": 4.92,
            "gross_profit": 146624,
            "gross_margin": 24.75,
            "gross_margin_4q_avg": 26.47,
            "net_income": 71158,
            "revenue": 592501,
            "common_shares": 3799974,
            "book_valuer_per_share": 13.59,
            "book_valuer_per_share_4q_avg": 13.43,
            "equity": 5163084,
            "current_ratio": 186.94,
            "debt_ratio": 73.12,
            "inventory_turnover_ratio": 0.03,
            "account_receivable_turnover_ratio": 524.34,
            "reinvestment_rate": 53.22,
            "research_to_sale_ratio": null,
            "price_fair": 46.2,
            "eps_avg_yearly": 1.32,
            "eps_latest_yearly": 0.56,
            "eps_growth_yearly": 1160.32
        },
        "20231": {
            "year_quarter": 20231,
            "year": 2023,
            "quarter": 1,
            "eps": 0.89,
            "eps_growth_year": 147.22,
            "eps_4q": 1.18,
            "eps_4q_growth_year": -14.72,
            "roe": 6.45,
            "roe_4q": 8.629999999999999,
            "gross_profit": 496577,
            "gross_margin": 27.3,
            "gross_margin_4q_avg": 26.77,
            "net_income": 337800,
            "revenue": 1819111,
            "common_shares": 3799974,
            "book_valuer_per_share": 13.98,
            "book_valuer_per_share_4q_avg": 13.6,
            "equity": 5310885,
            "current_ratio": 190.81,
            "debt_ratio": 72.16,
            "inventory_turnover_ratio": 0.08,
            "account_receivable_turnover_ratio": 1151.34,
            "reinvestment_rate": 29.34,
            "research_to_sale_ratio": null,
            "price_fair": 57.4,
            "eps_avg_yearly": 1.64,
            "eps_latest_yearly": 3.56,
            "eps_growth_yearly": 1205.09
        }
    },
    "months": {
        "2001-06": {
            "month": "2001-06",
            "price": "0.71",
            "revenue": 14506
        },
        "2001-07": {
            "month": "2001-07",
            "price": "0.57",
            "revenue": 15451
        },
        "2001-08": {
            "month": "2001-08",
            "price": "0.73",
            "revenue": 14737
        },
        "2001-09": {
            "month": "2001-09",
            "price": "0.64",
            "revenue": 13985
        },
        "2001-10": {
            "month": "2001-10",
            "price": "0.47",
            "revenue": 14040
        },
        "2001-11": {
            "month": "2001-11",
            "price": "0.45",
            "revenue": 28104
        },
        "2001-12": {
            "month": "2001-12",
            "price": "0.57",
            "revenue": 48668
        },
        "2002-01": {
            "month": "2002-01",
            "price": "0.74",
            "revenue": 40836
        },
        "2002-02": {
            "month": "2002-02",
            "price": "0.89",
            "revenue": 7429
        },
        "2002-03": {
            "month": "2002-03",
            "price": "0.98",
            "revenue": 17496
        },
        "2002-04": {
            "month": "2002-04",
            "price": "2.41",
            "revenue": 73529
        },
        "2002-05": {
            "month": "2002-05",
            "price": "2.23",
            "revenue": 25998
        },
        "2002-06": {
            "month": "2002-06",
            "price": "2.12",
            "revenue": 3208
        },
        "2002-07": {
            "month": "2002-07",
            "price": "1.89",
            "revenue": 95738
        },
        "2002-08": {
            "month": "2002-08",
            "price": "1.44",
            "revenue": 4323
        },
        "2002-09": {
            "month": "2002-09",
            "price": "1.00",
            "revenue": 3669
        },
        "2002-10": {
            "month": "2002-10",
            "price": "1.02",
            "revenue": 9878
        },
        "2002-11": {
            "month": "2002-11",
            "price": "0.88",
            "revenue": 29970
        },
        "2002-12": {
            "month": "2002-12",
            "price": "0.97",
            "revenue": 32292
        },
        "2003-01": {
            "month": "2003-01",
            "price": "1.42",
            "revenue": 19412
        },
        "2003-02": {
            "month": "2003-02",
            "price": "1.44",
            "revenue": 29760
        },
        "2003-03": {
            "month": "2003-03",
            "price": "1.16",
            "revenue": 12873
        },
        "2003-04": {
            "month": "2003-04",
            "price": "1.09",
            "revenue": 7710
        },
        "2003-05": {
            "month": "2003-05",
            "price": "0.46",
            "revenue": 757
        },
        "2003-06": {
            "month": "2003-06",
            "price": "0.40",
            "revenue": 8758
        },
        "2003-07": {
            "month": "2003-07",
            "price": "0.43",
            "revenue": 10603
        },
        "2003-08": {
            "month": "2003-08",
            "price": "0.61",
            "revenue": 35935
        },
        "2003-09": {
            "month": "2003-09",
            "price": "0.51",
            "revenue": 6776
        },
        "2003-10": {
            "month": "2003-10",
            "price": "0.48",
            "revenue": 14313
        },
        "2003-11": {
            "month": "2003-11",
            "price": "0.53",
            "revenue": 2245
        },
        "2003-12": {
            "month": "2003-12",
            "price": "0.49",
            "revenue": 3977
        },
        "2004-01": {
            "month": "2004-01",
            "price": "0.54",
            "revenue": 1143
        },
        "2004-02": {
            "month": "2004-02",
            "price": "1.12",
            "revenue": 4019
        },
        "2004-03": {
            "month": "2004-03",
            "price": "1.03",
            "revenue": 1452
        },
        "2004-04": {
            "month": "2004-04",
            "price": "0.88",
            "revenue": 1412
        },
        "2004-05": {
            "month": "2004-05",
            "price": "0.59",
            "revenue": 3791
        },
        "2004-06": {
            "month": "2004-06",
            "price": "0.49",
            "revenue": 7494
        },
        "2004-07": {
            "month": "2004-07",
            "price": "0.43",
            "revenue": 30478
        },
        "2004-08": {
            "month": "2004-08",
            "price": "0.40",
            "revenue": 31745
        },
        "2004-09": {
            "month": "2004-09",
            "price": "0.43",
            "revenue": 18105
        },
        "2004-10": {
            "month": "2004-10",
            "price": "0.45",
            "revenue": 2780
        },
        "2004-11": {
            "month": "2004-11",
            "price": "0.39",
            "revenue": 2204
        },
        "2004-12": {
            "month": "2004-12",
            "price": "0.44",
            "revenue": 3936
        },
        "2005-01": {
            "month": "2005-01",
            "price": "0.78",
            "revenue": 2952
        },
        "2005-02": {
            "month": "2005-02",
            "price": "0.75",
            "revenue": 1654
        },
        "2005-03": {
            "month": "2005-03",
            "price": "0.74",
            "revenue": 12326
        },
        "2005-04": {
            "month": "2005-04",
            "price": "0.78",
            "revenue": 1692
        },
        "2005-05": {
            "month": "2005-05",
            "price": "0.63",
            "revenue": 3060
        },
        "2005-09": {
            "month": "2005-09",
            "price": "0.75",
            "revenue": 2402
        },
        "2005-10": {
            "month": "2005-10",
            "price": "0.71",
            "revenue": 1407
        },
        "2005-11": {
            "month": "2005-11",
            "price": "0.65",
            "revenue": 2226
        },
        "2005-12": {
            "month": "2005-12",
            "price": "0.56",
            "revenue": 14927
        },
        "2006-01": {
            "month": "2006-01",
            "price": "0.54",
            "revenue": 1790
        },
        "2006-02": {
            "month": "2006-02",
            "price": "0.49",
            "revenue": 26439
        },
        "2006-03": {
            "month": "2006-03",
            "price": "2.24",
            "revenue": 1179
        },
        "2006-04": {
            "month": "2006-04",
            "price": "2.64",
            "revenue": 24511
        },
        "2006-05": {
            "month": "2006-05",
            "price": "2.75",
            "revenue": 1256
        },
        "2006-06": {
            "month": "2006-06",
            "price": "3.07",
            "revenue": 1348
        },
        "2006-07": {
            "month": "2006-07",
            "price": "2.78",
            "revenue": 966
        },
        "2006-08": {
            "month": "2006-08",
            "price": "2.47",
            "revenue": 1645
        },
        "2006-09": {
            "month": "2006-09",
            "price": "2.71",
            "revenue": 1023
        },
        "2006-10": {
            "month": "2006-10",
            "price": "2.61",
            "revenue": 413
        },
        "2006-11": {
            "month": "2006-11",
            "price": "2.86",
            "revenue": 852
        },
        "2006-12": {
            "month": "2006-12",
            "price": "4.21",
            "revenue": 97581
        },
        "2007-01": {
            "month": "2007-01",
            "price": "3.72",
            "revenue": 1107
        },
        "2007-02": {
            "month": "2007-02",
            "price": "3.55",
            "revenue": 7352
        },
        "2007-03": {
            "month": "2007-03",
            "price": "3.66",
            "revenue": 1110
        },
        "2007-04": {
            "month": "2007-04",
            "price": "3.80",
            "revenue": 1887
        },
        "2007-05": {
            "month": "2007-05",
            "price": "3.62",
            "revenue": 1020
        },
        "2007-06": {
            "month": "2007-06",
            "price": "3.32",
            "revenue": 905
        },
        "2007-07": {
            "month": "2007-07",
            "price": "3.75",
            "revenue": 610
        },
        "2007-08": {
            "month": "2007-08",
            "price": "3.68",
            "revenue": 909
        },
        "2007-09": {
            "month": "2007-09",
            "price": "3.33",
            "revenue": 906
        },
        "2007-10": {
            "month": "2007-10",
            "price": "2.75",
            "revenue": 926
        },
        "2007-11": {
            "month": "2007-11",
            "price": "2.23",
            "revenue": 971
        },
        "2007-12": {
            "month": "2007-12",
            "price": "2.50",
            "revenue": 1045
        },
        "2008-01": {
            "month": "2008-01",
            "price": "2.20",
            "revenue": 1095
        },
        "2008-02": {
            "month": "2008-02",
            "price": "2.43",
            "revenue": 1093
        },
        "2008-03": {
            "month": "2008-03",
            "price": "3.37",
            "revenue": 1208
        },
        "2008-04": {
            "month": "2008-04",
            "price": "3.30",
            "revenue": 1329
        },
        "2008-05": {
            "month": "2008-05",
            "price": "3.21",
            "revenue": 1313
        },
        "2008-06": {
            "month": "2008-06",
            "price": "2.78",
            "revenue": 189637
        },
        "2008-07": {
            "month": "2008-07",
            "price": "2.37",
            "revenue": 557
        },
        "2008-08": {
            "month": "2008-08",
            "price": "1.96",
            "revenue": 98531
        },
        "2008-09": {
            "month": "2008-09",
            "price": "1.62",
            "revenue": 98529
        },
        "2008-10": {
            "month": "2008-10",
            "price": "1.27",
            "revenue": 214
        },
        "2008-11": {
            "month": "2008-11",
            "price": "1.07",
            "revenue": 191
        },
        "2008-12": {
            "month": "2008-12",
            "price": "0.83",
            "revenue": 10289
        },
        "2009-01": {
            "month": "2009-01",
            "price": "0.77",
            "revenue": 190
        },
        "2009-02": {
            "month": "2009-02",
            "price": "0.74",
            "revenue": 192
        },
        "2009-03": {
            "month": "2009-03",
            "price": "0.63",
            "revenue": 61301
        },
        "2009-04": {
            "month": "2009-04",
            "price": "1.22",
            "revenue": 8174
        },
        "2009-05": {
            "month": "2009-05",
            "price": "1.32",
            "revenue": 6821
        },
        "2009-06": {
            "month": "2009-06",
            "price": "1.38",
            "revenue": 16773
        },
        "2009-07": {
            "month": "2009-07",
            "price": "1.92",
            "revenue": 11842
        },
        "2009-08": {
            "month": "2009-08",
            "price": "2.65",
            "revenue": 36007
        },
        "2009-09": {
            "month": "2009-09",
            "price": "2.77",
            "revenue": 218734
        },
        "2009-10": {
            "month": "2009-10",
            "price": "3.08",
            "revenue": 1970
        },
        "2009-11": {
            "month": "2009-11",
            "price": "3.04",
            "revenue": 190
        },
        "2009-12": {
            "month": "2009-12",
            "price": "2.64",
            "revenue": 237
        },
        "2010-01": {
            "month": "2010-01",
            "price": "2.70",
            "revenue": 2847
        },
        "2010-02": {
            "month": "2010-02",
            "price": "3.91",
            "revenue": 961
        },
        "2010-03": {
            "month": "2010-03",
            "price": "3.98",
            "revenue": 209
        },
        "2010-04": {
            "month": "2010-04",
            "price": "3.85",
            "revenue": 210
        },
        "2010-05": {
            "month": "2010-05",
            "price": "3.46",
            "revenue": 210
        },
        "2010-06": {
            "month": "2010-06",
            "price": "2.80",
            "revenue": 210
        },
        "2010-07": {
            "month": "2010-07",
            "price": "3.03",
            "revenue": 210
        },
        "2010-08": {
            "month": "2010-08",
            "price": "7.93",
            "revenue": 210
        },
        "2010-09": {
            "month": "2010-09",
            "price": "18.90",
            "revenue": 3224
        },
        "2010-10": {
            "month": "2010-10",
            "price": "20.32",
            "revenue": 210
        },
        "2010-11": {
            "month": "2010-11",
            "price": "20.22",
            "revenue": 224
        },
        "2010-12": {
            "month": "2010-12",
            "price": "19.89",
            "revenue": 214
        },
        "2011-01": {
            "month": "2011-01",
            "price": "20.25",
            "revenue": 201
        },
        "2011-02": {
            "month": "2011-02",
            "price": "19.51",
            "revenue": 112
        },
        "2011-03": {
            "month": "2011-03",
            "price": "18.59",
            "revenue": 19
        },
        "2011-04": {
            "month": "2011-04",
            "price": "18.67",
            "revenue": 19
        },
        "2011-05": {
            "month": "2011-05",
            "price": "17.40",
            "revenue": 35
        },
        "2011-06": {
            "month": "2011-06",
            "price": "17.38",
            "revenue": 27
        },
        "2011-07": {
            "month": "2011-07",
            "price": "17.68",
            "revenue": 1424
        },
        "2011-08": {
            "month": "2011-08",
            "price": "15.66",
            "revenue": 37
        },
        "2011-09": {
            "month": "2011-09",
            "price": "13.81",
            "revenue": 19
        },
        "2011-10": {
            "month": "2011-10",
            "price": "12.77",
            "revenue": 31
        },
        "2011-11": {
            "month": "2011-11",
            "price": "10.64",
            "revenue": 28
        },
        "2011-12": {
            "month": "2011-12",
            "price": "11.21",
            "revenue": 49999
        },
        "2012-01": {
            "month": "2012-01",
            "price": "9.85",
            "revenue": 38
        },
        "2012-02": {
            "month": "2012-02",
            "price": "10.05",
            "revenue": 16
        },
        "2012-03": {
            "month": "2012-03",
            "price": "10.33",
            "revenue": 8
        },
        "2012-04": {
            "month": "2012-04",
            "price": "9.69",
            "revenue": 6
        },
        "2012-05": {
            "month": "2012-05",
            "price": "9.87",
            "revenue": 9
        },
        "2012-06": {
            "month": "2012-06",
            "price": "9.06",
            "revenue": 0
        },
        "2012-07": {
            "month": "2012-07",
            "price": "8.82",
            "revenue": 3
        },
        "2012-08": {
            "month": "2012-08",
            "price": "8.54",
            "revenue": 12
        },
        "2012-09": {
            "month": "2012-09",
            "price": "9.26",
            "revenue": 13
        },
        "2012-10": {
            "month": "2012-10",
            "price": "9.68",
            "revenue": 12
        },
        "2012-11": {
            "month": "2012-11",
            "price": "9.56",
            "revenue": 165
        },
        "2012-12": {
            "month": "2012-12",
            "price": "9.60",
            "revenue": 165
        },
        "2013-01": {
            "month": "2013-01",
            "price": "9.53",
            "revenue": 164
        },
        "2013-02": {
            "month": "2013-02",
            "price": "10.70",
            "revenue": 162
        },
        "2013-03": {
            "month": "2013-03",
            "price": "10.27",
            "revenue": 159
        },
        "2013-04": {
            "month": "2013-04",
            "price": "12.25",
            "revenue": 1831
        },
        "2013-05": {
            "month": "2013-05",
            "price": "15.02",
            "revenue": 159
        },
        "2013-06": {
            "month": "2013-06",
            "price": "13.59",
            "revenue": 159
        },
        "2013-07": {
            "month": "2013-07",
            "price": "11.54",
            "revenue": 158
        },
        "2013-08": {
            "month": "2013-08",
            "price": "13.13",
            "revenue": 48619
        },
        "2013-09": {
            "month": "2013-09",
            "price": "13.59",
            "revenue": 3
        },
        "2013-10": {
            "month": "2013-10",
            "price": "12.60",
            "revenue": 1674
        },
        "2013-11": {
            "month": "2013-11",
            "price": "12.25",
            "revenue": 1643557
        },
        "2013-12": {
            "month": "2013-12",
            "price": "13.33",
            "revenue": 169873
        },
        "2014-01": {
            "month": "2014-01",
            "price": "14.75",
            "revenue": 69100
        },
        "2014-02": {
            "month": "2014-02",
            "price": "14.42",
            "revenue": 105949
        },
        "2014-03": {
            "month": "2014-03",
            "price": "15.21",
            "revenue": 20883
        },
        "2014-04": {
            "month": "2014-04",
            "price": "14.87",
            "revenue": 3
        },
        "2014-05": {
            "month": "2014-05",
            "price": "14.80",
            "revenue": 32811
        },
        "2014-06": {
            "month": "2014-06",
            "price": "13.90",
            "revenue": 26306
        },
        "2014-07": {
            "month": "2014-07",
            "price": "13.20",
            "revenue": 30559
        },
        "2014-08": {
            "month": "2014-08",
            "price": "11.41",
            "revenue": 41057
        },
        "2014-09": {
            "month": "2014-09",
            "price": "12.05",
            "revenue": 2
        },
        "2014-10": {
            "month": "2014-10",
            "price": "11.06",
            "revenue": 22237
        },
        "2014-11": {
            "month": "2014-11",
            "price": "11.66",
            "revenue": 3
        },
        "2014-12": {
            "month": "2014-12",
            "price": "12.47",
            "revenue": 2
        },
        "2015-01": {
            "month": "2015-01",
            "price": "12.14",
            "revenue": 15440
        },
        "2015-02": {
            "month": "2015-02",
            "price": "12.10",
            "revenue": 1742
        },
        "2015-03": {
            "month": "2015-03",
            "price": "11.84",
            "revenue": 33205
        },
        "2015-04": {
            "month": "2015-04",
            "price": "12.41",
            "revenue": 17883
        },
        "2015-05": {
            "month": "2015-05",
            "price": "12.10",
            "revenue": 0
        },
        "2015-06": {
            "month": "2015-06",
            "price": "10.36",
            "revenue": 0
        },
        "2015-07": {
            "month": "2015-07",
            "price": "9.41",
            "revenue": 2
        },
        "2015-08": {
            "month": "2015-08",
            "price": "9.43",
            "revenue": 3
        },
        "2015-09": {
            "month": "2015-09",
            "price": "9.83",
            "revenue": 1792
        },
        "2015-10": {
            "month": "2015-10",
            "price": "9.69",
            "revenue": 22
        },
        "2015-11": {
            "month": "2015-11",
            "price": "9.62",
            "revenue": 22
        },
        "2015-12": {
            "month": "2015-12",
            "price": "8.96",
            "revenue": 65441
        },
        "2016-01": {
            "month": "2016-01",
            "price": "7.24",
            "revenue": 22
        },
        "2016-02": {
            "month": "2016-02",
            "price": "6.60",
            "revenue": 22
        },
        "2016-03": {
            "month": "2016-03",
            "price": "6.58",
            "revenue": 22
        },
        "2016-04": {
            "month": "2016-04",
            "price": "6.58",
            "revenue": 59991
        },
        "2016-05": {
            "month": "2016-05",
            "price": "7.57",
            "revenue": 15939
        },
        "2016-06": {
            "month": "2016-06",
            "price": "6.91",
            "revenue": 6608
        },
        "2016-07": {
            "month": "2016-07",
            "price": "6.79",
            "revenue": 35
        },
        "2016-08": {
            "month": "2016-08",
            "price": "7.06",
            "revenue": 7138
        },
        "2016-09": {
            "month": "2016-09",
            "price": "7.14",
            "revenue": 5
        },
        "2016-10": {
            "month": "2016-10",
            "price": "6.86",
            "revenue": 3166
        },
        "2016-11": {
            "month": "2016-11",
            "price": "6.41",
            "revenue": 5827
        },
        "2016-12": {
            "month": "2016-12",
            "price": "6.42",
            "revenue": 28924
        },
        "2017-01": {
            "month": "2017-01",
            "price": "6.31",
            "revenue": 49313
        },
        "2017-02": {
            "month": "2017-02",
            "price": "7.05",
            "revenue": 22
        },
        "2017-03": {
            "month": "2017-03",
            "price": "8.61",
            "revenue": 3436
        },
        "2017-04": {
            "month": "2017-04",
            "price": "8.40",
            "revenue": 3210
        },
        "2017-05": {
            "month": "2017-05",
            "price": "10.39",
            "revenue": 22
        },
        "2017-06": {
            "month": "2017-06",
            "price": "12.61",
            "revenue": 6006
        },
        "2017-07": {
            "month": "2017-07",
            "price": "14.34",
            "revenue": 18
        },
        "2017-08": {
            "month": "2017-08",
            "price": "20.99",
            "revenue": 22
        },
        "2017-09": {
            "month": "2017-09",
            "price": "21.62",
            "revenue": 24
        },
        "2017-10": {
            "month": "2017-10",
            "price": "23.78",
            "revenue": 15
        },
        "2017-11": {
            "month": "2017-11",
            "price": "20.80",
            "revenue": 2848
        },
        "2017-12": {
            "month": "2017-12",
            "price": "20.02",
            "revenue": 24
        },
        "2018-01": {
            "month": "2018-01",
            "price": "17.76",
            "revenue": 8539
        },
        "2018-02": {
            "month": "2018-02",
            "price": "17.38",
            "revenue": 24
        },
        "2018-03": {
            "month": "2018-03",
            "price": "18.53",
            "revenue": 203230
        },
        "2018-04": {
            "month": "2018-04",
            "price": "18.75",
            "revenue": 0
        },
        "2018-05": {
            "month": "2018-05",
            "price": "18.92",
            "revenue": 0
        },
        "2018-06": {
            "month": "2018-06",
            "price": "17.65",
            "revenue": 0
        },
        "2018-07": {
            "month": "2018-07",
            "price": "15.74",
            "revenue": 3029
        },
        "2018-08": {
            "month": "2018-08",
            "price": "14.56",
            "revenue": 3323
        },
        "2018-09": {
            "month": "2018-09",
            "price": "13.78",
            "revenue": 11
        },
        "2018-10": {
            "month": "2018-10",
            "price": "13.32",
            "revenue": 61
        },
        "2018-11": {
            "month": "2018-11",
            "price": "13.83",
            "revenue": 95
        },
        "2018-12": {
            "month": "2018-12",
            "price": "13.64",
            "revenue": 135
        },
        "2019-01": {
            "month": "2019-01",
            "price": "13.32",
            "revenue": 134
        },
        "2019-02": {
            "month": "2019-02",
            "price": "13.96",
            "revenue": 135
        },
        "2019-03": {
            "month": "2019-03",
            "price": "14.22",
            "revenue": 2458
        },
        "2019-04": {
            "month": "2019-04",
            "price": "15.28",
            "revenue": 3096
        },
        "2019-05": {
            "month": "2019-05",
            "price": "15.56",
            "revenue": 159
        },
        "2019-06": {
            "month": "2019-06",
            "price": "16.08",
            "revenue": 179
        },
        "2019-07": {
            "month": "2019-07",
            "price": "16.25",
            "revenue": -5218
        },
        "2019-08": {
            "month": "2019-08",
            "price": "17.18",
            "revenue": 293
        },
        "2019-09": {
            "month": "2019-09",
            "price": "19.74",
            "revenue": 63
        },
        "2019-10": {
            "month": "2019-10",
            "price": "20.90",
            "revenue": 21
        },
        "2019-11": {
            "month": "2019-11",
            "price": "21.05",
            "revenue": 21
        },
        "2019-12": {
            "month": "2019-12",
            "price": "20.32",
            "revenue": 21
        },
        "2020-01": {
            "month": "2020-01",
            "price": "20.64",
            "revenue": 21
        },
        "2020-02": {
            "month": "2020-02",
            "price": "20.37",
            "revenue": 21
        },
        "2020-03": {
            "month": "2020-03",
            "price": "18.10",
            "revenue": 21
        },
        "2020-04": {
            "month": "2020-04",
            "price": "18.72",
            "revenue": 21
        },
        "2020-05": {
            "month": "2020-05",
            "price": "19.99",
            "revenue": 21
        },
        "2020-06": {
            "month": "2020-06",
            "price": "20.63",
            "revenue": 21
        },
        "2020-07": {
            "month": "2020-07",
            "price": "21.21",
            "revenue": 21
        },
        "2020-08": {
            "month": "2020-08",
            "price": "23.12",
            "revenue": 21
        },
        "2020-09": {
            "month": "2020-09",
            "price": "23.79",
            "revenue": 21
        },
        "2020-10": {
            "month": "2020-10",
            "price": "23.89",
            "revenue": 169473
        },
        "2020-11": {
            "month": "2020-11",
            "price": "24.87",
            "revenue": 303021
        },
        "2020-12": {
            "month": "2020-12",
            "price": "23.68",
            "revenue": 702301
        },
        "2021-01": {
            "month": "2021-01",
            "price": "23.26",
            "revenue": 260865
        },
        "2021-02": {
            "month": "2021-02",
            "price": "23.34",
            "revenue": 185973
        },
        "2021-03": {
            "month": "2021-03",
            "price": "23.16",
            "revenue": 139872
        },
        "2021-04": {
            "month": "2021-04",
            "price": "24.54",
            "revenue": 138013
        },
        "2021-05": {
            "month": "2021-05",
            "price": "22.45",
            "revenue": 258486
        },
        "2021-06": {
            "month": "2021-06",
            "price": "21.99",
            "revenue": 67609
        },
        "2021-07": {
            "month": "2021-07",
            "price": "21.88",
            "revenue": 136494
        },
        "2021-08": {
            "month": "2021-08",
            "price": "21.74",
            "revenue": 24601
        },
        "2021-09": {
            "month": "2021-09",
            "price": "21.89",
            "revenue": 14997
        },
        "2021-10": {
            "month": "2021-10",
            "price": "21.50",
            "revenue": 85511
        },
        "2021-11": {
            "month": "2021-11",
            "price": "21.68",
            "revenue": 21
        },
        "2021-12": {
            "month": "2021-12",
            "price": "21.75",
            "revenue": 1881472
        },
        "2022-01": {
            "month": "2022-01",
            "price": "21.63",
            "revenue": 88540
        },
        "2022-02": {
            "month": "2022-02",
            "price": "21.39",
            "revenue": 169366
        },
        "2022-03": {
            "month": "2022-03",
            "price": "21.03",
            "revenue": 560993
        },
        "2022-04": {
            "month": "2022-04",
            "price": "19.98",
            "revenue": 317618
        },
        "2022-05": {
            "month": "2022-05",
            "price": "19.08",
            "revenue": -130
        },
        "2022-06": {
            "month": "2022-06",
            "price": "19.38",
            "revenue": -8
        },
        "2022-07": {
            "month": "2022-07",
            "price": "19.01",
            "revenue": 10
        },
        "2022-08": {
            "month": "2022-08",
            "price": "19.06",
            "revenue": 44
        },
        "2022-09": {
            "month": "2022-09",
            "price": "19.24",
            "revenue": 49
        },
        "2022-10": {
            "month": "2022-10",
            "price": "18.04",
            "revenue": 51
        },
        "2022-11": {
            "month": "2022-11",
            "price": "16.78",
            "revenue": 32
        },
        "2022-12": {
            "month": "2022-12",
            "price": "16.17",
            "revenue": 592419
        },
        "2023-01": {
            "month": "2023-01",
            "price": "16.10",
            "revenue": 671796
        },
        "2023-02": {
            "month": "2023-02",
            "price": "17.42",
            "revenue": 1147459
        },
        "2023-03": {
            "month": "2023-03",
            "price": "18.97",
            "revenue": -144
        },
        "2023-04": {
            "month": "2023-04",
            "price": "24.25",
            "revenue": 19
        }
    }
}
