{
    "summary": {
        "stock_name": "華建",
        "stock_id": "2530",
        "category": "建材營造",
        "main_business": "委託營造廠商興建商業大樓出租出售業務<br>委託營造廠商興建國民住宅出租出售業務<br>房屋租售之介紹業務",
        "website_url": "http://www.delpha.com.tw",
        "ceo": "黃智楨",
        "pe_ratio": 94,
        "report_year_from": 2001,
        "report_year_to": 2023,
        "age": 23,
        "eps_negative_percentage": 52,
        "eps_growth_avg": {
            "last_all": -68.16,
            "last_2y": -100,
            "last_4y": -100,
            "last_8y": -84.85,
            "last_12y": -82.14,
            "last_16y": -64.97,
            "last_20y": -68.16,
            "at_2006_last_3y": -100,
            "at_2007_last_3y": -75.45,
            "at_2008_last_3y": -83.64,
            "at_2009_last_3y": -75.45,
            "at_2010_last_3y": -24.92,
            "at_2011_last_3y": -26.29,
            "at_2012_last_3y": -19.82,
            "at_2013_last_3y": -39.86,
            "at_2014_last_3y": -78.53,
            "at_2015_last_3y": -90.29,
            "at_2016_last_3y": -69.69,
            "at_2017_last_3y": -69.69,
            "at_2018_last_3y": -69.69,
            "at_2019_last_3y": -79.79,
            "at_2020_last_3y": -100,
            "at_2021_last_3y": -100,
            "at_2022_last_3y": -100,
            "at_2023_last_3y": -100,
            "at_2024_last_3y": -100,
            "at_2006_last_all": -100,
            "at_2007_last_all": -75.45,
            "at_2008_last_all": -83.64,
            "at_2009_last_all": -83.64,
            "at_2010_last_all": -43.69,
            "at_2011_last_all": -45.96,
            "at_2012_last_all": -51.73,
            "at_2013_last_all": -58.62,
            "at_2014_last_all": -58.62,
            "at_2015_last_all": -58.62,
            "at_2016_last_all": -56.22,
            "at_2017_last_all": -61.08,
            "at_2018_last_all": -61.08,
            "at_2019_last_all": -64.97,
            "at_2020_last_all": -64.97,
            "at_2021_last_all": -64.97,
            "at_2022_last_all": -64.97,
            "at_2023_last_all": -68.16,
            "at_2024_last_all": -68.16
        },
        "latest_eps": 0.38,
        "latest_price": 35.85,
        "latest_roe": 3.07,
        "latest_gross_margin": 100,
        "latest_equity": 10121769,
        "latest_revenue": 2177,
        "latest_gross_profit": 2177,
        "latest_net_income": -22164,
        "latest_debt_ratio": 55.62,
        "latest_current_ratio": 201.36,
        "latest_account_receivable_turnover_ratio": 0.16,
        "latest_inventory_turnover_ratio": 0,
        "latest_reinvestment_rate": -1.7,
        "latest_research_to_sale_ratio": null
    },
    "eps_dividends": {
        "1993": {
            "cash": 0,
            "stock": 1.5,
            "eps": 0
        },
        "1994": {
            "cash": 0,
            "stock": 2,
            "eps": 0
        },
        "1996": {
            "cash": 0.7,
            "stock": 0,
            "eps": 0
        },
        "1997": {
            "cash": 0,
            "stock": 1.8,
            "eps": 0
        },
        "1998": {
            "cash": 0,
            "stock": 2.5,
            "eps": 0
        },
        "1999": {
            "cash": 1,
            "stock": 1,
            "eps": 0
        },
        "2000": {
            "cash": 0,
            "stock": 1,
            "eps": 0
        },
        "2001": {
            "cash": 0,
            "stock": 0,
            "eps": -1.29
        },
        "2002": {
            "cash": 0,
            "stock": 0,
            "eps": -2.38
        },
        "2003": {
            "cash": 0,
            "stock": 0,
            "eps": -3.79
        },
        "2004": {
            "cash": 0,
            "stock": 0,
            "eps": 0.34
        },
        "2005": {
            "cash": 0,
            "stock": 0,
            "eps": -5.61
        },
        "2006": {
            "cash": 0,
            "stock": 0,
            "eps": 0.55
        },
        "2007": {
            "cash": 0,
            "stock": 0,
            "eps": 0.27
        },
        "2008": {
            "cash": 0,
            "stock": 0,
            "eps": -1.82
        },
        "2009": {
            "cash": 0,
            "stock": 0,
            "eps": 1.3
        },
        "2010": {
            "cash": 0.6,
            "stock": 0.2,
            "eps": 2.29
        },
        "2011": {
            "cash": 1.4000000000000001,
            "stock": 0.45,
            "eps": 1.03
        },
        "2012": {
            "cash": 0,
            "stock": 0,
            "eps": 0.2
        },
        "2013": {
            "cash": 0.15,
            "stock": 0,
            "eps": -0.13
        },
        "2014": {
            "cash": 0,
            "stock": 0,
            "eps": -0.65
        },
        "2015": {
            "cash": 0,
            "stock": 0,
            "eps": 2.59
        },
        "2016": {
            "cash": 1.6,
            "stock": 0,
            "eps": 1.57
        },
        "2017": {
            "cash": 0.8,
            "stock": 0,
            "eps": -0.42
        },
        "2018": {
            "cash": 0,
            "stock": 0,
            "eps": 0.1
        },
        "2019": {
            "cash": 0.3,
            "stock": 0,
            "eps": -0.26
        },
        "2020": {
            "cash": 0.1,
            "stock": 0,
            "eps": -0.28
        },
        "2021": {
            "cash": 0,
            "stock": 0,
            "eps": -0.2
        },
        "2022": {
            "cash": 0,
            "stock": 0,
            "eps": 0.55
        },
        "2023": {
            "cash": 0.41,
            "stock": 0,
            "eps": -0.06
        }
    },
    "dividends": {
        "1993-04-17": {
            "cash": 0,
            "stock": 1.5
        },
        "1994-06-04": {
            "cash": 0,
            "stock": 2
        },
        "1996-05-25": {
            "cash": 0.7,
            "stock": 0
        },
        "1997-05-14": {
            "cash": 0,
            "stock": 1.8
        },
        "1998-04-23": {
            "cash": 0,
            "stock": 2.5
        },
        "1999-04-20": {
            "cash": 1,
            "stock": 1
        },
        "2000-05-10": {
            "cash": 0,
            "stock": 1
        },
        "2010-03-10": {
            "cash": 0.6,
            "stock": 0.2
        },
        "2011-01-01": {
            "cash": 0.3,
            "stock": 0.2
        },
        "2011-03-09": {
            "cash": 1.1,
            "stock": 0.25
        },
        "2013-03-22": {
            "cash": 0.15,
            "stock": 0
        },
        "2016-07-21": {
            "cash": 1.6,
            "stock": 0
        },
        "2017-09-21": {
            "cash": 0.8,
            "stock": 0
        },
        "2019-09-25": {
            "cash": 0.3,
            "stock": 0
        },
        "2020-08-28": {
            "cash": 0.1,
            "stock": 0
        },
        "2023-04-26": {
            "cash": 0.41,
            "stock": 0
        }
    },
    "prices": {
        "200101": "2.90",
        "200102": "4.29",
        "200103": "4.29",
        "200104": "3.70",
        "200105": "2.59",
        "200106": "1.36",
        "200107": "1.26",
        "200108": "1.49",
        "200109": "1.41",
        "200110": "1.18",
        "200111": "1.21",
        "200112": "1.34",
        "200201": "1.80",
        "200202": "1.82",
        "200203": "2.15",
        "200204": "4.13",
        "200205": "3.68",
        "200206": "3.67",
        "200207": "3.07",
        "200208": "2.51",
        "200209": "1.83",
        "200210": "1.78",
        "200211": "1.98",
        "200212": "2.13",
        "200301": "2.66",
        "200302": "2.62",
        "200303": "2.14",
        "200304": "2.05",
        "200305": "1.53",
        "200306": "2.11",
        "200307": "3.44",
        "200308": "4.06",
        "200309": "4.00",
        "200310": "4.34",
        "200311": "4.34",
        "200312": "4.20",
        "200401": "4.97",
        "200402": "6.74",
        "200403": "6.76",
        "200404": "6.28",
        "200405": "4.49",
        "200406": "3.81",
        "200407": "3.13",
        "200408": "2.69",
        "200409": "3.31",
        "200410": "3.37",
        "200411": "4.95",
        "200412": "5.24",
        "200501": "5.53",
        "200502": "4.85",
        "200503": "5.15",
        "200504": "4.17",
        "200505": "4.09",
        "200506": "4.82",
        "200507": "4.56",
        "200508": "3.91",
        "200509": "3.74",
        "200510": "3.13",
        "200511": "2.95",
        "200512": "3.42",
        "200601": "4.62",
        "200602": "4.68",
        "200603": "4.38",
        "200604": "4.56",
        "200605": "5.86",
        "200606": "4.59",
        "200607": "4.86",
        "200608": "4.55",
        "200609": "4.32",
        "200610": "4.98",
        "200611": "7.10",
        "200612": "8.50",
        "200701": "7.35",
        "200702": "7.30",
        "200703": "9.66",
        "200704": "10.18",
        "200705": "9.56",
        "200706": "9.56",
        "200707": "10.85",
        "200708": "9.78",
        "200709": "9.04",
        "200710": "8.97",
        "200711": "7.80",
        "200712": "6.76",
        "200801": "6.96",
        "200802": "7.51",
        "200803": "8.79",
        "200804": "10.45",
        "200805": "9.95",
        "200806": "8.29",
        "200807": "6.47",
        "200808": "6.25",
        "200809": "4.76",
        "200810": "3.30",
        "200811": "2.93",
        "200812": "2.78",
        "200901": "2.72",
        "200902": "2.70",
        "200903": "3.16",
        "200904": "5.00",
        "200905": "6.02",
        "200906": "5.65",
        "200907": "6.98",
        "200908": "7.44",
        "200909": "7.78",
        "200910": "11.91",
        "200911": "11.19",
        "200912": "10.55",
        "201001": "12.01",
        "201002": "11.36",
        "201003": "12.41",
        "201004": "14.05",
        "201005": "13.45",
        "201006": "12.49",
        "201007": "12.11",
        "201008": "12.44",
        "201009": "13.16",
        "201010": "13.54",
        "201011": "14.14",
        "201012": "15.93",
        "201101": "17.01",
        "201102": "15.64",
        "201103": "14.63",
        "201104": "15.03",
        "201105": "15.30",
        "201106": "15.16",
        "201107": "14.65",
        "201108": "11.96",
        "201109": "10.60",
        "201110": "10.25",
        "201111": "9.81",
        "201112": "9.29",
        "201201": "9.43",
        "201202": "10.62",
        "201203": "10.67",
        "201204": "9.86",
        "201205": "9.05",
        "201206": "8.59",
        "201207": "8.93",
        "201208": "9.13",
        "201209": "9.80",
        "201210": "9.56",
        "201211": "8.69",
        "201212": "8.86",
        "201301": "9.27",
        "201302": "9.47",
        "201303": "9.49",
        "201304": "9.76",
        "201305": "10.36",
        "201306": "11.84",
        "201307": "11.73",
        "201308": "11.75",
        "201309": "11.78",
        "201310": "12.00",
        "201311": "12.12",
        "201312": "12.40",
        "201401": "11.83",
        "201402": "12.91",
        "201403": "13.54",
        "201404": "16.36",
        "201405": "15.48",
        "201406": "15.56",
        "201407": "14.09",
        "201408": "13.32",
        "201409": "14.09",
        "201410": "13.61",
        "201411": "15.56",
        "201412": "16.68",
        "201501": "16.20",
        "201502": "16.09",
        "201503": "17.79",
        "201504": "18.74",
        "201505": "18.38",
        "201506": "18.34",
        "201507": "18.00",
        "201508": "16.86",
        "201509": "16.42",
        "201510": "16.87",
        "201511": "16.85",
        "201512": "15.84",
        "201601": "15.61",
        "201602": "16.65",
        "201603": "17.84",
        "201604": "17.45",
        "201605": "16.45",
        "201606": "15.84",
        "201607": "14.45",
        "201608": "14.28",
        "201609": "13.95",
        "201610": "13.61",
        "201611": "13.44",
        "201612": "13.54",
        "201701": "13.35",
        "201702": "13.81",
        "201703": "16.33",
        "201704": "14.57",
        "201705": "15.06",
        "201706": "14.23",
        "201707": "14.01",
        "201708": "13.83",
        "201709": "13.68",
        "201710": "13.62",
        "201711": "13.89",
        "201712": "14.29",
        "201801": "15.33",
        "201802": "15.10",
        "201803": "15.35",
        "201804": "15.13",
        "201805": "15.08",
        "201806": "15.34",
        "201807": "15.54",
        "201808": "15.95",
        "201809": "15.96",
        "201810": "15.84",
        "201811": "15.90",
        "201812": "15.77",
        "201901": "15.75",
        "201902": "15.81",
        "201903": "16.25",
        "201904": "16.25",
        "201905": "16.29",
        "201906": "16.00",
        "201907": "16.48",
        "201908": "15.93",
        "201909": "16.26",
        "201910": "16.09",
        "201911": "16.00",
        "201912": "15.94",
        "202001": "16.33",
        "202002": "16.91",
        "202003": "16.37",
        "202004": "15.98",
        "202005": "16.29",
        "202006": "17.12",
        "202007": "16.59",
        "202008": "16.24",
        "202009": "15.70",
        "202010": "15.51",
        "202011": "15.09",
        "202012": "14.12",
        "202101": "13.70",
        "202102": "14.09",
        "202103": "14.24",
        "202104": "14.46",
        "202105": "13.76",
        "202106": "13.73",
        "202107": "13.83",
        "202108": "13.75",
        "202109": "14.19",
        "202110": "14.88",
        "202111": "14.61",
        "202112": "14.48",
        "202201": "14.73",
        "202202": "14.64",
        "202203": "14.64",
        "202204": "14.58",
        "202205": "14.46",
        "202206": "14.53",
        "202207": "14.46",
        "202208": "14.58",
        "202209": "16.56",
        "202210": "18.32",
        "202211": "18.46",
        "202212": "17.73",
        "202301": "17.33",
        "202302": "17.72",
        "202303": "17.77",
        "202304": "19.54",
        "202305": "22.68",
        "202306": "24.44",
        "202307": "23.66",
        "202308": "25.52",
        "202309": "25.30",
        "202310": "27.04",
        "202311": "28.02",
        "202312": "34.59"
    },
    "quarters": {
        "20011": {
            "year_quarter": 20011,
            "year": 2001,
            "quarter": 1,
            "eps": 0,
            "eps_growth_year": -100,
            "eps_4q": -0.66,
            "eps_4q_growth_year": -144.79,
            "roe": 0.02,
            "roe_4q": 0.02,
            "gross_profit": 204089,
            "gross_margin": 12.69,
            "gross_margin_4q_avg": 12.69,
            "net_income": 1469,
            "net_income_4q": null,
            "revenue": 1608845,
            "revenue_4q": null,
            "common_shares": 4202286,
            "book_valuer_per_share": 16.05,
            "book_valuer_per_share_4q_avg": 16.05,
            "equity": 6742609,
            "current_ratio": 149.56,
            "debt_ratio": 67.22,
            "inventory_turnover_ratio": 0.09,
            "account_receivable_turnover_ratio": null,
            "reinvestment_rate": null,
            "research_to_sale_ratio": null,
            "price_fair": 0,
            "eps_avg_yearly": 0,
            "eps_latest_yearly": 0,
            "eps_growth_yearly": 0
        },
        "20012": {
            "year_quarter": 20012,
            "year": 2001,
            "quarter": 2,
            "eps": -0.49,
            "eps_growth_year": null,
            "eps_4q": -1.12,
            "eps_4q_growth_year": -289.41,
            "roe": -3.07,
            "roe_4q": -3.05,
            "gross_profit": 158066,
            "gross_margin": 10.64,
            "gross_margin_4q_avg": 11.67,
            "net_income": -204205,
            "net_income_4q": null,
            "revenue": 1486027,
            "revenue_4q": null,
            "common_shares": 4202286,
            "book_valuer_per_share": 15.58,
            "book_valuer_per_share_4q_avg": 15.82,
            "equity": 6546287,
            "current_ratio": 139.38,
            "debt_ratio": 63.71,
            "inventory_turnover_ratio": 0.09,
            "account_receivable_turnover_ratio": null,
            "reinvestment_rate": null,
            "research_to_sale_ratio": null,
            "price_fair": 0,
            "eps_avg_yearly": 0,
            "eps_latest_yearly": 0,
            "eps_growth_yearly": 0
        },
        "20013": {
            "year_quarter": 20013,
            "year": 2001,
            "quarter": 3,
            "eps": -0.46,
            "eps_growth_year": null,
            "eps_4q": -1.55,
            "eps_4q_growth_year": -664.22,
            "roe": -3,
            "roe_4q": -6.050000000000001,
            "gross_profit": 116351,
            "gross_margin": 13.26,
            "gross_margin_4q_avg": 12.2,
            "net_income": -193240,
            "net_income_4q": null,
            "revenue": 877396,
            "revenue_4q": null,
            "common_shares": 4202286,
            "book_valuer_per_share": 15.11,
            "book_valuer_per_share_4q_avg": 15.58,
            "equity": 6351574,
            "current_ratio": 141.59,
            "debt_ratio": 62.76,
            "inventory_turnover_ratio": 0.05,
            "account_receivable_turnover_ratio": null,
            "reinvestment_rate": null,
            "research_to_sale_ratio": null,
            "price_fair": 0,
            "eps_avg_yearly": 0,
            "eps_latest_yearly": 0,
            "eps_growth_yearly": 0
        },
        "20014": {
            "year_quarter": 20014,
            "year": 2001,
            "quarter": 4,
            "eps": -0.34,
            "eps_growth_year": null,
            "eps_4q": -1.28,
            "eps_4q_growth_year": null,
            "roe": -2.29,
            "roe_4q": -8.34,
            "gross_profit": 20376,
            "gross_margin": 6.94,
            "gross_margin_4q_avg": 10.88,
            "net_income": -143654,
            "net_income_4q": null,
            "revenue": 293504,
            "revenue_4q": null,
            "common_shares": 4202286,
            "book_valuer_per_share": 14.77,
            "book_valuer_per_share_4q_avg": 15.38,
            "equity": 6205806,
            "current_ratio": 136.65,
            "debt_ratio": 62.7,
            "inventory_turnover_ratio": 0.02,
            "account_receivable_turnover_ratio": null,
            "reinvestment_rate": null,
            "research_to_sale_ratio": null,
            "price_fair": 0,
            "eps_avg_yearly": 0,
            "eps_latest_yearly": 0,
            "eps_growth_yearly": 0
        },
        "20021": {
            "year_quarter": 20021,
            "year": 2002,
            "quarter": 1,
            "eps": -0.55,
            "eps_growth_year": null,
            "eps_4q": -1.91,
            "eps_4q_growth_year": null,
            "roe": -3.6,
            "roe_4q": -11.96,
            "gross_profit": 11115,
            "gross_margin": 5.63,
            "gross_margin_4q_avg": 9.12,
            "net_income": -218737,
            "net_income_4q": null,
            "revenue": 197528,
            "revenue_4q": null,
            "common_shares": 4202286,
            "book_valuer_per_share": 14.19,
            "book_valuer_per_share_4q_avg": 14.91,
            "equity": 5961367,
            "current_ratio": 133.62,
            "debt_ratio": 64.24,
            "inventory_turnover_ratio": 0.01,
            "account_receivable_turnover_ratio": null,
            "reinvestment_rate": null,
            "research_to_sale_ratio": null,
            "price_fair": 0,
            "eps_avg_yearly": 0,
            "eps_latest_yearly": 0,
            "eps_growth_yearly": 0
        },
        "20022": {
            "year_quarter": 20022,
            "year": 2002,
            "quarter": 2,
            "eps": -0.78,
            "eps_growth_year": null,
            "eps_4q": -2.06,
            "eps_4q_growth_year": null,
            "roe": -5.34,
            "roe_4q": -14.23,
            "gross_profit": -2504,
            "gross_margin": -0.46,
            "gross_margin_4q_avg": 6.34,
            "net_income": -310489,
            "net_income_4q": null,
            "revenue": 548087,
            "revenue_4q": null,
            "common_shares": 4202286,
            "book_valuer_per_share": 13.51,
            "book_valuer_per_share_4q_avg": 14.4,
            "equity": 5677979,
            "current_ratio": 127.56,
            "debt_ratio": 64.94,
            "inventory_turnover_ratio": 0.04,
            "account_receivable_turnover_ratio": null,
            "reinvestment_rate": null,
            "research_to_sale_ratio": null,
            "price_fair": 0,
            "eps_avg_yearly": 0,
            "eps_latest_yearly": 0,
            "eps_growth_yearly": 0
        },
        "20023": {
            "year_quarter": 20023,
            "year": 2002,
            "quarter": 3,
            "eps": -0.5,
            "eps_growth_year": null,
            "eps_4q": -2.08,
            "eps_4q_growth_year": null,
            "roe": -3.6,
            "roe_4q": -14.829999999999998,
            "gross_profit": 7414,
            "gross_margin": 4.94,
            "gross_margin_4q_avg": 4.26,
            "net_income": -200734,
            "net_income_4q": null,
            "revenue": 150015,
            "revenue_4q": null,
            "common_shares": 4202286,
            "book_valuer_per_share": 13.05,
            "book_valuer_per_share_4q_avg": 13.88,
            "equity": 5482245,
            "current_ratio": 125.09,
            "debt_ratio": 66.05,
            "inventory_turnover_ratio": 0.01,
            "account_receivable_turnover_ratio": null,
            "reinvestment_rate": null,
            "research_to_sale_ratio": null,
            "price_fair": 0,
            "eps_avg_yearly": 0,
            "eps_latest_yearly": 0,
            "eps_growth_yearly": 0
        },
        "20024": {
            "year_quarter": 20024,
            "year": 2002,
            "quarter": 4,
            "eps": -0.55,
            "eps_growth_year": null,
            "eps_4q": -2.38,
            "eps_4q_growth_year": null,
            "roe": -4.08,
            "roe_4q": -16.62,
            "gross_profit": 15188,
            "gross_margin": 27.26,
            "gross_margin_4q_avg": 9.34,
            "net_income": -219390,
            "net_income_4q": null,
            "revenue": 55711,
            "revenue_4q": null,
            "common_shares": 4202286,
            "book_valuer_per_share": 12.52,
            "book_valuer_per_share_4q_avg": 13.32,
            "equity": 5260188,
            "current_ratio": 120.58,
            "debt_ratio": 68.11,
            "inventory_turnover_ratio": 0,
            "account_receivable_turnover_ratio": null,
            "reinvestment_rate": null,
            "research_to_sale_ratio": null,
            "price_fair": 0,
            "eps_avg_yearly": 0,
            "eps_latest_yearly": 0,
            "eps_growth_yearly": 0
        },
        "20031": {
            "year_quarter": 20031,
            "year": 2003,
            "quarter": 1,
            "eps": -0.33,
            "eps_growth_year": null,
            "eps_4q": -2.15,
            "eps_4q_growth_year": null,
            "roe": -2.55,
            "roe_4q": -15.57,
            "gross_profit": 15885,
            "gross_margin": 53.05,
            "gross_margin_4q_avg": 21.2,
            "net_income": -132399,
            "net_income_4q": null,
            "revenue": 29942,
            "revenue_4q": null,
            "common_shares": 4202286,
            "book_valuer_per_share": 12.23,
            "book_valuer_per_share_4q_avg": 12.83,
            "equity": 5141362,
            "current_ratio": 119.94,
            "debt_ratio": 68.92,
            "inventory_turnover_ratio": 0,
            "account_receivable_turnover_ratio": null,
            "reinvestment_rate": null,
            "research_to_sale_ratio": null,
            "price_fair": 0,
            "eps_avg_yearly": 0,
            "eps_latest_yearly": 0,
            "eps_growth_yearly": 0
        },
        "20032": {
            "year_quarter": 20032,
            "year": 2003,
            "quarter": 2,
            "eps": -1.37,
            "eps_growth_year": null,
            "eps_4q": -2.62,
            "eps_4q_growth_year": null,
            "roe": -11.25,
            "roe_4q": -21.480000000000004,
            "gross_profit": -8112,
            "gross_margin": -2.27,
            "gross_margin_4q_avg": 20.75,
            "net_income": -547683,
            "net_income_4q": null,
            "revenue": 356688,
            "revenue_4q": null,
            "common_shares": 4202286,
            "book_valuer_per_share": 10.94,
            "book_valuer_per_share_4q_avg": 12.19,
            "equity": 4597862,
            "current_ratio": 112.82,
            "debt_ratio": 71.02,
            "inventory_turnover_ratio": 0.03,
            "account_receivable_turnover_ratio": null,
            "reinvestment_rate": null,
            "research_to_sale_ratio": null,
            "price_fair": 0,
            "eps_avg_yearly": 0,
            "eps_latest_yearly": 0,
            "eps_growth_yearly": 0
        },
        "20033": {
            "year_quarter": 20033,
            "year": 2003,
            "quarter": 3,
            "eps": -0.82,
            "eps_growth_year": null,
            "eps_4q": -2.92,
            "eps_4q_growth_year": null,
            "roe": -7.26,
            "roe_4q": -25.14,
            "gross_profit": 11874,
            "gross_margin": 48.83,
            "gross_margin_4q_avg": 31.72,
            "net_income": -327413,
            "net_income_4q": null,
            "revenue": 24316,
            "revenue_4q": null,
            "common_shares": 4202286,
            "book_valuer_per_share": 10.54,
            "book_valuer_per_share_4q_avg": 11.56,
            "equity": 4427950,
            "current_ratio": 111.42,
            "debt_ratio": 71.97,
            "inventory_turnover_ratio": 0,
            "account_receivable_turnover_ratio": null,
            "reinvestment_rate": null,
            "research_to_sale_ratio": null,
            "price_fair": 0,
            "eps_avg_yearly": 0,
            "eps_latest_yearly": 0,
            "eps_growth_yearly": 0
        },
        "20034": {
            "year_quarter": 20034,
            "year": 2003,
            "quarter": 4,
            "eps": -1.27,
            "eps_growth_year": null,
            "eps_4q": -3.77,
            "eps_4q_growth_year": null,
            "roe": -12.12,
            "roe_4q": -33.18,
            "gross_profit": 115881,
            "gross_margin": 5.11,
            "gross_margin_4q_avg": 26.18,
            "net_income": -510450,
            "net_income_4q": null,
            "revenue": 2269617,
            "revenue_4q": null,
            "common_shares": 4202286,
            "book_valuer_per_share": 9.51,
            "book_valuer_per_share_4q_avg": 10.81,
            "equity": 3998056,
            "current_ratio": 110.62,
            "debt_ratio": 67.58,
            "inventory_turnover_ratio": 0.21,
            "account_receivable_turnover_ratio": null,
            "reinvestment_rate": null,
            "research_to_sale_ratio": null,
            "price_fair": 0,
            "eps_avg_yearly": 0,
            "eps_latest_yearly": 0,
            "eps_growth_yearly": 0
        },
        "20041": {
            "year_quarter": 20041,
            "year": 2004,
            "quarter": 1,
            "eps": -0.28,
            "eps_growth_year": null,
            "eps_4q": -3.62,
            "eps_4q_growth_year": null,
            "roe": -2.92,
            "roe_4q": -33.55,
            "gross_profit": 2384,
            "gross_margin": 1.87,
            "gross_margin_4q_avg": 13.39,
            "net_income": -116160,
            "net_income_4q": null,
            "revenue": 127267,
            "revenue_4q": null,
            "common_shares": 4202286,
            "book_valuer_per_share": 9.39,
            "book_valuer_per_share_4q_avg": 10.1,
            "equity": 3945747,
            "current_ratio": 112.03,
            "debt_ratio": 67.56,
            "inventory_turnover_ratio": 0.01,
            "account_receivable_turnover_ratio": null,
            "reinvestment_rate": null,
            "research_to_sale_ratio": null,
            "price_fair": 0,
            "eps_avg_yearly": 0,
            "eps_latest_yearly": 0,
            "eps_growth_yearly": 0
        },
        "20042": {
            "year_quarter": 20042,
            "year": 2004,
            "quarter": 2,
            "eps": -0.11,
            "eps_growth_year": null,
            "eps_4q": -2.37,
            "eps_4q_growth_year": null,
            "roe": -1.1,
            "roe_4q": -23.4,
            "gross_profit": 8212,
            "gross_margin": 5.58,
            "gross_margin_4q_avg": 15.35,
            "net_income": -43194,
            "net_income_4q": null,
            "revenue": 147036,
            "revenue_4q": null,
            "common_shares": 4202286,
            "book_valuer_per_share": 9.35,
            "book_valuer_per_share_4q_avg": 9.7,
            "equity": 3929111,
            "current_ratio": 107.74,
            "debt_ratio": 67.28,
            "inventory_turnover_ratio": 0.02,
            "account_receivable_turnover_ratio": null,
            "reinvestment_rate": null,
            "research_to_sale_ratio": null,
            "price_fair": 0,
            "eps_avg_yearly": 0,
            "eps_latest_yearly": 0,
            "eps_growth_yearly": 0
        },
        "20043": {
            "year_quarter": 20043,
            "year": 2004,
            "quarter": 3,
            "eps": 0.8,
            "eps_growth_year": null,
            "eps_4q": -1.76,
            "eps_4q_growth_year": null,
            "roe": 5.06,
            "roe_4q": -11.08,
            "gross_profit": 20588,
            "gross_margin": 14.2,
            "gross_margin_4q_avg": 6.69,
            "net_income": 209454,
            "net_income_4q": null,
            "revenue": 144998,
            "revenue_4q": null,
            "common_shares": 3095711,
            "book_valuer_per_share": 14.05,
            "book_valuer_per_share_4q_avg": 10.58,
            "equity": 4350896,
            "current_ratio": 104.9,
            "debt_ratio": 63.82,
            "inventory_turnover_ratio": 0.02,
            "account_receivable_turnover_ratio": null,
            "reinvestment_rate": null,
            "research_to_sale_ratio": null,
            "price_fair": 0,
            "eps_avg_yearly": 0,
            "eps_latest_yearly": 0,
            "eps_growth_yearly": 0
        },
        "20044": {
            "year_quarter": 20044,
            "year": 2004,
            "quarter": 4,
            "eps": -0.07,
            "eps_growth_year": null,
            "eps_4q": 0.11,
            "eps_4q_growth_year": null,
            "roe": -0.47,
            "roe_4q": 0.5699999999999998,
            "gross_profit": 52492,
            "gross_margin": 89.99,
            "gross_margin_4q_avg": 27.91,
            "net_income": -20359,
            "net_income_4q": null,
            "revenue": 58334,
            "revenue_4q": null,
            "common_shares": 3095711,
            "book_valuer_per_share": 13.9,
            "book_valuer_per_share_4q_avg": 11.67,
            "equity": 4302946,
            "current_ratio": 104.49,
            "debt_ratio": 63.84,
            "inventory_turnover_ratio": 0,
            "account_receivable_turnover_ratio": null,
            "reinvestment_rate": null,
            "research_to_sale_ratio": null,
            "price_fair": 0,
            "eps_avg_yearly": 0,
            "eps_latest_yearly": 0,
            "eps_growth_yearly": 0
        },
        "20051": {
            "year_quarter": 20051,
            "year": 2005,
            "quarter": 1,
            "eps": -1.02,
            "eps_growth_year": null,
            "eps_4q": -0.54,
            "eps_4q_growth_year": null,
            "roe": -7.48,
            "roe_4q": -3.9900000000000007,
            "gross_profit": 31563,
            "gross_margin": 78.34,
            "gross_margin_4q_avg": 47.03,
            "net_income": -310347,
            "net_income_4q": null,
            "revenue": 40290,
            "revenue_4q": null,
            "common_shares": 3095711,
            "book_valuer_per_share": 12.9,
            "book_valuer_per_share_4q_avg": 12.55,
            "equity": 3992158,
            "current_ratio": 102.21,
            "debt_ratio": 65.58,
            "inventory_turnover_ratio": 0,
            "account_receivable_turnover_ratio": null,
            "reinvestment_rate": null,
            "research_to_sale_ratio": null,
            "price_fair": 0,
            "eps_avg_yearly": 0,
            "eps_latest_yearly": 0,
            "eps_growth_yearly": 0
        },
        "20052": {
            "year_quarter": 20052,
            "year": 2005,
            "quarter": 2,
            "eps": -0.29,
            "eps_growth_year": null,
            "eps_4q": -0.68,
            "eps_4q_growth_year": null,
            "roe": -2.26,
            "roe_4q": -5.150000000000001,
            "gross_profit": 35699,
            "gross_margin": 49.61,
            "gross_margin_4q_avg": 58.04,
            "net_income": -89239,
            "net_income_4q": null,
            "revenue": 71958,
            "revenue_4q": null,
            "common_shares": 3095711,
            "book_valuer_per_share": 12.61,
            "book_valuer_per_share_4q_avg": 13.37,
            "equity": 3902351,
            "current_ratio": 99.44,
            "debt_ratio": 66.01,
            "inventory_turnover_ratio": 0.01,
            "account_receivable_turnover_ratio": null,
            "reinvestment_rate": null,
            "research_to_sale_ratio": null,
            "price_fair": 0,
            "eps_avg_yearly": 0,
            "eps_latest_yearly": 0,
            "eps_growth_yearly": 0
        },
        "20053": {
            "year_quarter": 20053,
            "year": 2005,
            "quarter": 3,
            "eps": -0.65,
            "eps_growth_year": -181.25,
            "eps_4q": -1.99,
            "eps_4q_growth_year": null,
            "roe": -5.16,
            "roe_4q": -15.370000000000001,
            "gross_profit": 32723,
            "gross_margin": 85.41,
            "gross_margin_4q_avg": 75.84,
            "net_income": -196451,
            "net_income_4q": null,
            "revenue": 38312,
            "revenue_4q": null,
            "common_shares": 3095711,
            "book_valuer_per_share": 12.01,
            "book_valuer_per_share_4q_avg": 12.86,
            "equity": 3717737,
            "current_ratio": 93.25,
            "debt_ratio": 67.61,
            "inventory_turnover_ratio": 0,
            "account_receivable_turnover_ratio": null,
            "reinvestment_rate": null,
            "research_to_sale_ratio": null,
            "price_fair": 0,
            "eps_avg_yearly": 0,
            "eps_latest_yearly": 0,
            "eps_growth_yearly": 0
        },
        "20054": {
            "year_quarter": 20054,
            "year": 2005,
            "quarter": 4,
            "eps": -3.65,
            "eps_growth_year": null,
            "eps_4q": -5.6,
            "eps_4q_growth_year": -5193.39,
            "roe": -35.11,
            "roe_4q": -50.00999999999999,
            "gross_profit": 83821,
            "gross_margin": 30.87,
            "gross_margin_4q_avg": 61.06,
            "net_income": -1111185,
            "net_income_4q": null,
            "revenue": 271522,
            "revenue_4q": null,
            "common_shares": 3095711,
            "book_valuer_per_share": 8.42,
            "book_valuer_per_share_4q_avg": 11.49,
            "equity": 2612688,
            "current_ratio": 92.51,
            "debt_ratio": 72.06,
            "inventory_turnover_ratio": 0.03,
            "account_receivable_turnover_ratio": null,
            "reinvestment_rate": null,
            "research_to_sale_ratio": null,
            "price_fair": 0,
            "eps_avg_yearly": 0,
            "eps_latest_yearly": 0,
            "eps_growth_yearly": 0
        },
        "20061": {
            "year_quarter": 20061,
            "year": 2006,
            "quarter": 1,
            "eps": 0.24,
            "eps_growth_year": null,
            "eps_4q": -4.44,
            "eps_4q_growth_year": null,
            "roe": 2.69,
            "roe_4q": -39.839999999999996,
            "gross_profit": 36685,
            "gross_margin": 69.83,
            "gross_margin_4q_avg": 58.93,
            "net_income": 71644,
            "net_income_4q": null,
            "revenue": 52533,
            "revenue_4q": null,
            "common_shares": 3095711,
            "book_valuer_per_share": 8.74,
            "book_valuer_per_share_4q_avg": 10.45,
            "equity": 2706065,
            "current_ratio": 93.23,
            "debt_ratio": 71.21,
            "inventory_turnover_ratio": 0,
            "account_receivable_turnover_ratio": null,
            "reinvestment_rate": null,
            "research_to_sale_ratio": null,
            "price_fair": 0,
            "eps_avg_yearly": 0,
            "eps_latest_yearly": 0,
            "eps_growth_yearly": 0
        },
        "20062": {
            "year_quarter": 20062,
            "year": 2006,
            "quarter": 2,
            "eps": 0.01,
            "eps_growth_year": null,
            "eps_4q": -3.98,
            "eps_4q_growth_year": null,
            "roe": 0.09,
            "roe_4q": -37.489999999999995,
            "gross_profit": 32375,
            "gross_margin": 62.31,
            "gross_margin_4q_avg": 62.11,
            "net_income": 2503,
            "net_income_4q": null,
            "revenue": 51962,
            "revenue_4q": null,
            "common_shares": 3095711,
            "book_valuer_per_share": 8.83,
            "book_valuer_per_share_4q_avg": 9.5,
            "equity": 2732695,
            "current_ratio": 99.49,
            "debt_ratio": 70.94,
            "inventory_turnover_ratio": 0,
            "account_receivable_turnover_ratio": null,
            "reinvestment_rate": null,
            "research_to_sale_ratio": null,
            "price_fair": 0.12,
            "eps_avg_yearly": 0.04,
            "eps_latest_yearly": 0.04,
            "eps_growth_yearly": -383.33
        },
        "20063": {
            "year_quarter": 20063,
            "year": 2006,
            "quarter": 3,
            "eps": 0.16,
            "eps_growth_year": null,
            "eps_4q": -3.3,
            "eps_4q_growth_year": null,
            "roe": 1.74,
            "roe_4q": -30.59,
            "gross_profit": 27906,
            "gross_margin": 75.7,
            "gross_margin_4q_avg": 59.68,
            "net_income": 47947,
            "net_income_4q": null,
            "revenue": 36862,
            "revenue_4q": null,
            "common_shares": 3095711,
            "book_valuer_per_share": 8.98,
            "book_valuer_per_share_4q_avg": 8.74,
            "equity": 2780636,
            "current_ratio": 97.27,
            "debt_ratio": 70.52,
            "inventory_turnover_ratio": 0,
            "account_receivable_turnover_ratio": null,
            "reinvestment_rate": null,
            "research_to_sale_ratio": null,
            "price_fair": 11.9,
            "eps_avg_yearly": 0.34,
            "eps_latest_yearly": 0.64,
            "eps_growth_yearly": 2808.33
        },
        "20064": {
            "year_quarter": 20064,
            "year": 2006,
            "quarter": 4,
            "eps": 0.14,
            "eps_growth_year": null,
            "eps_4q": 0.54,
            "eps_4q_growth_year": null,
            "roe": 1.53,
            "roe_4q": 6.05,
            "gross_profit": -105292,
            "gross_margin": -9.74,
            "gross_margin_4q_avg": 49.53,
            "net_income": 43220,
            "net_income_4q": null,
            "revenue": 1081321,
            "revenue_4q": null,
            "common_shares": 3095711,
            "book_valuer_per_share": 9.25,
            "book_valuer_per_share_4q_avg": 8.95,
            "equity": 2862632,
            "current_ratio": 94.03,
            "debt_ratio": 69.03,
            "inventory_turnover_ratio": 0.26,
            "account_receivable_turnover_ratio": null,
            "reinvestment_rate": null,
            "research_to_sale_ratio": null,
            "price_fair": 14.47,
            "eps_avg_yearly": 0.41,
            "eps_latest_yearly": 0.56,
            "eps_growth_yearly": 1855.56
        },
        "20071": {
            "year_quarter": 20071,
            "year": 2007,
            "quarter": 1,
            "eps": 0.16,
            "eps_growth_year": -33.33,
            "eps_4q": 0.47,
            "eps_4q_growth_year": null,
            "roe": 1.67,
            "roe_4q": 5.03,
            "gross_profit": -73444,
            "gross_margin": -11.66,
            "gross_margin_4q_avg": 29.15,
            "net_income": 48213,
            "net_income_4q": null,
            "revenue": 630092,
            "revenue_4q": null,
            "common_shares": 3095711,
            "book_valuer_per_share": 9.46,
            "book_valuer_per_share_4q_avg": 9.13,
            "equity": 2928198,
            "current_ratio": 91.49,
            "debt_ratio": 63.56,
            "inventory_turnover_ratio": 0.19,
            "account_receivable_turnover_ratio": null,
            "reinvestment_rate": null,
            "research_to_sale_ratio": null,
            "price_fair": 16.45,
            "eps_avg_yearly": 0.47,
            "eps_latest_yearly": 0.64,
            "eps_growth_yearly": 1405.95
        },
        "20072": {
            "year_quarter": 20072,
            "year": 2007,
            "quarter": 2,
            "eps": 0.2,
            "eps_growth_year": 1900,
            "eps_4q": 0.67,
            "eps_4q_growth_year": null,
            "roe": 2.02,
            "roe_4q": 6.96,
            "gross_profit": -46575,
            "gross_margin": -9.79,
            "gross_margin_4q_avg": 11.13,
            "net_income": 59864,
            "net_income_4q": null,
            "revenue": 475966,
            "revenue_4q": null,
            "common_shares": 3095711,
            "book_valuer_per_share": 9.67,
            "book_valuer_per_share_4q_avg": 9.34,
            "equity": 2994223,
            "current_ratio": 89.53,
            "debt_ratio": 60.51,
            "inventory_turnover_ratio": 0.17,
            "account_receivable_turnover_ratio": null,
            "reinvestment_rate": null,
            "research_to_sale_ratio": null,
            "price_fair": 18.76,
            "eps_avg_yearly": 0.54,
            "eps_latest_yearly": 0.8,
            "eps_growth_yearly": 1144.76
        },
        "20073": {
            "year_quarter": 20073,
            "year": 2007,
            "quarter": 3,
            "eps": 0.25,
            "eps_growth_year": 56.25,
            "eps_4q": 0.74,
            "eps_4q_growth_year": null,
            "roe": 2.51,
            "roe_4q": 7.7299999999999995,
            "gross_profit": 96297,
            "gross_margin": 4.35,
            "gross_margin_4q_avg": -6.71,
            "net_income": 77950,
            "net_income_4q": null,
            "revenue": 2213143,
            "revenue_4q": null,
            "common_shares": 3283211,
            "book_valuer_per_share": 9.81,
            "book_valuer_per_share_4q_avg": 9.55,
            "equity": 3222173,
            "current_ratio": 155.34,
            "debt_ratio": 45.96,
            "inventory_turnover_ratio": 0.78,
            "account_receivable_turnover_ratio": null,
            "reinvestment_rate": null,
            "research_to_sale_ratio": null,
            "price_fair": 21.47,
            "eps_avg_yearly": 0.61,
            "eps_latest_yearly": 1,
            "eps_growth_yearly": 970.63
        },
        "20074": {
            "year_quarter": 20074,
            "year": 2007,
            "quarter": 4,
            "eps": -0.34,
            "eps_growth_year": -342.86,
            "eps_4q": 0.24,
            "eps_4q_growth_year": -54.54,
            "roe": -3.34,
            "roe_4q": 2.86,
            "gross_profit": 8664,
            "gross_margin": 27.57,
            "gross_margin_4q_avg": 2.62,
            "net_income": -104951,
            "net_income_4q": null,
            "revenue": 31420,
            "revenue_4q": null,
            "common_shares": 3283211,
            "book_valuer_per_share": 9.35,
            "book_valuer_per_share_4q_avg": 9.57,
            "equity": 3070070,
            "current_ratio": 155.48,
            "debt_ratio": 48.67,
            "inventory_turnover_ratio": 0.01,
            "account_receivable_turnover_ratio": null,
            "reinvestment_rate": null,
            "research_to_sale_ratio": null,
            "price_fair": 21.47,
            "eps_avg_yearly": 0.61,
            "eps_latest_yearly": 1,
            "eps_growth_yearly": 970.63
        },
        "20081": {
            "year_quarter": 20081,
            "year": 2008,
            "quarter": 1,
            "eps": -0.17,
            "eps_growth_year": -206.25,
            "eps_4q": -0.07,
            "eps_4q_growth_year": -115.08,
            "roe": -1.86,
            "roe_4q": -0.6700000000000004,
            "gross_profit": 6823,
            "gross_margin": 29.46,
            "gross_margin_4q_avg": 12.9,
            "net_income": -56629,
            "net_income_4q": null,
            "revenue": 23162,
            "revenue_4q": null,
            "common_shares": 3283211,
            "book_valuer_per_share": 9.19,
            "book_valuer_per_share_4q_avg": 9.51,
            "equity": 3015207,
            "current_ratio": 143.77,
            "debt_ratio": 50.53,
            "inventory_turnover_ratio": 0,
            "account_receivable_turnover_ratio": null,
            "reinvestment_rate": null,
            "research_to_sale_ratio": null,
            "price_fair": 21.47,
            "eps_avg_yearly": 0.61,
            "eps_latest_yearly": 1,
            "eps_growth_yearly": 970.63
        },
        "20082": {
            "year_quarter": 20082,
            "year": 2008,
            "quarter": 2,
            "eps": -0.06,
            "eps_growth_year": -130,
            "eps_4q": -0.31,
            "eps_4q_growth_year": -147.3,
            "roe": -0.68,
            "roe_4q": -3.37,
            "gross_profit": 69682,
            "gross_margin": 34.42,
            "gross_margin_4q_avg": 23.95,
            "net_income": -20238,
            "net_income_4q": null,
            "revenue": 202446,
            "revenue_4q": null,
            "common_shares": 3283211,
            "book_valuer_per_share": 9.07,
            "book_valuer_per_share_4q_avg": 9.36,
            "equity": 2977776,
            "current_ratio": 144.2,
            "debt_ratio": 53.42,
            "inventory_turnover_ratio": 0.04,
            "account_receivable_turnover_ratio": null,
            "reinvestment_rate": null,
            "research_to_sale_ratio": null,
            "price_fair": 21.47,
            "eps_avg_yearly": 0.61,
            "eps_latest_yearly": 1,
            "eps_growth_yearly": 970.63
        },
        "20083": {
            "year_quarter": 20083,
            "year": 2008,
            "quarter": 3,
            "eps": -0.08,
            "eps_growth_year": -132,
            "eps_4q": -0.63,
            "eps_4q_growth_year": -185.38,
            "roe": -0.84,
            "roe_4q": -6.72,
            "gross_profit": 14275,
            "gross_margin": 44.19,
            "gross_margin_4q_avg": 33.91,
            "net_income": -24868,
            "net_income_4q": null,
            "revenue": 32305,
            "revenue_4q": null,
            "common_shares": 3283211,
            "book_valuer_per_share": 8.96,
            "book_valuer_per_share_4q_avg": 9.14,
            "equity": 2940162,
            "current_ratio": 149.73,
            "debt_ratio": 52.96,
            "inventory_turnover_ratio": 0,
            "account_receivable_turnover_ratio": null,
            "reinvestment_rate": null,
            "research_to_sale_ratio": null,
            "price_fair": 21.47,
            "eps_avg_yearly": 0.61,
            "eps_latest_yearly": 1,
            "eps_growth_yearly": 970.63
        },
        "20084": {
            "year_quarter": 20084,
            "year": 2008,
            "quarter": 4,
            "eps": -1.51,
            "eps_growth_year": null,
            "eps_4q": -1.81,
            "eps_4q_growth_year": -844.93,
            "roe": -18.25,
            "roe_4q": -21.63,
            "gross_profit": -386187,
            "gross_margin": -227.07,
            "gross_margin_4q_avg": -29.75,
            "net_income": -490273,
            "net_income_4q": null,
            "revenue": 170075,
            "revenue_4q": null,
            "common_shares": 3283211,
            "book_valuer_per_share": 7.42,
            "book_valuer_per_share_4q_avg": 8.66,
            "equity": 2434085,
            "current_ratio": 140.39,
            "debt_ratio": 57.59,
            "inventory_turnover_ratio": 0.14,
            "account_receivable_turnover_ratio": 3.15,
            "reinvestment_rate": null,
            "research_to_sale_ratio": null,
            "price_fair": 21.47,
            "eps_avg_yearly": 0.61,
            "eps_latest_yearly": 1,
            "eps_growth_yearly": 970.63
        },
        "20091": {
            "year_quarter": 20091,
            "year": 2009,
            "quarter": 1,
            "eps": 0.09,
            "eps_growth_year": null,
            "eps_4q": -1.49,
            "eps_4q_growth_year": null,
            "roe": 1.24,
            "roe_4q": -18.53,
            "gross_profit": 75652,
            "gross_margin": 32.93,
            "gross_margin_4q_avg": -28.88,
            "net_income": 30418,
            "net_income_4q": null,
            "revenue": 229742,
            "revenue_4q": null,
            "common_shares": 3283211,
            "book_valuer_per_share": 7.59,
            "book_valuer_per_share_4q_avg": 8.26,
            "equity": 2489631,
            "current_ratio": 151.75,
            "debt_ratio": 57.45,
            "inventory_turnover_ratio": 0.04,
            "account_receivable_turnover_ratio": 2.18,
            "reinvestment_rate": null,
            "research_to_sale_ratio": null,
            "price_fair": 21.47,
            "eps_avg_yearly": 0.61,
            "eps_latest_yearly": 1,
            "eps_growth_yearly": 970.63
        },
        "20092": {
            "year_quarter": 20092,
            "year": 2009,
            "quarter": 2,
            "eps": 0.68,
            "eps_growth_year": null,
            "eps_4q": -1.25,
            "eps_4q_growth_year": null,
            "roe": 6.59,
            "roe_4q": -11.26,
            "gross_profit": 224629,
            "gross_margin": 33.6,
            "gross_margin_4q_avg": -29.09,
            "net_income": 170000,
            "net_income_4q": null,
            "revenue": 668552,
            "revenue_4q": null,
            "common_shares": 3283211,
            "book_valuer_per_share": 8.15,
            "book_valuer_per_share_4q_avg": 8.03,
            "equity": 2673121,
            "current_ratio": 155.58,
            "debt_ratio": 54.47,
            "inventory_turnover_ratio": 0.11,
            "account_receivable_turnover_ratio": 6.04,
            "reinvestment_rate": null,
            "research_to_sale_ratio": null,
            "price_fair": 32,
            "eps_avg_yearly": 0.91,
            "eps_latest_yearly": 2.72,
            "eps_growth_yearly": 1206.58
        },
        "20093": {
            "year_quarter": 20093,
            "year": 2009,
            "quarter": 3,
            "eps": 0.25,
            "eps_growth_year": null,
            "eps_4q": -0.89,
            "eps_4q_growth_year": null,
            "roe": 2.32,
            "roe_4q": -8.1,
            "gross_profit": 124025,
            "gross_margin": 39.09,
            "gross_margin_4q_avg": -30.36,
            "net_income": 63194,
            "net_income_4q": null,
            "revenue": 317291,
            "revenue_4q": null,
            "common_shares": 2538915,
            "book_valuer_per_share": 10.93,
            "book_valuer_per_share_4q_avg": 8.52,
            "equity": 2771745,
            "current_ratio": 159.77,
            "debt_ratio": 51.6,
            "inventory_turnover_ratio": 0.05,
            "account_receivable_turnover_ratio": 3,
            "reinvestment_rate": null,
            "research_to_sale_ratio": null,
            "price_fair": 32.38,
            "eps_avg_yearly": 0.93,
            "eps_latest_yearly": 1,
            "eps_growth_yearly": 1024.14
        },
        "20094": {
            "year_quarter": 20094,
            "year": 2009,
            "quarter": 4,
            "eps": 0.28,
            "eps_growth_year": null,
            "eps_4q": 1.34,
            "eps_4q_growth_year": null,
            "roe": 2.5,
            "roe_4q": 12.65,
            "gross_profit": 110597,
            "gross_margin": 26.31,
            "gross_margin_4q_avg": 32.98,
            "net_income": 70312,
            "net_income_4q": null,
            "revenue": 420312,
            "revenue_4q": null,
            "common_shares": 2538915,
            "book_valuer_per_share": 11.38,
            "book_valuer_per_share_4q_avg": 9.51,
            "equity": 2850100,
            "current_ratio": 165.25,
            "debt_ratio": 53.81,
            "inventory_turnover_ratio": 0.08,
            "account_receivable_turnover_ratio": 3.72,
            "reinvestment_rate": null,
            "research_to_sale_ratio": null,
            "price_fair": 33.13,
            "eps_avg_yearly": 0.95,
            "eps_latest_yearly": 1.12,
            "eps_growth_yearly": 915.68
        },
        "20101": {
            "year_quarter": 20101,
            "year": 2010,
            "quarter": 1,
            "eps": 1.32,
            "eps_growth_year": 1366.67,
            "eps_4q": 2.54,
            "eps_4q_growth_year": null,
            "roe": 10.89,
            "roe_4q": 22.3,
            "gross_profit": 126839,
            "gross_margin": 14.9,
            "gross_margin_4q_avg": 28.48,
            "net_income": 329707,
            "net_income_4q": null,
            "revenue": 851122,
            "revenue_4q": null,
            "common_shares": 2538915,
            "book_valuer_per_share": 12.79,
            "book_valuer_per_share_4q_avg": 10.81,
            "equity": 3204362,
            "current_ratio": 191.7,
            "debt_ratio": 48.87,
            "inventory_turnover_ratio": 0.18,
            "account_receivable_turnover_ratio": 7.45,
            "reinvestment_rate": -964.9,
            "research_to_sale_ratio": null,
            "price_fair": 48.3,
            "eps_avg_yearly": 1.38,
            "eps_latest_yearly": 5.28,
            "eps_growth_yearly": 972.68
        },
        "20102": {
            "year_quarter": 20102,
            "year": 2010,
            "quarter": 2,
            "eps": 0.09,
            "eps_growth_year": -86.32,
            "eps_4q": 1.92,
            "eps_4q_growth_year": null,
            "roe": 0.89,
            "roe_4q": 16.6,
            "gross_profit": 104422,
            "gross_margin": 28.93,
            "gross_margin_4q_avg": 27.31,
            "net_income": 27924,
            "net_income_4q": null,
            "revenue": 360889,
            "revenue_4q": null,
            "common_shares": 2538915,
            "book_valuer_per_share": 12.25,
            "book_valuer_per_share_4q_avg": 11.84,
            "equity": 3078441,
            "current_ratio": 196.28,
            "debt_ratio": 48.01,
            "inventory_turnover_ratio": 0.07,
            "account_receivable_turnover_ratio": 3.65,
            "reinvestment_rate": -746.07,
            "research_to_sale_ratio": null,
            "price_fair": 49.42,
            "eps_avg_yearly": 1.41,
            "eps_latest_yearly": 0.36,
            "eps_growth_yearly": 973.74
        },
        "20103": {
            "year_quarter": 20103,
            "year": 2010,
            "quarter": 3,
            "eps": 0.64,
            "eps_growth_year": 154.79,
            "eps_4q": 2.3,
            "eps_4q_growth_year": null,
            "roe": 5.07,
            "roe_4q": 19.35,
            "gross_profit": 101434,
            "gross_margin": 39.48,
            "gross_margin_4q_avg": 27.41,
            "net_income": 161145,
            "net_income_4q": null,
            "revenue": 256955,
            "revenue_4q": null,
            "common_shares": 2589694,
            "book_valuer_per_share": 12.64,
            "book_valuer_per_share_4q_avg": 12.27,
            "equity": 3284089,
            "current_ratio": 205.73,
            "debt_ratio": 45.93,
            "inventory_turnover_ratio": 0.04,
            "account_receivable_turnover_ratio": 1.31,
            "reinvestment_rate": -565.04,
            "research_to_sale_ratio": null,
            "price_fair": 56.14,
            "eps_avg_yearly": 1.6,
            "eps_latest_yearly": 2.56,
            "eps_growth_yearly": 618.19
        },
        "20104": {
            "year_quarter": 20104,
            "year": 2010,
            "quarter": 4,
            "eps": 0.24,
            "eps_growth_year": -15.31,
            "eps_4q": 2.26,
            "eps_4q_growth_year": 69.3,
            "roe": 1.94,
            "roe_4q": 18.79,
            "gross_profit": 135298,
            "gross_margin": 39,
            "gross_margin_4q_avg": 30.58,
            "net_income": 64327,
            "net_income_4q": null,
            "revenue": 346879,
            "revenue_4q": null,
            "common_shares": 2589694,
            "book_valuer_per_share": 12.87,
            "book_valuer_per_share_4q_avg": 12.64,
            "equity": 3346622,
            "current_ratio": 204.83,
            "debt_ratio": 46.66,
            "inventory_turnover_ratio": 0.06,
            "account_receivable_turnover_ratio": 1.81,
            "reinvestment_rate": -685.36,
            "research_to_sale_ratio": null,
            "price_fair": 57.54,
            "eps_avg_yearly": 1.64,
            "eps_latest_yearly": 0.96,
            "eps_growth_yearly": 598.19
        },
        "20111": {
            "year_quarter": 20111,
            "year": 2011,
            "quarter": 1,
            "eps": 1.23,
            "eps_growth_year": -6.82,
            "eps_4q": 2.2,
            "eps_4q_growth_year": -13.15,
            "roe": 8.98,
            "roe_4q": 16.88,
            "gross_profit": 268157,
            "gross_margin": 36.47,
            "gross_margin_4q_avg": 35.97,
            "net_income": 314481,
            "net_income_4q": null,
            "revenue": 735205,
            "revenue_4q": null,
            "common_shares": 2589694,
            "book_valuer_per_share": 14.1,
            "book_valuer_per_share_4q_avg": 12.97,
            "equity": 3658685,
            "current_ratio": 290.89,
            "debt_ratio": 56.85,
            "inventory_turnover_ratio": 0.08,
            "account_receivable_turnover_ratio": 3.92,
            "reinvestment_rate": -364.13,
            "research_to_sale_ratio": null,
            "price_fair": 72.52,
            "eps_avg_yearly": 2.07,
            "eps_latest_yearly": 4.92,
            "eps_growth_yearly": 757.47
        },
        "20112": {
            "year_quarter": 20112,
            "year": 2011,
            "quarter": 2,
            "eps": 0.04,
            "eps_growth_year": -62.17,
            "eps_4q": 2.09,
            "eps_4q_growth_year": 9.33,
            "roe": 0.21,
            "roe_4q": 16.200000000000003,
            "gross_profit": 108523,
            "gross_margin": 24.26,
            "gross_margin_4q_avg": 34.8,
            "net_income": 7410,
            "net_income_4q": null,
            "revenue": 447328,
            "revenue_4q": null,
            "common_shares": 2589694,
            "book_valuer_per_share": 13.02,
            "book_valuer_per_share_4q_avg": 13.16,
            "equity": 3381229,
            "current_ratio": 402.88,
            "debt_ratio": 51.97,
            "inventory_turnover_ratio": 0.05,
            "account_receivable_turnover_ratio": 1.98,
            "reinvestment_rate": -403.35,
            "research_to_sale_ratio": null,
            "price_fair": 70.28,
            "eps_avg_yearly": 2.01,
            "eps_latest_yearly": 0.16,
            "eps_growth_yearly": 708.77
        },
        "20113": {
            "year_quarter": 20113,
            "year": 2011,
            "quarter": 3,
            "eps": -0.11,
            "eps_growth_year": -117.04,
            "eps_4q": 1.36,
            "eps_4q_growth_year": -40.79,
            "roe": -0.88,
            "roe_4q": 10.25,
            "gross_profit": 5786,
            "gross_margin": 15.31,
            "gross_margin_4q_avg": 28.76,
            "net_income": -29608,
            "net_income_4q": null,
            "revenue": 37786,
            "revenue_4q": null,
            "common_shares": 2654436,
            "book_valuer_per_share": 12.6,
            "book_valuer_per_share_4q_avg": 13.15,
            "equity": 3351568,
            "current_ratio": 392.8,
            "debt_ratio": 52.69,
            "inventory_turnover_ratio": 0.01,
            "account_receivable_turnover_ratio": 0.28,
            "reinvestment_rate": -145.73,
            "research_to_sale_ratio": null,
            "price_fair": 74.2,
            "eps_avg_yearly": 2.12,
            "eps_latest_yearly": 0.16,
            "eps_growth_yearly": 776.41
        },
        "20114": {
            "year_quarter": 20114,
            "year": 2011,
            "quarter": 4,
            "eps": -0.13,
            "eps_growth_year": -154.94,
            "eps_4q": 1,
            "eps_4q_growth_year": -55.7,
            "roe": -1.09,
            "roe_4q": 7.220000000000001,
            "gross_profit": 17025,
            "gross_margin": 18.25,
            "gross_margin_4q_avg": 23.57,
            "net_income": -36207,
            "net_income_4q": null,
            "revenue": 93295,
            "revenue_4q": null,
            "common_shares": 2654436,
            "book_valuer_per_share": 12.47,
            "book_valuer_per_share_4q_avg": 13.05,
            "equity": 3315360,
            "current_ratio": 512.24,
            "debt_ratio": 53.07,
            "inventory_turnover_ratio": 0.01,
            "account_receivable_turnover_ratio": 34.48,
            "reinvestment_rate": -180.6,
            "research_to_sale_ratio": null,
            "price_fair": 74.2,
            "eps_avg_yearly": 2.12,
            "eps_latest_yearly": 0.16,
            "eps_growth_yearly": 776.41
        },
        "20121": {
            "year_quarter": 20121,
            "year": 2012,
            "quarter": 1,
            "eps": 0.28,
            "eps_growth_year": -77.24,
            "eps_4q": 0.08,
            "eps_4q_growth_year": -96.25,
            "roe": 2.18,
            "roe_4q": 0.42000000000000004,
            "gross_profit": 25668,
            "gross_margin": 37.49,
            "gross_margin_4q_avg": 23.83,
            "net_income": 73060,
            "net_income_4q": null,
            "revenue": 68474,
            "revenue_4q": null,
            "common_shares": 2654436,
            "book_valuer_per_share": 12.75,
            "book_valuer_per_share_4q_avg": 12.71,
            "equity": 3388420,
            "current_ratio": 355.26,
            "debt_ratio": 52.75,
            "inventory_turnover_ratio": 0.01,
            "account_receivable_turnover_ratio": 47.72,
            "reinvestment_rate": -161.63,
            "research_to_sale_ratio": null,
            "price_fair": 74.2,
            "eps_avg_yearly": 2.12,
            "eps_latest_yearly": 0.16,
            "eps_growth_yearly": 776.41
        },
        "20122": {
            "year_quarter": 20122,
            "year": 2012,
            "quarter": 2,
            "eps": -0.02,
            "eps_growth_year": -160.04,
            "eps_4q": 0.03,
            "eps_4q_growth_year": -98.78,
            "roe": -0.26,
            "roe_4q": -0.04999999999999993,
            "gross_profit": 17508,
            "gross_margin": 38.26,
            "gross_margin_4q_avg": 27.33,
            "net_income": -8678,
            "net_income_4q": null,
            "revenue": 45759,
            "revenue_4q": null,
            "common_shares": 2654436,
            "book_valuer_per_share": 12.43,
            "book_valuer_per_share_4q_avg": 12.56,
            "equity": 3300097,
            "current_ratio": 330.53,
            "debt_ratio": 54.59,
            "inventory_turnover_ratio": 0,
            "account_receivable_turnover_ratio": 16.31,
            "reinvestment_rate": -156.57,
            "research_to_sale_ratio": null,
            "price_fair": 74.2,
            "eps_avg_yearly": 2.12,
            "eps_latest_yearly": 0.16,
            "eps_growth_yearly": 776.41
        },
        "20123": {
            "year_quarter": 20123,
            "year": 2012,
            "quarter": 3,
            "eps": -0.03,
            "eps_growth_year": null,
            "eps_4q": 0.1,
            "eps_4q_growth_year": -92.42,
            "roe": -0.29,
            "roe_4q": 0.54,
            "gross_profit": 17812,
            "gross_margin": 31.88,
            "gross_margin_4q_avg": 31.47,
            "net_income": -9515,
            "net_income_4q": null,
            "revenue": 55880,
            "revenue_4q": null,
            "common_shares": 2707525,
            "book_valuer_per_share": 12.16,
            "book_valuer_per_share_4q_avg": 12.45,
            "equity": 3290582,
            "current_ratio": 332.31,
            "debt_ratio": 54.54,
            "inventory_turnover_ratio": 0.01,
            "account_receivable_turnover_ratio": 32.11,
            "reinvestment_rate": -137.63,
            "research_to_sale_ratio": null,
            "price_fair": 74.2,
            "eps_avg_yearly": 2.12,
            "eps_latest_yearly": 0.16,
            "eps_growth_yearly": 776.41
        },
        "20124": {
            "year_quarter": 20124,
            "year": 2012,
            "quarter": 4,
            "eps": -0.03,
            "eps_growth_year": null,
            "eps_4q": 0.2,
            "eps_4q_growth_year": -80.2,
            "roe": -0.37,
            "roe_4q": 1.2600000000000002,
            "gross_profit": 27893,
            "gross_margin": 30.39,
            "gross_margin_4q_avg": 34.51,
            "net_income": -12261,
            "net_income_4q": null,
            "revenue": 91777,
            "revenue_4q": null,
            "common_shares": 2707525,
            "book_valuer_per_share": 12.12,
            "book_valuer_per_share_4q_avg": 12.37,
            "equity": 3277964,
            "current_ratio": 336.24,
            "debt_ratio": 54.52,
            "inventory_turnover_ratio": 0.01,
            "account_receivable_turnover_ratio": 33.76,
            "reinvestment_rate": -65.59,
            "research_to_sale_ratio": null,
            "price_fair": 74.2,
            "eps_avg_yearly": 2.12,
            "eps_latest_yearly": 0.16,
            "eps_growth_yearly": 776.41
        },
        "20131": {
            "year_quarter": 20131,
            "year": 2013,
            "quarter": 1,
            "eps": 0.38,
            "eps_growth_year": 35.71,
            "eps_4q": 0.29,
            "eps_4q_growth_year": 256.1,
            "roe": 3,
            "roe_4q": 2.08,
            "gross_profit": 158587,
            "gross_margin": 38.16,
            "gross_margin_4q_avg": 34.67,
            "net_income": 98021,
            "net_income_4q": null,
            "revenue": 415594,
            "revenue_4q": null,
            "common_shares": 2707525,
            "book_valuer_per_share": 12.03,
            "book_valuer_per_share_4q_avg": 12.19,
            "equity": 3266264,
            "current_ratio": 207.59,
            "debt_ratio": 54.16,
            "inventory_turnover_ratio": 0.04,
            "account_receivable_turnover_ratio": 98.75,
            "reinvestment_rate": -42.54,
            "research_to_sale_ratio": null,
            "price_fair": 74.2,
            "eps_avg_yearly": 2.12,
            "eps_latest_yearly": 0.16,
            "eps_growth_yearly": 776.41
        },
        "20132": {
            "year_quarter": 20132,
            "year": 2013,
            "quarter": 2,
            "eps": -0.1,
            "eps_growth_year": null,
            "eps_4q": 0.22,
            "eps_4q_growth_year": 766.62,
            "roe": -0.89,
            "roe_4q": 1.4499999999999997,
            "gross_profit": 26568,
            "gross_margin": 17.47,
            "gross_margin_4q_avg": 29.48,
            "net_income": -28827,
            "net_income_4q": null,
            "revenue": 152111,
            "revenue_4q": null,
            "common_shares": 2707525,
            "book_valuer_per_share": 11.78,
            "book_valuer_per_share_4q_avg": 12.02,
            "equity": 3203393,
            "current_ratio": 198.41,
            "debt_ratio": 56.14,
            "inventory_turnover_ratio": 0.02,
            "account_receivable_turnover_ratio": 52.95,
            "reinvestment_rate": -64.19,
            "research_to_sale_ratio": null,
            "price_fair": 71.58,
            "eps_avg_yearly": 2.05,
            "eps_latest_yearly": 0.16,
            "eps_growth_yearly": 545.69
        },
        "20133": {
            "year_quarter": 20133,
            "year": 2013,
            "quarter": 3,
            "eps": -0.21,
            "eps_growth_year": null,
            "eps_4q": 0.04,
            "eps_4q_growth_year": -63.31,
            "roe": -1.86,
            "roe_4q": -0.12,
            "gross_profit": 12772,
            "gross_margin": 37.91,
            "gross_margin_4q_avg": 30.98,
            "net_income": -59134,
            "net_income_4q": null,
            "revenue": 33689,
            "revenue_4q": null,
            "common_shares": 2707525,
            "book_valuer_per_share": 11.57,
            "book_valuer_per_share_4q_avg": 11.88,
            "equity": 3144259,
            "current_ratio": 186.14,
            "debt_ratio": 59.03,
            "inventory_turnover_ratio": 0,
            "account_receivable_turnover_ratio": 17.33,
            "reinvestment_rate": -59.34,
            "research_to_sale_ratio": null,
            "price_fair": 76.8,
            "eps_avg_yearly": 2.19,
            "eps_latest_yearly": 0.16,
            "eps_growth_yearly": 659.78
        },
        "20134": {
            "year_quarter": 20134,
            "year": 2013,
            "quarter": 4,
            "eps": -0.2,
            "eps_growth_year": null,
            "eps_4q": -0.13,
            "eps_4q_growth_year": -166.3,
            "roe": -1.83,
            "roe_4q": -1.58,
            "gross_profit": 1603,
            "gross_margin": 100.06,
            "gross_margin_4q_avg": 48.4,
            "net_income": -57714,
            "net_income_4q": null,
            "revenue": 1602,
            "revenue_4q": null,
            "common_shares": 2707525,
            "book_valuer_per_share": 11.39,
            "book_valuer_per_share_4q_avg": 11.69,
            "equity": 3156846,
            "current_ratio": 161.35,
            "debt_ratio": 60.95,
            "inventory_turnover_ratio": 0,
            "account_receivable_turnover_ratio": 0.13,
            "reinvestment_rate": -68.67,
            "research_to_sale_ratio": null,
            "price_fair": 83.07,
            "eps_avg_yearly": 2.37,
            "eps_latest_yearly": 0.16,
            "eps_growth_yearly": 761.74
        },
        "20141": {
            "year_quarter": 20141,
            "year": 2014,
            "quarter": 1,
            "eps": -0.12,
            "eps_growth_year": -131.58,
            "eps_4q": -0.63,
            "eps_4q_growth_year": -312.34,
            "roe": -1.07,
            "roe_4q": -5.65,
            "gross_profit": 589,
            "gross_margin": 21.28,
            "gross_margin_4q_avg": 44.18,
            "net_income": -33686,
            "net_income_4q": null,
            "revenue": 2768,
            "revenue_4q": null,
            "common_shares": 2707525,
            "book_valuer_per_share": 11.28,
            "book_valuer_per_share_4q_avg": 11.51,
            "equity": 3123160,
            "current_ratio": 156.76,
            "debt_ratio": 61.74,
            "inventory_turnover_ratio": 0,
            "account_receivable_turnover_ratio": 0.19,
            "reinvestment_rate": -43.28,
            "research_to_sale_ratio": null,
            "price_fair": 62.72,
            "eps_avg_yearly": 1.79,
            "eps_latest_yearly": 0.16,
            "eps_growth_yearly": 616.95
        },
        "20142": {
            "year_quarter": 20142,
            "year": 2014,
            "quarter": 2,
            "eps": -0.08,
            "eps_growth_year": null,
            "eps_4q": -0.61,
            "eps_4q_growth_year": -377.76,
            "roe": -0.8,
            "roe_4q": -5.5600000000000005,
            "gross_profit": 906,
            "gross_margin": 29.38,
            "gross_margin_4q_avg": 47.16,
            "net_income": -24825,
            "net_income_4q": null,
            "revenue": 3084,
            "revenue_4q": null,
            "common_shares": 2707525,
            "book_valuer_per_share": 11.19,
            "book_valuer_per_share_4q_avg": 11.36,
            "equity": 3098335,
            "current_ratio": 153.87,
            "debt_ratio": 62.91,
            "inventory_turnover_ratio": 0,
            "account_receivable_turnover_ratio": 0.66,
            "reinvestment_rate": -42.33,
            "research_to_sale_ratio": null,
            "price_fair": 75.25,
            "eps_avg_yearly": 2.15,
            "eps_latest_yearly": 0.16,
            "eps_growth_yearly": 864.36
        },
        "20143": {
            "year_quarter": 20143,
            "year": 2014,
            "quarter": 3,
            "eps": -0.13,
            "eps_growth_year": null,
            "eps_4q": -0.53,
            "eps_4q_growth_year": -1493.28,
            "roe": -1.18,
            "roe_4q": -4.88,
            "gross_profit": 1974,
            "gross_margin": 100,
            "gross_margin_4q_avg": 62.68,
            "net_income": -36449,
            "net_income_4q": null,
            "revenue": 1974,
            "revenue_4q": null,
            "common_shares": 2707525,
            "book_valuer_per_share": 11.07,
            "book_valuer_per_share_4q_avg": 11.23,
            "equity": 3061881,
            "current_ratio": 153.29,
            "debt_ratio": 63.16,
            "inventory_turnover_ratio": 0,
            "account_receivable_turnover_ratio": 0.57,
            "reinvestment_rate": -78.5,
            "research_to_sale_ratio": null,
            "price_fair": 70.47,
            "eps_avg_yearly": 2.01,
            "eps_latest_yearly": 0.16,
            "eps_growth_yearly": 337.67
        },
        "20144": {
            "year_quarter": 20144,
            "year": 2014,
            "quarter": 4,
            "eps": -0.32,
            "eps_growth_year": null,
            "eps_4q": -0.65,
            "eps_4q_growth_year": null,
            "roe": -2.99,
            "roe_4q": -6.04,
            "gross_profit": 2024,
            "gross_margin": 100,
            "gross_margin_4q_avg": 62.67,
            "net_income": -90142,
            "net_income_4q": null,
            "revenue": 2024,
            "revenue_4q": null,
            "common_shares": 2707525,
            "book_valuer_per_share": 10.74,
            "book_valuer_per_share_4q_avg": 11.07,
            "equity": 2972374,
            "current_ratio": 151.45,
            "debt_ratio": 64.53,
            "inventory_turnover_ratio": 0,
            "account_receivable_turnover_ratio": 0.25,
            "reinvestment_rate": -118.89,
            "research_to_sale_ratio": null,
            "price_fair": 88.9,
            "eps_avg_yearly": 2.54,
            "eps_latest_yearly": 0.16,
            "eps_growth_yearly": 631.5
        },
        "20151": {
            "year_quarter": 20151,
            "year": 2015,
            "quarter": 1,
            "eps": -0.05,
            "eps_growth_year": null,
            "eps_4q": -0.58,
            "eps_4q_growth_year": null,
            "roe": -0.5,
            "roe_4q": -5.47,
            "gross_profit": 1994,
            "gross_margin": 100,
            "gross_margin_4q_avg": 82.35,
            "net_income": -14684,
            "net_income_4q": null,
            "revenue": 1994,
            "revenue_4q": null,
            "common_shares": 2707525,
            "book_valuer_per_share": 10.7,
            "book_valuer_per_share_4q_avg": 10.93,
            "equity": 2957690,
            "current_ratio": 150.08,
            "debt_ratio": 65.12,
            "inventory_turnover_ratio": 0,
            "account_receivable_turnover_ratio": 0.23,
            "reinvestment_rate": null,
            "research_to_sale_ratio": null,
            "price_fair": 0.48,
            "eps_avg_yearly": 0.16,
            "eps_latest_yearly": 0.16,
            "eps_growth_yearly": -386.99
        },
        "20152": {
            "year_quarter": 20152,
            "year": 2015,
            "quarter": 2,
            "eps": -0.06,
            "eps_growth_year": null,
            "eps_4q": -0.56,
            "eps_4q_growth_year": null,
            "roe": -0.64,
            "roe_4q": -5.3100000000000005,
            "gross_profit": 1983,
            "gross_margin": 100,
            "gross_margin_4q_avg": 100,
            "net_income": -18860,
            "net_income_4q": null,
            "revenue": 1983,
            "revenue_4q": null,
            "common_shares": 2707525,
            "book_valuer_per_share": 10.63,
            "book_valuer_per_share_4q_avg": 10.79,
            "equity": 2938830,
            "current_ratio": 147.76,
            "debt_ratio": 66.18,
            "inventory_turnover_ratio": 0,
            "account_receivable_turnover_ratio": 0.54,
            "reinvestment_rate": null,
            "research_to_sale_ratio": null,
            "price_fair": 0,
            "eps_avg_yearly": 0,
            "eps_latest_yearly": 0,
            "eps_growth_yearly": 0
        },
        "20153": {
            "year_quarter": 20153,
            "year": 2015,
            "quarter": 3,
            "eps": 0.26,
            "eps_growth_year": null,
            "eps_4q": -0.17,
            "eps_4q_growth_year": null,
            "roe": 2.25,
            "roe_4q": -1.8800000000000003,
            "gross_profit": 107458,
            "gross_margin": 25.72,
            "gross_margin_4q_avg": 81.43,
            "net_income": 66926,
            "net_income_4q": null,
            "revenue": 417798,
            "revenue_4q": null,
            "common_shares": 2707525,
            "book_valuer_per_share": 10.91,
            "book_valuer_per_share_4q_avg": 10.75,
            "equity": 3018880,
            "current_ratio": 147.63,
            "debt_ratio": 66.27,
            "inventory_turnover_ratio": 0.04,
            "account_receivable_turnover_ratio": 15,
            "reinvestment_rate": null,
            "research_to_sale_ratio": null,
            "price_fair": 0,
            "eps_avg_yearly": 0,
            "eps_latest_yearly": 0,
            "eps_growth_yearly": 0
        },
        "20154": {
            "year_quarter": 20154,
            "year": 2015,
            "quarter": 4,
            "eps": 2.44,
            "eps_growth_year": null,
            "eps_4q": 2.59,
            "eps_4q_growth_year": null,
            "roe": 19.06,
            "roe_4q": 20.169999999999998,
            "gross_profit": 831611,
            "gross_margin": 29.72,
            "gross_margin_4q_avg": 63.86,
            "net_income": 651536,
            "net_income_4q": null,
            "revenue": 2798524,
            "revenue_4q": null,
            "common_shares": 2707525,
            "book_valuer_per_share": 13.25,
            "book_valuer_per_share_4q_avg": 11.37,
            "equity": 3819399,
            "current_ratio": 197.99,
            "debt_ratio": 49.34,
            "inventory_turnover_ratio": 0.3,
            "account_receivable_turnover_ratio": 71.84,
            "reinvestment_rate": -14.49,
            "research_to_sale_ratio": null,
            "price_fair": 341.6,
            "eps_avg_yearly": 9.76,
            "eps_latest_yearly": 9.76,
            "eps_growth_yearly": 3353.85
        },
        "20161": {
            "year_quarter": 20161,
            "year": 2016,
            "quarter": 1,
            "eps": 2.07,
            "eps_growth_year": null,
            "eps_4q": 4.71,
            "eps_4q_growth_year": null,
            "roe": 13.5,
            "roe_4q": 34.17,
            "gross_profit": 712700,
            "gross_margin": 31.58,
            "gross_margin_4q_avg": 46.76,
            "net_income": 553109,
            "net_income_4q": null,
            "revenue": 2256630,
            "revenue_4q": null,
            "common_shares": 2707525,
            "book_valuer_per_share": 15.32,
            "book_valuer_per_share_4q_avg": 12.53,
            "equity": 4372508,
            "current_ratio": 420.16,
            "debt_ratio": 23.81,
            "inventory_turnover_ratio": 0.31,
            "account_receivable_turnover_ratio": 25.88,
            "reinvestment_rate": -16.71,
            "research_to_sale_ratio": null,
            "price_fair": 315.7,
            "eps_avg_yearly": 9.02,
            "eps_latest_yearly": 8.28,
            "eps_growth_yearly": 1646.6
        },
        "20162": {
            "year_quarter": 20162,
            "year": 2016,
            "quarter": 2,
            "eps": -0.22,
            "eps_growth_year": null,
            "eps_4q": 4.55,
            "eps_4q_growth_year": null,
            "roe": -1.45,
            "roe_4q": 33.36,
            "gross_profit": 2246,
            "gross_margin": 100,
            "gross_margin_4q_avg": 46.76,
            "net_income": -59853,
            "net_income_4q": null,
            "revenue": 2246,
            "revenue_4q": null,
            "common_shares": 2707525,
            "book_valuer_per_share": 13.49,
            "book_valuer_per_share_4q_avg": 13.24,
            "equity": 3879451,
            "current_ratio": 298.74,
            "debt_ratio": 33.3,
            "inventory_turnover_ratio": 0,
            "account_receivable_turnover_ratio": 0.02,
            "reinvestment_rate": -8.14,
            "research_to_sale_ratio": null,
            "price_fair": 315.7,
            "eps_avg_yearly": 9.02,
            "eps_latest_yearly": 8.28,
            "eps_growth_yearly": 1646.6
        },
        "20163": {
            "year_quarter": 20163,
            "year": 2016,
            "quarter": 3,
            "eps": -0.08,
            "eps_growth_year": -130.77,
            "eps_4q": 4.21,
            "eps_4q_growth_year": null,
            "roe": -0.55,
            "roe_4q": 30.56,
            "gross_profit": 20422,
            "gross_margin": 21.5,
            "gross_margin_4q_avg": 45.7,
            "net_income": -21371,
            "net_income_4q": null,
            "revenue": 95001,
            "revenue_4q": null,
            "common_shares": 2707525,
            "book_valuer_per_share": 13.4,
            "book_valuer_per_share_4q_avg": 13.87,
            "equity": 3858080,
            "current_ratio": 325.02,
            "debt_ratio": 30.65,
            "inventory_turnover_ratio": 0.02,
            "account_receivable_turnover_ratio": 0.93,
            "reinvestment_rate": -8.51,
            "research_to_sale_ratio": null,
            "price_fair": 315.7,
            "eps_avg_yearly": 9.02,
            "eps_latest_yearly": 8.28,
            "eps_growth_yearly": 1646.6
        },
        "20164": {
            "year_quarter": 20164,
            "year": 2016,
            "quarter": 4,
            "eps": -0.2,
            "eps_growth_year": -108.14,
            "eps_4q": 1.57,
            "eps_4q_growth_year": -39.35,
            "roe": -1.45,
            "roe_4q": 10.05,
            "gross_profit": 684,
            "gross_margin": 17.78,
            "gross_margin_4q_avg": 42.72,
            "net_income": -55709,
            "net_income_4q": null,
            "revenue": 3846,
            "revenue_4q": null,
            "common_shares": 2707525,
            "book_valuer_per_share": 13.2,
            "book_valuer_per_share_4q_avg": 13.85,
            "equity": 3801732,
            "current_ratio": 254.57,
            "debt_ratio": 39.07,
            "inventory_turnover_ratio": 0,
            "account_receivable_turnover_ratio": 0.05,
            "reinvestment_rate": -17.26,
            "research_to_sale_ratio": null,
            "price_fair": 315.7,
            "eps_avg_yearly": 9.02,
            "eps_latest_yearly": 8.28,
            "eps_growth_yearly": 1646.6
        },
        "20171": {
            "year_quarter": 20171,
            "year": 2017,
            "quarter": 1,
            "eps": -0.11,
            "eps_growth_year": -105.31,
            "eps_4q": -0.61,
            "eps_4q_growth_year": -112.99,
            "roe": -0.84,
            "roe_4q": -4.29,
            "gross_profit": 13034,
            "gross_margin": 22.35,
            "gross_margin_4q_avg": 40.41,
            "net_income": -31923,
            "net_income_4q": null,
            "revenue": 58329,
            "revenue_4q": null,
            "common_shares": 2707525,
            "book_valuer_per_share": 13.09,
            "book_valuer_per_share_4q_avg": 13.3,
            "equity": 3769809,
            "current_ratio": 257.47,
            "debt_ratio": 38.6,
            "inventory_turnover_ratio": 0.01,
            "account_receivable_turnover_ratio": 0.75,
            "reinvestment_rate": -11.1,
            "research_to_sale_ratio": null,
            "price_fair": 315.7,
            "eps_avg_yearly": 9.02,
            "eps_latest_yearly": 8.28,
            "eps_growth_yearly": 1646.6
        },
        "20172": {
            "year_quarter": 20172,
            "year": 2017,
            "quarter": 2,
            "eps": -0.11,
            "eps_growth_year": null,
            "eps_4q": -0.5,
            "eps_4q_growth_year": -110.93,
            "roe": -0.8,
            "roe_4q": -3.6399999999999997,
            "gross_profit": 2335,
            "gross_margin": 100,
            "gross_margin_4q_avg": 40.41,
            "net_income": -29180,
            "net_income_4q": null,
            "revenue": 2335,
            "revenue_4q": null,
            "common_shares": 2707525,
            "book_valuer_per_share": 12.18,
            "book_valuer_per_share_4q_avg": 12.97,
            "equity": 3524027,
            "current_ratio": 246.22,
            "debt_ratio": 40.36,
            "inventory_turnover_ratio": 0,
            "account_receivable_turnover_ratio": 0.05,
            "reinvestment_rate": -11.19,
            "research_to_sale_ratio": null,
            "price_fair": 315.7,
            "eps_avg_yearly": 9.02,
            "eps_latest_yearly": 8.28,
            "eps_growth_yearly": 1646.6
        },
        "20173": {
            "year_quarter": 20173,
            "year": 2017,
            "quarter": 3,
            "eps": -0.07,
            "eps_growth_year": null,
            "eps_4q": -0.49,
            "eps_4q_growth_year": -111.64,
            "roe": -0.6,
            "roe_4q": -3.6899999999999995,
            "gross_profit": -5071,
            "gross_margin": -68,
            "gross_margin_4q_avg": 18.03,
            "net_income": -21258,
            "net_income_4q": null,
            "revenue": 7457,
            "revenue_4q": null,
            "common_shares": 2707525,
            "book_valuer_per_share": 12.1,
            "book_valuer_per_share_4q_avg": 12.64,
            "equity": 3502870,
            "current_ratio": 533.03,
            "debt_ratio": 38.95,
            "inventory_turnover_ratio": 0,
            "account_receivable_turnover_ratio": 0.86,
            "reinvestment_rate": -10.45,
            "research_to_sale_ratio": null,
            "price_fair": 315.7,
            "eps_avg_yearly": 9.02,
            "eps_latest_yearly": 8.28,
            "eps_growth_yearly": 1646.6
        },
        "20174": {
            "year_quarter": 20174,
            "year": 2017,
            "quarter": 4,
            "eps": -0.13,
            "eps_growth_year": null,
            "eps_4q": -0.43,
            "eps_4q_growth_year": -127.12,
            "roe": -1.15,
            "roe_4q": -3.3899999999999997,
            "gross_profit": 1104,
            "gross_margin": 100,
            "gross_margin_4q_avg": 38.59,
            "net_income": -40048,
            "net_income_4q": null,
            "revenue": 1104,
            "revenue_4q": null,
            "common_shares": 2707525,
            "book_valuer_per_share": 11.97,
            "book_valuer_per_share_4q_avg": 12.34,
            "equity": 3462824,
            "current_ratio": 351.74,
            "debt_ratio": 39.66,
            "inventory_turnover_ratio": 0,
            "account_receivable_turnover_ratio": 0.22,
            "reinvestment_rate": -3.04,
            "research_to_sale_ratio": null,
            "price_fair": 315.7,
            "eps_avg_yearly": 9.02,
            "eps_latest_yearly": 8.28,
            "eps_growth_yearly": 1646.6
        },
        "20181": {
            "year_quarter": 20181,
            "year": 2018,
            "quarter": 1,
            "eps": 0.02,
            "eps_growth_year": null,
            "eps_4q": -0.29,
            "eps_4q_growth_year": null,
            "roe": 0.13,
            "roe_4q": -2.42,
            "gross_profit": 46793,
            "gross_margin": 18.42,
            "gross_margin_4q_avg": 37.61,
            "net_income": 4391,
            "net_income_4q": null,
            "revenue": 254074,
            "revenue_4q": null,
            "common_shares": 2707525,
            "book_valuer_per_share": 12,
            "book_valuer_per_share_4q_avg": 12.06,
            "equity": 3468596,
            "current_ratio": 378.24,
            "debt_ratio": 38.42,
            "inventory_turnover_ratio": 0.04,
            "account_receivable_turnover_ratio": 11.72,
            "reinvestment_rate": -4.22,
            "research_to_sale_ratio": null,
            "price_fair": 315.7,
            "eps_avg_yearly": 9.02,
            "eps_latest_yearly": 8.28,
            "eps_growth_yearly": 1646.6
        },
        "20182": {
            "year_quarter": 20182,
            "year": 2018,
            "quarter": 2,
            "eps": 0.03,
            "eps_growth_year": null,
            "eps_4q": -0.16,
            "eps_4q_growth_year": null,
            "roe": 0.19,
            "roe_4q": -1.4299999999999997,
            "gross_profit": 46428,
            "gross_margin": 16.36,
            "gross_margin_4q_avg": 16.7,
            "net_income": 6564,
            "net_income_4q": null,
            "revenue": 283754,
            "revenue_4q": null,
            "common_shares": 2707525,
            "book_valuer_per_share": 12.03,
            "book_valuer_per_share_4q_avg": 12.03,
            "equity": 3475537,
            "current_ratio": 426.5,
            "debt_ratio": 36.41,
            "inventory_turnover_ratio": 0.05,
            "account_receivable_turnover_ratio": 11.97,
            "reinvestment_rate": -4.08,
            "research_to_sale_ratio": null,
            "price_fair": 211.87,
            "eps_avg_yearly": 6.05,
            "eps_latest_yearly": 0.12,
            "eps_growth_yearly": 1164.4
        },
        "20183": {
            "year_quarter": 20183,
            "year": 2018,
            "quarter": 3,
            "eps": 0.12,
            "eps_growth_year": null,
            "eps_4q": 0.04,
            "eps_4q_growth_year": null,
            "roe": 0.89,
            "roe_4q": 0.06000000000000005,
            "gross_profit": 81129,
            "gross_margin": 16.55,
            "gross_margin_4q_avg": 37.83,
            "net_income": 31124,
            "net_income_4q": null,
            "revenue": 490209,
            "revenue_4q": null,
            "common_shares": 2707525,
            "book_valuer_per_share": 12.15,
            "book_valuer_per_share_4q_avg": 12.04,
            "equity": 3506279,
            "current_ratio": 490.78,
            "debt_ratio": 33.83,
            "inventory_turnover_ratio": 0.09,
            "account_receivable_turnover_ratio": 68.2,
            "reinvestment_rate": -3.25,
            "research_to_sale_ratio": null,
            "price_fair": 163.1,
            "eps_avg_yearly": 4.66,
            "eps_latest_yearly": 0.48,
            "eps_growth_yearly": 1173.3
        },
        "20184": {
            "year_quarter": 20184,
            "year": 2018,
            "quarter": 4,
            "eps": -0.07,
            "eps_growth_year": null,
            "eps_4q": 0.1,
            "eps_4q_growth_year": null,
            "roe": -0.63,
            "roe_4q": 0.5800000000000001,
            "gross_profit": 23703,
            "gross_margin": 12.88,
            "gross_margin_4q_avg": 16.05,
            "net_income": -22013,
            "net_income_4q": null,
            "revenue": 184084,
            "revenue_4q": null,
            "common_shares": 2707525,
            "book_valuer_per_share": 12.08,
            "book_valuer_per_share_4q_avg": 12.07,
            "equity": 3493139,
            "current_ratio": 552.98,
            "debt_ratio": 32.02,
            "inventory_turnover_ratio": 0.04,
            "account_receivable_turnover_ratio": 47.83,
            "reinvestment_rate": 2.26,
            "research_to_sale_ratio": null,
            "price_fair": 163.1,
            "eps_avg_yearly": 4.66,
            "eps_latest_yearly": 0.48,
            "eps_growth_yearly": 1173.3
        },
        "20191": {
            "year_quarter": 20191,
            "year": 2019,
            "quarter": 1,
            "eps": -0.04,
            "eps_growth_year": -300,
            "eps_4q": 0.04,
            "eps_4q_growth_year": null,
            "roe": -0.34,
            "roe_4q": 0.11000000000000004,
            "gross_profit": 2022,
            "gross_margin": 51.49,
            "gross_margin_4q_avg": 24.32,
            "net_income": -11797,
            "net_income_4q": null,
            "revenue": 3927,
            "revenue_4q": null,
            "common_shares": 2707525,
            "book_valuer_per_share": 12,
            "book_valuer_per_share_4q_avg": 12.07,
            "equity": 3513778,
            "current_ratio": 578.49,
            "debt_ratio": 31.04,
            "inventory_turnover_ratio": 0,
            "account_receivable_turnover_ratio": 1.52,
            "reinvestment_rate": 2.3,
            "research_to_sale_ratio": null,
            "price_fair": 163.1,
            "eps_avg_yearly": 4.66,
            "eps_latest_yearly": 0.48,
            "eps_growth_yearly": 1173.3
        },
        "20192": {
            "year_quarter": 20192,
            "year": 2019,
            "quarter": 2,
            "eps": -0.05,
            "eps_growth_year": -266.67,
            "eps_4q": -0.04,
            "eps_4q_growth_year": null,
            "roe": -0.43,
            "roe_4q": -0.5099999999999999,
            "gross_profit": 2035,
            "gross_margin": 100,
            "gross_margin_4q_avg": 45.23,
            "net_income": -14918,
            "net_income_4q": null,
            "revenue": 2035,
            "revenue_4q": null,
            "common_shares": 2707525,
            "book_valuer_per_share": 11.65,
            "book_valuer_per_share_4q_avg": 11.97,
            "equity": 3418053,
            "current_ratio": 567.95,
            "debt_ratio": 31.65,
            "inventory_turnover_ratio": 0,
            "account_receivable_turnover_ratio": 0.48,
            "reinvestment_rate": 2.55,
            "research_to_sale_ratio": null,
            "price_fair": 163.1,
            "eps_avg_yearly": 4.66,
            "eps_latest_yearly": 0.48,
            "eps_growth_yearly": 1173.3
        },
        "20193": {
            "year_quarter": 20193,
            "year": 2019,
            "quarter": 3,
            "eps": -0.05,
            "eps_growth_year": -141.67,
            "eps_4q": -0.21,
            "eps_4q_growth_year": -642.35,
            "roe": -0.42,
            "roe_4q": -1.8199999999999998,
            "gross_profit": 1981,
            "gross_margin": 100,
            "gross_margin_4q_avg": 66.09,
            "net_income": -14359,
            "net_income_4q": null,
            "revenue": 1981,
            "revenue_4q": null,
            "common_shares": 2707525,
            "book_valuer_per_share": 11.61,
            "book_valuer_per_share_4q_avg": 11.84,
            "equity": 3404528,
            "current_ratio": 293.97,
            "debt_ratio": 33.16,
            "inventory_turnover_ratio": 0,
            "account_receivable_turnover_ratio": 0.44,
            "reinvestment_rate": 3.03,
            "research_to_sale_ratio": null,
            "price_fair": 163.1,
            "eps_avg_yearly": 4.66,
            "eps_latest_yearly": 0.48,
            "eps_growth_yearly": 1173.3
        },
        "20194": {
            "year_quarter": 20194,
            "year": 2019,
            "quarter": 4,
            "eps": -0.12,
            "eps_growth_year": null,
            "eps_4q": -0.25,
            "eps_4q_growth_year": -353.67,
            "roe": -1.01,
            "roe_4q": -2.1999999999999997,
            "gross_profit": 2227,
            "gross_margin": 100,
            "gross_margin_4q_avg": 87.87,
            "net_income": -34220,
            "net_income_4q": null,
            "revenue": 2227,
            "revenue_4q": null,
            "common_shares": 2707525,
            "book_valuer_per_share": 11.5,
            "book_valuer_per_share_4q_avg": 11.69,
            "equity": 3371483,
            "current_ratio": 282.31,
            "debt_ratio": 34.53,
            "inventory_turnover_ratio": 0,
            "account_receivable_turnover_ratio": 0.69,
            "reinvestment_rate": 11.51,
            "research_to_sale_ratio": null,
            "price_fair": 103.6,
            "eps_avg_yearly": 2.96,
            "eps_latest_yearly": 0.48,
            "eps_growth_yearly": 446.45
        },
        "20201": {
            "year_quarter": 20201,
            "year": 2020,
            "quarter": 1,
            "eps": -0.08,
            "eps_growth_year": null,
            "eps_4q": -0.3,
            "eps_4q_growth_year": -886.25,
            "roe": -0.72,
            "roe_4q": -2.58,
            "gross_profit": 2217,
            "gross_margin": 100,
            "gross_margin_4q_avg": 100,
            "net_income": -24290,
            "net_income_4q": null,
            "revenue": 2217,
            "revenue_4q": null,
            "common_shares": 2707525,
            "book_valuer_per_share": 11.41,
            "book_valuer_per_share_4q_avg": 11.54,
            "equity": 3346415,
            "current_ratio": 276.77,
            "debt_ratio": 35.4,
            "inventory_turnover_ratio": 0,
            "account_receivable_turnover_ratio": 0.58,
            "reinvestment_rate": null,
            "research_to_sale_ratio": null,
            "price_fair": 10.5,
            "eps_avg_yearly": 0.3,
            "eps_latest_yearly": 0.48,
            "eps_growth_yearly": 700
        },
        "20202": {
            "year_quarter": 20202,
            "year": 2020,
            "quarter": 2,
            "eps": -0.06,
            "eps_growth_year": null,
            "eps_4q": -0.31,
            "eps_4q_growth_year": null,
            "roe": -0.51,
            "roe_4q": -2.66,
            "gross_profit": 2040,
            "gross_margin": 100,
            "gross_margin_4q_avg": 100,
            "net_income": -16799,
            "net_income_4q": null,
            "revenue": 2040,
            "revenue_4q": null,
            "common_shares": 2707525,
            "book_valuer_per_share": 11.26,
            "book_valuer_per_share_4q_avg": 11.45,
            "equity": 3304239,
            "current_ratio": 269.79,
            "debt_ratio": 36.31,
            "inventory_turnover_ratio": 0,
            "account_receivable_turnover_ratio": 0.42,
            "reinvestment_rate": null,
            "research_to_sale_ratio": null,
            "price_fair": 10.5,
            "eps_avg_yearly": 0.3,
            "eps_latest_yearly": 0.48,
            "eps_growth_yearly": 700
        },
        "20203": {
            "year_quarter": 20203,
            "year": 2020,
            "quarter": 3,
            "eps": -0.09,
            "eps_growth_year": null,
            "eps_4q": -0.35,
            "eps_4q_growth_year": null,
            "roe": -0.75,
            "roe_4q": -2.99,
            "gross_profit": 6105,
            "gross_margin": 17.55,
            "gross_margin_4q_avg": 79.39,
            "net_income": -24743,
            "net_income_4q": null,
            "revenue": 34796,
            "revenue_4q": null,
            "common_shares": 2707525,
            "book_valuer_per_share": 11.18,
            "book_valuer_per_share_4q_avg": 11.34,
            "equity": 3280344,
            "current_ratio": 250.76,
            "debt_ratio": 38.85,
            "inventory_turnover_ratio": 0.01,
            "account_receivable_turnover_ratio": 9.29,
            "reinvestment_rate": null,
            "research_to_sale_ratio": null,
            "price_fair": 10.5,
            "eps_avg_yearly": 0.3,
            "eps_latest_yearly": 0.48,
            "eps_growth_yearly": 700
        },
        "20204": {
            "year_quarter": 20204,
            "year": 2020,
            "quarter": 4,
            "eps": -0.05,
            "eps_growth_year": null,
            "eps_4q": -0.17,
            "eps_4q_growth_year": null,
            "roe": -0.62,
            "roe_4q": -2.6,
            "gross_profit": 15065,
            "gross_margin": 31.18,
            "gross_margin_4q_avg": 62.18,
            "net_income": -29836,
            "net_income_4q": null,
            "revenue": 48324,
            "revenue_4q": null,
            "common_shares": 5207525,
            "book_valuer_per_share": 11.81,
            "book_valuer_per_share_4q_avg": 11.42,
            "equity": 6400558,
            "current_ratio": 379.9,
            "debt_ratio": 25.84,
            "inventory_turnover_ratio": 0.01,
            "account_receivable_turnover_ratio": 20.94,
            "reinvestment_rate": null,
            "research_to_sale_ratio": null,
            "price_fair": 10.5,
            "eps_avg_yearly": 0.3,
            "eps_latest_yearly": 0.48,
            "eps_growth_yearly": 700
        },
        "20211": {
            "year_quarter": 20211,
            "year": 2021,
            "quarter": 1,
            "eps": -0.04,
            "eps_growth_year": null,
            "eps_4q": -0.17,
            "eps_4q_growth_year": null,
            "roe": -0.32,
            "roe_4q": -2.2,
            "gross_profit": 2210,
            "gross_margin": 100,
            "gross_margin_4q_avg": 62.18,
            "net_income": -20475,
            "net_income_4q": null,
            "revenue": 2210,
            "revenue_4q": null,
            "common_shares": 5207525,
            "book_valuer_per_share": 11.77,
            "book_valuer_per_share_4q_avg": 11.51,
            "equity": 6380199,
            "current_ratio": 256.58,
            "debt_ratio": 37.44,
            "inventory_turnover_ratio": 0,
            "account_receivable_turnover_ratio": 0.62,
            "reinvestment_rate": null,
            "research_to_sale_ratio": null,
            "price_fair": 10.5,
            "eps_avg_yearly": 0.3,
            "eps_latest_yearly": 0.48,
            "eps_growth_yearly": 700
        },
        "20212": {
            "year_quarter": 20212,
            "year": 2021,
            "quarter": 2,
            "eps": -0.06,
            "eps_growth_year": null,
            "eps_4q": -0.19,
            "eps_4q_growth_year": null,
            "roe": -0.5,
            "roe_4q": -2.19,
            "gross_profit": 2090,
            "gross_margin": 100,
            "gross_margin_4q_avg": 62.18,
            "net_income": -32016,
            "net_income_4q": null,
            "revenue": 2090,
            "revenue_4q": null,
            "common_shares": 5207525,
            "book_valuer_per_share": 11.71,
            "book_valuer_per_share_4q_avg": 11.62,
            "equity": 6346914,
            "current_ratio": 312.68,
            "debt_ratio": 57.06,
            "inventory_turnover_ratio": 0,
            "account_receivable_turnover_ratio": 0.44,
            "reinvestment_rate": null,
            "research_to_sale_ratio": null,
            "price_fair": 10.5,
            "eps_avg_yearly": 0.3,
            "eps_latest_yearly": 0.48,
            "eps_growth_yearly": 700
        },
        "20213": {
            "year_quarter": 20213,
            "year": 2021,
            "quarter": 3,
            "eps": -0.07,
            "eps_growth_year": null,
            "eps_4q": -0.16,
            "eps_4q_growth_year": null,
            "roe": -0.56,
            "roe_4q": -2,
            "gross_profit": 2122,
            "gross_margin": 100,
            "gross_margin_4q_avg": 82.8,
            "net_income": -41939,
            "net_income_4q": null,
            "revenue": 2122,
            "revenue_4q": null,
            "common_shares": 7207525,
            "book_valuer_per_share": 11.68,
            "book_valuer_per_share_4q_avg": 11.74,
            "equity": 8665082,
            "current_ratio": 354.35,
            "debt_ratio": 49.71,
            "inventory_turnover_ratio": 0,
            "account_receivable_turnover_ratio": 0.59,
            "reinvestment_rate": null,
            "research_to_sale_ratio": null,
            "price_fair": 10.5,
            "eps_avg_yearly": 0.3,
            "eps_latest_yearly": 0.48,
            "eps_growth_yearly": 700
        },
        "20214": {
            "year_quarter": 20214,
            "year": 2021,
            "quarter": 4,
            "eps": -0.03,
            "eps_growth_year": null,
            "eps_4q": -0.16,
            "eps_4q_growth_year": null,
            "roe": -0.3,
            "roe_4q": -1.6800000000000002,
            "gross_profit": 2296,
            "gross_margin": 100,
            "gross_margin_4q_avg": 100,
            "net_income": -26123,
            "net_income_4q": null,
            "revenue": 2296,
            "revenue_4q": null,
            "common_shares": 7207525,
            "book_valuer_per_share": 11.65,
            "book_valuer_per_share_4q_avg": 11.7,
            "equity": 8640154,
            "current_ratio": 345.09,
            "debt_ratio": 50.84,
            "inventory_turnover_ratio": 0,
            "account_receivable_turnover_ratio": 0.72,
            "reinvestment_rate": null,
            "research_to_sale_ratio": null,
            "price_fair": 10.5,
            "eps_avg_yearly": 0.3,
            "eps_latest_yearly": 0.48,
            "eps_growth_yearly": 700
        },
        "20221": {
            "year_quarter": 20221,
            "year": 2022,
            "quarter": 1,
            "eps": 0.04,
            "eps_growth_year": null,
            "eps_4q": -0.09,
            "eps_4q_growth_year": null,
            "roe": 0.3,
            "roe_4q": -1.06,
            "gross_profit": 60817,
            "gross_margin": 25.49,
            "gross_margin_4q_avg": 81.37,
            "net_income": 27085,
            "net_income_4q": null,
            "revenue": 238556,
            "revenue_4q": null,
            "common_shares": 7743235,
            "book_valuer_per_share": 11.71,
            "book_valuer_per_share_4q_avg": 11.69,
            "equity": 9310429,
            "current_ratio": 305.38,
            "debt_ratio": 49.65,
            "inventory_turnover_ratio": 0.01,
            "account_receivable_turnover_ratio": 40.68,
            "reinvestment_rate": null,
            "research_to_sale_ratio": null,
            "price_fair": 10.5,
            "eps_avg_yearly": 0.3,
            "eps_latest_yearly": 0.48,
            "eps_growth_yearly": 700
        },
        "20222": {
            "year_quarter": 20222,
            "year": 2022,
            "quarter": 2,
            "eps": 0.02,
            "eps_growth_year": null,
            "eps_4q": -0.02,
            "eps_4q_growth_year": null,
            "roe": 0.17,
            "roe_4q": -0.39000000000000007,
            "gross_profit": 45212,
            "gross_margin": 22.03,
            "gross_margin_4q_avg": 61.88,
            "net_income": 16365,
            "net_income_4q": null,
            "revenue": 205250,
            "revenue_4q": null,
            "common_shares": 8399880,
            "book_valuer_per_share": 11.75,
            "book_valuer_per_share_4q_avg": 11.7,
            "equity": 10114075,
            "current_ratio": 239.23,
            "debt_ratio": 48.05,
            "inventory_turnover_ratio": 0.01,
            "account_receivable_turnover_ratio": 36.53,
            "reinvestment_rate": null,
            "research_to_sale_ratio": null,
            "price_fair": 9.8,
            "eps_avg_yearly": 0.28,
            "eps_latest_yearly": 0.08,
            "eps_growth_yearly": 500
        },
        "20223": {
            "year_quarter": 20223,
            "year": 2022,
            "quarter": 3,
            "eps": 0.05,
            "eps_growth_year": null,
            "eps_4q": 0.07,
            "eps_4q_growth_year": null,
            "roe": 0.38,
            "roe_4q": 0.55,
            "gross_profit": 71111,
            "gross_margin": 33.64,
            "gross_margin_4q_avg": 45.29,
            "net_income": 38510,
            "net_income_4q": null,
            "revenue": 211363,
            "revenue_4q": null,
            "common_shares": 8399880,
            "book_valuer_per_share": 11.8,
            "book_valuer_per_share_4q_avg": 11.73,
            "equity": 10152221,
            "current_ratio": 231.08,
            "debt_ratio": 48.57,
            "inventory_turnover_ratio": 0.01,
            "account_receivable_turnover_ratio": 4.28,
            "reinvestment_rate": null,
            "research_to_sale_ratio": null,
            "price_fair": 4.9,
            "eps_avg_yearly": 0.14,
            "eps_latest_yearly": 0.2,
            "eps_growth_yearly": 200
        },
        "20224": {
            "year_quarter": 20224,
            "year": 2022,
            "quarter": 4,
            "eps": 0.44,
            "eps_growth_year": null,
            "eps_4q": 0.54,
            "eps_4q_growth_year": null,
            "roe": 3.52,
            "roe_4q": 4.37,
            "gross_profit": 456280,
            "gross_margin": 34.07,
            "gross_margin_4q_avg": 28.81,
            "net_income": 363510,
            "net_income_4q": null,
            "revenue": 1339112,
            "revenue_4q": null,
            "common_shares": 8399880,
            "book_valuer_per_share": 12.24,
            "book_valuer_per_share_4q_avg": 11.88,
            "equity": 10518533,
            "current_ratio": 237.81,
            "debt_ratio": 48.23,
            "inventory_turnover_ratio": 0.05,
            "account_receivable_turnover_ratio": 25.36,
            "reinvestment_rate": -1.17,
            "research_to_sale_ratio": null,
            "price_fair": 23.8,
            "eps_avg_yearly": 0.68,
            "eps_latest_yearly": 1.76,
            "eps_growth_yearly": 1173.33
        },
        "20231": {
            "year_quarter": 20231,
            "year": 2023,
            "quarter": 1,
            "eps": -0.01,
            "eps_growth_year": -125,
            "eps_4q": 0.49,
            "eps_4q_growth_year": null,
            "roe": -0.11,
            "roe_4q": 3.96,
            "gross_profit": 1710,
            "gross_margin": 43.97,
            "gross_margin_4q_avg": 33.43,
            "net_income": -11434,
            "net_income_4q": null,
            "revenue": 3889,
            "revenue_4q": null,
            "common_shares": 8399880,
            "book_valuer_per_share": 11.81,
            "book_valuer_per_share_4q_avg": 11.9,
            "equity": 10162860,
            "current_ratio": 228.52,
            "debt_ratio": 51.22,
            "inventory_turnover_ratio": 0,
            "account_receivable_turnover_ratio": 0.34,
            "reinvestment_rate": -1.38,
            "research_to_sale_ratio": null,
            "price_fair": 23.8,
            "eps_avg_yearly": 0.68,
            "eps_latest_yearly": 1.76,
            "eps_growth_yearly": 1173.33
        },
        "20232": {
            "year_quarter": 20232,
            "year": 2023,
            "quarter": 2,
            "eps": -0.02,
            "eps_growth_year": -200,
            "eps_4q": 0.45,
            "eps_4q_growth_year": null,
            "roe": -0.18,
            "roe_4q": 3.61,
            "gross_profit": 1321,
            "gross_margin": 40.08,
            "gross_margin_4q_avg": 37.94,
            "net_income": -18697,
            "net_income_4q": null,
            "revenue": 3296,
            "revenue_4q": null,
            "common_shares": 8399880,
            "book_valuer_per_share": 11.79,
            "book_valuer_per_share_4q_avg": 11.91,
            "equity": 10143764,
            "current_ratio": 209.88,
            "debt_ratio": 52.54,
            "inventory_turnover_ratio": 0,
            "account_receivable_turnover_ratio": 0.32,
            "reinvestment_rate": -1.31,
            "research_to_sale_ratio": null,
            "price_fair": 23.8,
            "eps_avg_yearly": 0.68,
            "eps_latest_yearly": 1.76,
            "eps_growth_yearly": 1173.33
        },
        "20233": {
            "year_quarter": 20233,
            "year": 2023,
            "quarter": 3,
            "eps": -0.03,
            "eps_growth_year": -160,
            "eps_4q": 0.38,
            "eps_4q_growth_year": 417.75,
            "roe": -0.22,
            "roe_4q": 3.01,
            "gross_profit": 2177,
            "gross_margin": 100,
            "gross_margin_4q_avg": 54.53,
            "net_income": -22164,
            "net_income_4q": null,
            "revenue": 2177,
            "revenue_4q": null,
            "common_shares": 8399880,
            "book_valuer_per_share": 11.77,
            "book_valuer_per_share_4q_avg": 11.9,
            "equity": 10121769,
            "current_ratio": 201.36,
            "debt_ratio": 55.62,
            "inventory_turnover_ratio": 0,
            "account_receivable_turnover_ratio": 0.16,
            "reinvestment_rate": -1.7,
            "research_to_sale_ratio": null,
            "price_fair": 23.8,
            "eps_avg_yearly": 0.68,
            "eps_latest_yearly": 1.76,
            "eps_growth_yearly": 1173.33
        }
    },
    "months": {
        "2001-06": {
            "month": "2001-06",
            "price": "1.36",
            "revenue": 521061
        },
        "2001-07": {
            "month": "2001-07",
            "price": "1.26",
            "revenue": 280012
        },
        "2001-08": {
            "month": "2001-08",
            "price": "1.49",
            "revenue": 477042
        },
        "2001-09": {
            "month": "2001-09",
            "price": "1.41",
            "revenue": 128095
        },
        "2001-10": {
            "month": "2001-10",
            "price": "1.18",
            "revenue": 97804
        },
        "2001-11": {
            "month": "2001-11",
            "price": "1.21",
            "revenue": 127287
        },
        "2001-12": {
            "month": "2001-12",
            "price": "1.34",
            "revenue": 68356
        },
        "2002-01": {
            "month": "2002-01",
            "price": "1.80",
            "revenue": 36047
        },
        "2002-02": {
            "month": "2002-02",
            "price": "1.82",
            "revenue": 33088
        },
        "2002-03": {
            "month": "2002-03",
            "price": "2.15",
            "revenue": 128300
        },
        "2002-04": {
            "month": "2002-04",
            "price": "4.13",
            "revenue": 186102
        },
        "2002-05": {
            "month": "2002-05",
            "price": "3.68",
            "revenue": 248812
        },
        "2002-06": {
            "month": "2002-06",
            "price": "3.67",
            "revenue": 105345
        },
        "2002-07": {
            "month": "2002-07",
            "price": "3.07",
            "revenue": 51181
        },
        "2002-08": {
            "month": "2002-08",
            "price": "2.51",
            "revenue": 74325
        },
        "2002-09": {
            "month": "2002-09",
            "price": "1.83",
            "revenue": 24509
        },
        "2002-10": {
            "month": "2002-10",
            "price": "1.78",
            "revenue": 9191
        },
        "2002-11": {
            "month": "2002-11",
            "price": "1.98",
            "revenue": 25334
        },
        "2002-12": {
            "month": "2002-12",
            "price": "2.13",
            "revenue": 21187
        },
        "2003-01": {
            "month": "2003-01",
            "price": "2.66",
            "revenue": 6111
        },
        "2003-02": {
            "month": "2003-02",
            "price": "2.62",
            "revenue": 5744
        },
        "2003-03": {
            "month": "2003-03",
            "price": "2.14",
            "revenue": 18089
        },
        "2003-04": {
            "month": "2003-04",
            "price": "2.05",
            "revenue": 19287
        },
        "2003-05": {
            "month": "2003-05",
            "price": "1.53",
            "revenue": 135551
        },
        "2003-06": {
            "month": "2003-06",
            "price": "2.11",
            "revenue": 201850
        },
        "2003-07": {
            "month": "2003-07",
            "price": "3.44",
            "revenue": 9094
        },
        "2003-08": {
            "month": "2003-08",
            "price": "4.06",
            "revenue": 10198
        },
        "2003-09": {
            "month": "2003-09",
            "price": "4.00",
            "revenue": 5024
        },
        "2003-10": {
            "month": "2003-10",
            "price": "4.34",
            "revenue": 2247863
        },
        "2003-11": {
            "month": "2003-11",
            "price": "4.34",
            "revenue": 8889
        },
        "2003-12": {
            "month": "2003-12",
            "price": "4.20",
            "revenue": 12042
        },
        "2004-01": {
            "month": "2004-01",
            "price": "4.97",
            "revenue": 109459
        },
        "2004-02": {
            "month": "2004-02",
            "price": "6.74",
            "revenue": 7058
        },
        "2004-03": {
            "month": "2004-03",
            "price": "6.76",
            "revenue": 10751
        },
        "2004-04": {
            "month": "2004-04",
            "price": "6.28",
            "revenue": 10820
        },
        "2004-05": {
            "month": "2004-05",
            "price": "4.49",
            "revenue": 15138
        },
        "2004-06": {
            "month": "2004-06",
            "price": "3.81",
            "revenue": 121078
        },
        "2004-07": {
            "month": "2004-07",
            "price": "3.13",
            "revenue": 9354
        },
        "2004-08": {
            "month": "2004-08",
            "price": "2.69",
            "revenue": 9338
        },
        "2004-09": {
            "month": "2004-09",
            "price": "3.31",
            "revenue": 126306
        },
        "2004-10": {
            "month": "2004-10",
            "price": "3.37",
            "revenue": 11366
        },
        "2004-11": {
            "month": "2004-11",
            "price": "4.95",
            "revenue": 11383
        },
        "2004-12": {
            "month": "2004-12",
            "price": "5.24",
            "revenue": 35474
        },
        "2005-01": {
            "month": "2005-01",
            "price": "5.53",
            "revenue": 13713
        },
        "2005-02": {
            "month": "2005-02",
            "price": "4.85",
            "revenue": 11904
        },
        "2005-03": {
            "month": "2005-03",
            "price": "5.15",
            "revenue": 14674
        },
        "2005-04": {
            "month": "2005-04",
            "price": "4.17",
            "revenue": 24852
        },
        "2005-05": {
            "month": "2005-05",
            "price": "4.09",
            "revenue": 13198
        },
        "2005-06": {
            "month": "2005-06",
            "price": "4.82",
            "revenue": 33907
        },
        "2005-07": {
            "month": "2005-07",
            "price": "4.56",
            "revenue": 12891
        },
        "2005-08": {
            "month": "2005-08",
            "price": "3.91",
            "revenue": 12667
        },
        "2005-09": {
            "month": "2005-09",
            "price": "3.74",
            "revenue": 12754
        },
        "2005-10": {
            "month": "2005-10",
            "price": "3.13",
            "revenue": 14125
        },
        "2005-11": {
            "month": "2005-11",
            "price": "2.95",
            "revenue": 241181
        },
        "2005-12": {
            "month": "2005-12",
            "price": "3.42",
            "revenue": 16215
        },
        "2006-01": {
            "month": "2006-01",
            "price": "4.62",
            "revenue": 16173
        },
        "2006-02": {
            "month": "2006-02",
            "price": "4.68",
            "revenue": 12242
        },
        "2006-03": {
            "month": "2006-03",
            "price": "4.38",
            "revenue": 24118
        },
        "2006-04": {
            "month": "2006-04",
            "price": "4.56",
            "revenue": 25086
        },
        "2006-05": {
            "month": "2006-05",
            "price": "5.86",
            "revenue": 15119
        },
        "2006-06": {
            "month": "2006-06",
            "price": "4.59",
            "revenue": 11756
        },
        "2006-07": {
            "month": "2006-07",
            "price": "4.86",
            "revenue": 9702
        },
        "2006-08": {
            "month": "2006-08",
            "price": "4.55",
            "revenue": 16415
        },
        "2006-09": {
            "month": "2006-09",
            "price": "4.32",
            "revenue": 10745
        },
        "2006-10": {
            "month": "2006-10",
            "price": "4.98",
            "revenue": 11693
        },
        "2006-11": {
            "month": "2006-11",
            "price": "7.10",
            "revenue": 243242
        },
        "2006-12": {
            "month": "2006-12",
            "price": "8.50",
            "revenue": 846479
        },
        "2007-01": {
            "month": "2007-01",
            "price": "7.35",
            "revenue": 12205
        },
        "2007-02": {
            "month": "2007-02",
            "price": "7.30",
            "revenue": 318731
        },
        "2007-03": {
            "month": "2007-03",
            "price": "9.66",
            "revenue": 299155
        },
        "2007-04": {
            "month": "2007-04",
            "price": "10.18",
            "revenue": 176798
        },
        "2007-05": {
            "month": "2007-05",
            "price": "9.56",
            "revenue": 136119
        },
        "2007-06": {
            "month": "2007-06",
            "price": "9.56",
            "revenue": 163049
        },
        "2007-07": {
            "month": "2007-07",
            "price": "10.85",
            "revenue": 70636
        },
        "2007-08": {
            "month": "2007-08",
            "price": "9.78",
            "revenue": 37669
        },
        "2007-09": {
            "month": "2007-09",
            "price": "9.04",
            "revenue": 2104838
        },
        "2007-10": {
            "month": "2007-10",
            "price": "8.97",
            "revenue": 5789
        },
        "2007-11": {
            "month": "2007-11",
            "price": "7.80",
            "revenue": 4239
        },
        "2007-12": {
            "month": "2007-12",
            "price": "6.76",
            "revenue": 21392
        },
        "2008-01": {
            "month": "2008-01",
            "price": "6.96",
            "revenue": 11451
        },
        "2008-02": {
            "month": "2008-02",
            "price": "7.51",
            "revenue": 5379
        },
        "2008-03": {
            "month": "2008-03",
            "price": "8.79",
            "revenue": 4575
        },
        "2008-04": {
            "month": "2008-04",
            "price": "10.45",
            "revenue": 10290
        },
        "2008-05": {
            "month": "2008-05",
            "price": "9.95",
            "revenue": 183199
        },
        "2008-06": {
            "month": "2008-06",
            "price": "8.29",
            "revenue": 5865
        },
        "2008-07": {
            "month": "2008-07",
            "price": "6.47",
            "revenue": 5153
        },
        "2008-08": {
            "month": "2008-08",
            "price": "6.25",
            "revenue": 21746
        },
        "2008-09": {
            "month": "2008-09",
            "price": "4.76",
            "revenue": 3286
        },
        "2008-10": {
            "month": "2008-10",
            "price": "3.30",
            "revenue": 3943
        },
        "2008-11": {
            "month": "2008-11",
            "price": "2.93",
            "revenue": 3613
        },
        "2008-12": {
            "month": "2008-12",
            "price": "2.78",
            "revenue": 159887
        },
        "2009-01": {
            "month": "2009-01",
            "price": "2.72",
            "revenue": 84465
        },
        "2009-02": {
            "month": "2009-02",
            "price": "2.70",
            "revenue": 44018
        },
        "2009-03": {
            "month": "2009-03",
            "price": "3.16",
            "revenue": 99518
        },
        "2009-04": {
            "month": "2009-04",
            "price": "5.00",
            "revenue": 188858
        },
        "2009-05": {
            "month": "2009-05",
            "price": "6.02",
            "revenue": 62504
        },
        "2009-06": {
            "month": "2009-06",
            "price": "5.65",
            "revenue": 415405
        },
        "2009-07": {
            "month": "2009-07",
            "price": "6.98",
            "revenue": 227562
        },
        "2009-08": {
            "month": "2009-08",
            "price": "7.44",
            "revenue": 35962
        },
        "2009-09": {
            "month": "2009-09",
            "price": "7.78",
            "revenue": 51581
        },
        "2009-10": {
            "month": "2009-10",
            "price": "11.91",
            "revenue": 39079
        },
        "2009-11": {
            "month": "2009-11",
            "price": "11.19",
            "revenue": 40659
        },
        "2009-12": {
            "month": "2009-12",
            "price": "10.55",
            "revenue": 338679
        },
        "2010-01": {
            "month": "2010-01",
            "price": "12.01",
            "revenue": 480582
        },
        "2010-02": {
            "month": "2010-02",
            "price": "11.36",
            "revenue": 220775
        },
        "2010-03": {
            "month": "2010-03",
            "price": "12.41",
            "revenue": 88549
        },
        "2010-04": {
            "month": "2010-04",
            "price": "14.05",
            "revenue": 279656
        },
        "2010-05": {
            "month": "2010-05",
            "price": "13.45",
            "revenue": 29763
        },
        "2010-06": {
            "month": "2010-06",
            "price": "12.49",
            "revenue": 50847
        },
        "2010-07": {
            "month": "2010-07",
            "price": "12.11",
            "revenue": 58034
        },
        "2010-08": {
            "month": "2010-08",
            "price": "12.44",
            "revenue": 101141
        },
        "2010-09": {
            "month": "2010-09",
            "price": "13.16",
            "revenue": 96677
        },
        "2010-10": {
            "month": "2010-10",
            "price": "13.54",
            "revenue": 93842
        },
        "2010-11": {
            "month": "2010-11",
            "price": "14.14",
            "revenue": 28712
        },
        "2010-12": {
            "month": "2010-12",
            "price": "15.93",
            "revenue": 106471
        },
        "2011-01": {
            "month": "2011-01",
            "price": "17.01",
            "revenue": 43490
        },
        "2011-02": {
            "month": "2011-02",
            "price": "15.64",
            "revenue": 633562
        },
        "2011-03": {
            "month": "2011-03",
            "price": "14.63",
            "revenue": 57033
        },
        "2011-04": {
            "month": "2011-04",
            "price": "15.03",
            "revenue": 55052
        },
        "2011-05": {
            "month": "2011-05",
            "price": "15.30",
            "revenue": 86636
        },
        "2011-06": {
            "month": "2011-06",
            "price": "15.16",
            "revenue": 304519
        },
        "2011-07": {
            "month": "2011-07",
            "price": "14.65",
            "revenue": 189
        },
        "2011-08": {
            "month": "2011-08",
            "price": "11.96",
            "revenue": 24424
        },
        "2011-09": {
            "month": "2011-09",
            "price": "10.60",
            "revenue": 11834
        },
        "2011-10": {
            "month": "2011-10",
            "price": "10.25",
            "revenue": 16694
        },
        "2011-11": {
            "month": "2011-11",
            "price": "9.81",
            "revenue": 62605
        },
        "2011-12": {
            "month": "2011-12",
            "price": "9.29",
            "revenue": 12634
        },
        "2012-01": {
            "month": "2012-01",
            "price": "9.43",
            "revenue": 24810
        },
        "2012-02": {
            "month": "2012-02",
            "price": "10.62",
            "revenue": 25135
        },
        "2012-03": {
            "month": "2012-03",
            "price": "10.67",
            "revenue": 17169
        },
        "2012-04": {
            "month": "2012-04",
            "price": "9.86",
            "revenue": 17135
        },
        "2012-05": {
            "month": "2012-05",
            "price": "9.05",
            "revenue": 26825
        },
        "2012-06": {
            "month": "2012-06",
            "price": "8.59",
            "revenue": 441
        },
        "2012-07": {
            "month": "2012-07",
            "price": "8.93",
            "revenue": 19761
        },
        "2012-08": {
            "month": "2012-08",
            "price": "9.13",
            "revenue": 15028
        },
        "2012-09": {
            "month": "2012-09",
            "price": "9.80",
            "revenue": 19720
        },
        "2012-10": {
            "month": "2012-10",
            "price": "9.56",
            "revenue": 37149
        },
        "2012-11": {
            "month": "2012-11",
            "price": "8.69",
            "revenue": 36127
        },
        "2012-12": {
            "month": "2012-12",
            "price": "8.86",
            "revenue": 17106
        },
        "2013-01": {
            "month": "2013-01",
            "price": "9.27",
            "revenue": 350495
        },
        "2013-02": {
            "month": "2013-02",
            "price": "9.47",
            "revenue": 64540
        },
        "2013-03": {
            "month": "2013-03",
            "price": "9.49",
            "revenue": 560
        },
        "2013-04": {
            "month": "2013-04",
            "price": "9.76",
            "revenue": 121554
        },
        "2013-05": {
            "month": "2013-05",
            "price": "10.36",
            "revenue": 560
        },
        "2013-06": {
            "month": "2013-06",
            "price": "11.84",
            "revenue": 29996
        },
        "2013-07": {
            "month": "2013-07",
            "price": "11.73",
            "revenue": 16977
        },
        "2013-08": {
            "month": "2013-08",
            "price": "11.75",
            "revenue": 16115
        },
        "2013-09": {
            "month": "2013-09",
            "price": "11.78",
            "revenue": 588
        },
        "2013-10": {
            "month": "2013-10",
            "price": "12.00",
            "revenue": 531
        },
        "2013-11": {
            "month": "2013-11",
            "price": "12.12",
            "revenue": 523
        },
        "2013-12": {
            "month": "2013-12",
            "price": "12.40",
            "revenue": 558
        },
        "2014-01": {
            "month": "2014-01",
            "price": "11.83",
            "revenue": 1508
        },
        "2014-02": {
            "month": "2014-02",
            "price": "12.91",
            "revenue": 583
        },
        "2014-03": {
            "month": "2014-03",
            "price": "13.54",
            "revenue": 677
        },
        "2014-04": {
            "month": "2014-04",
            "price": "16.36",
            "revenue": 637
        },
        "2014-05": {
            "month": "2014-05",
            "price": "15.48",
            "revenue": 1777
        },
        "2014-06": {
            "month": "2014-06",
            "price": "15.56",
            "revenue": 670
        },
        "2014-07": {
            "month": "2014-07",
            "price": "14.09",
            "revenue": 643
        },
        "2014-08": {
            "month": "2014-08",
            "price": "13.32",
            "revenue": 642
        },
        "2014-09": {
            "month": "2014-09",
            "price": "14.09",
            "revenue": 689
        },
        "2014-10": {
            "month": "2014-10",
            "price": "13.61",
            "revenue": 661
        },
        "2014-11": {
            "month": "2014-11",
            "price": "15.56",
            "revenue": 660
        },
        "2014-12": {
            "month": "2014-12",
            "price": "16.68",
            "revenue": 703
        },
        "2015-01": {
            "month": "2015-01",
            "price": "16.20",
            "revenue": 662
        },
        "2015-02": {
            "month": "2015-02",
            "price": "16.09",
            "revenue": 643
        },
        "2015-03": {
            "month": "2015-03",
            "price": "17.79",
            "revenue": 689
        },
        "2015-04": {
            "month": "2015-04",
            "price": "18.74",
            "revenue": 650
        },
        "2015-05": {
            "month": "2015-05",
            "price": "18.38",
            "revenue": 654
        },
        "2015-06": {
            "month": "2015-06",
            "price": "18.34",
            "revenue": 679
        },
        "2015-07": {
            "month": "2015-07",
            "price": "18.00",
            "revenue": 652
        },
        "2015-08": {
            "month": "2015-08",
            "price": "16.86",
            "revenue": 651
        },
        "2015-09": {
            "month": "2015-09",
            "price": "16.42",
            "revenue": 416495
        },
        "2015-10": {
            "month": "2015-10",
            "price": "16.87",
            "revenue": 1476685
        },
        "2015-11": {
            "month": "2015-11",
            "price": "16.85",
            "revenue": 214850
        },
        "2015-12": {
            "month": "2015-12",
            "price": "15.84",
            "revenue": 1106989
        },
        "2016-01": {
            "month": "2016-01",
            "price": "15.61",
            "revenue": 1979273
        },
        "2016-02": {
            "month": "2016-02",
            "price": "16.65",
            "revenue": 190241
        },
        "2016-03": {
            "month": "2016-03",
            "price": "17.84",
            "revenue": 87116
        },
        "2016-04": {
            "month": "2016-04",
            "price": "17.45",
            "revenue": 708
        },
        "2016-05": {
            "month": "2016-05",
            "price": "16.45",
            "revenue": 803
        },
        "2016-06": {
            "month": "2016-06",
            "price": "15.84",
            "revenue": 735
        },
        "2016-07": {
            "month": "2016-07",
            "price": "14.45",
            "revenue": 89960
        },
        "2016-08": {
            "month": "2016-08",
            "price": "14.28",
            "revenue": 1675
        },
        "2016-09": {
            "month": "2016-09",
            "price": "13.95",
            "revenue": 3366
        },
        "2016-10": {
            "month": "2016-10",
            "price": "13.61",
            "revenue": 1500
        },
        "2016-11": {
            "month": "2016-11",
            "price": "13.44",
            "revenue": 1593
        },
        "2016-12": {
            "month": "2016-12",
            "price": "13.54",
            "revenue": 753
        },
        "2017-01": {
            "month": "2017-01",
            "price": "13.35",
            "revenue": 50579
        },
        "2017-02": {
            "month": "2017-02",
            "price": "13.81",
            "revenue": 798
        },
        "2017-03": {
            "month": "2017-03",
            "price": "16.33",
            "revenue": 6952
        },
        "2017-04": {
            "month": "2017-04",
            "price": "14.57",
            "revenue": 767
        },
        "2017-05": {
            "month": "2017-05",
            "price": "15.06",
            "revenue": 776
        },
        "2017-06": {
            "month": "2017-06",
            "price": "14.23",
            "revenue": 792
        },
        "2017-07": {
            "month": "2017-07",
            "price": "14.01",
            "revenue": 759
        },
        "2017-08": {
            "month": "2017-08",
            "price": "13.83",
            "revenue": 6346
        },
        "2017-09": {
            "month": "2017-09",
            "price": "13.68",
            "revenue": 352
        },
        "2017-10": {
            "month": "2017-10",
            "price": "13.62",
            "revenue": 352
        },
        "2017-11": {
            "month": "2017-11",
            "price": "13.89",
            "revenue": 358
        },
        "2017-12": {
            "month": "2017-12",
            "price": "14.29",
            "revenue": 394
        },
        "2018-01": {
            "month": "2018-01",
            "price": "15.33",
            "revenue": 198260
        },
        "2018-02": {
            "month": "2018-02",
            "price": "15.10",
            "revenue": 4346
        },
        "2018-03": {
            "month": "2018-03",
            "price": "15.35",
            "revenue": 51468
        },
        "2018-04": {
            "month": "2018-04",
            "price": "15.13",
            "revenue": 656
        },
        "2018-05": {
            "month": "2018-05",
            "price": "15.08",
            "revenue": 277420
        },
        "2018-06": {
            "month": "2018-06",
            "price": "15.34",
            "revenue": 5678
        },
        "2018-07": {
            "month": "2018-07",
            "price": "15.54",
            "revenue": 667
        },
        "2018-08": {
            "month": "2018-08",
            "price": "15.95",
            "revenue": 361255
        },
        "2018-09": {
            "month": "2018-09",
            "price": "15.96",
            "revenue": 128287
        },
        "2018-10": {
            "month": "2018-10",
            "price": "15.84",
            "revenue": 44763
        },
        "2018-11": {
            "month": "2018-11",
            "price": "15.90",
            "revenue": 641
        },
        "2018-12": {
            "month": "2018-12",
            "price": "15.77",
            "revenue": 138680
        },
        "2019-01": {
            "month": "2019-01",
            "price": "15.75",
            "revenue": 2656
        },
        "2019-02": {
            "month": "2019-02",
            "price": "15.81",
            "revenue": 637
        },
        "2019-03": {
            "month": "2019-03",
            "price": "16.25",
            "revenue": 634
        },
        "2019-04": {
            "month": "2019-04",
            "price": "16.25",
            "revenue": 706
        },
        "2019-05": {
            "month": "2019-05",
            "price": "16.29",
            "revenue": 658
        },
        "2019-06": {
            "month": "2019-06",
            "price": "16.00",
            "revenue": 671
        },
        "2019-07": {
            "month": "2019-07",
            "price": "16.48",
            "revenue": 655
        },
        "2019-08": {
            "month": "2019-08",
            "price": "15.93",
            "revenue": 653
        },
        "2019-09": {
            "month": "2019-09",
            "price": "16.26",
            "revenue": 673
        },
        "2019-10": {
            "month": "2019-10",
            "price": "16.09",
            "revenue": 656
        },
        "2019-11": {
            "month": "2019-11",
            "price": "16.00",
            "revenue": 740
        },
        "2019-12": {
            "month": "2019-12",
            "price": "15.94",
            "revenue": 831
        },
        "2020-01": {
            "month": "2020-01",
            "price": "16.33",
            "revenue": 793
        },
        "2020-02": {
            "month": "2020-02",
            "price": "16.91",
            "revenue": 723
        },
        "2020-03": {
            "month": "2020-03",
            "price": "16.37",
            "revenue": 701
        },
        "2020-04": {
            "month": "2020-04",
            "price": "15.98",
            "revenue": 655
        },
        "2020-05": {
            "month": "2020-05",
            "price": "16.29",
            "revenue": 673
        },
        "2020-06": {
            "month": "2020-06",
            "price": "17.12",
            "revenue": 712
        },
        "2020-07": {
            "month": "2020-07",
            "price": "16.59",
            "revenue": 717
        },
        "2020-08": {
            "month": "2020-08",
            "price": "16.24",
            "revenue": 33376
        },
        "2020-09": {
            "month": "2020-09",
            "price": "15.70",
            "revenue": 703
        },
        "2020-10": {
            "month": "2020-10",
            "price": "15.51",
            "revenue": 46855
        },
        "2020-11": {
            "month": "2020-11",
            "price": "15.09",
            "revenue": 727
        },
        "2020-12": {
            "month": "2020-12",
            "price": "14.12",
            "revenue": 742
        },
        "2021-01": {
            "month": "2021-01",
            "price": "13.70",
            "revenue": 741
        },
        "2021-02": {
            "month": "2021-02",
            "price": "14.09",
            "revenue": 717
        },
        "2021-03": {
            "month": "2021-03",
            "price": "14.24",
            "revenue": 752
        },
        "2021-04": {
            "month": "2021-04",
            "price": "14.46",
            "revenue": 745
        },
        "2021-05": {
            "month": "2021-05",
            "price": "13.76",
            "revenue": 753
        },
        "2021-06": {
            "month": "2021-06",
            "price": "13.73",
            "revenue": 592
        },
        "2021-07": {
            "month": "2021-07",
            "price": "13.83",
            "revenue": 612
        },
        "2021-08": {
            "month": "2021-08",
            "price": "13.75",
            "revenue": 749
        },
        "2021-09": {
            "month": "2021-09",
            "price": "14.19",
            "revenue": 761
        },
        "2021-10": {
            "month": "2021-10",
            "price": "14.88",
            "revenue": 767
        },
        "2021-11": {
            "month": "2021-11",
            "price": "14.61",
            "revenue": 764
        },
        "2021-12": {
            "month": "2021-12",
            "price": "14.48",
            "revenue": 765
        },
        "2022-01": {
            "month": "2022-01",
            "price": "14.73",
            "revenue": 9631
        },
        "2022-02": {
            "month": "2022-02",
            "price": "14.64",
            "revenue": 762
        },
        "2022-03": {
            "month": "2022-03",
            "price": "14.64",
            "revenue": 228163
        },
        "2022-04": {
            "month": "2022-04",
            "price": "14.58",
            "revenue": 140359
        },
        "2022-05": {
            "month": "2022-05",
            "price": "14.46",
            "revenue": 64028
        },
        "2022-06": {
            "month": "2022-06",
            "price": "14.53",
            "revenue": 863
        },
        "2022-07": {
            "month": "2022-07",
            "price": "14.46",
            "revenue": 1011
        },
        "2022-08": {
            "month": "2022-08",
            "price": "14.58",
            "revenue": 1017
        },
        "2022-09": {
            "month": "2022-09",
            "price": "16.56",
            "revenue": 209335
        },
        "2022-10": {
            "month": "2022-10",
            "price": "18.32",
            "revenue": 1337078
        },
        "2022-11": {
            "month": "2022-11",
            "price": "18.46",
            "revenue": 1016
        },
        "2022-12": {
            "month": "2022-12",
            "price": "17.73",
            "revenue": 1018
        },
        "2023-01": {
            "month": "2023-01",
            "price": "17.33",
            "revenue": 1042
        },
        "2023-02": {
            "month": "2023-02",
            "price": "17.72",
            "revenue": 1777
        },
        "2023-03": {
            "month": "2023-03",
            "price": "17.77",
            "revenue": 1070
        },
        "2023-04": {
            "month": "2023-04",
            "price": "19.54",
            "revenue": 1052
        },
        "2023-05": {
            "month": "2023-05",
            "price": "22.68",
            "revenue": 801
        },
        "2023-06": {
            "month": "2023-06",
            "price": "24.44",
            "revenue": 1443
        },
        "2023-07": {
            "month": "2023-07",
            "price": "23.66",
            "revenue": 718
        },
        "2023-08": {
            "month": "2023-08",
            "price": "25.52",
            "revenue": 729
        },
        "2023-09": {
            "month": "2023-09",
            "price": "25.30",
            "revenue": 730
        },
        "2023-10": {
            "month": "2023-10",
            "price": "27.04",
            "revenue": 732
        },
        "2023-11": {
            "month": "2023-11",
            "price": "28.02",
            "revenue": 730
        }
    }
}
