{
    "summary": {
        "stock_name": "宏盛",
        "stock_id": "2534",
        "category": "建材營造",
        "main_business": "委託營造廠興建國民住宅及商業大樓出售出租業務<br>房屋租售之介紹業務<br>室內裝潢之設計及施工業務(現場僅作辦公室使用)",
        "website_url": "http://www.hsc.com.tw",
        "ceo": "陸永富",
        "pe_ratio": 7,
        "report_year_from": 2001,
        "report_year_to": 2023,
        "age": 23,
        "eps_negative_percentage": 26,
        "eps_growth_avg": {
            "last_all": 8.51,
            "last_2y": 24.15,
            "last_4y": -5.14,
            "last_8y": 22.79,
            "last_12y": -0.42,
            "last_16y": 2.41,
            "last_20y": 8.51,
            "at_2006_last_3y": 100,
            "at_2007_last_3y": 66.71,
            "at_2008_last_3y": 18.22,
            "at_2009_last_3y": 37.49,
            "at_2010_last_3y": 10.19,
            "at_2011_last_3y": -3.22,
            "at_2012_last_3y": -0.19,
            "at_2013_last_3y": -49.01,
            "at_2014_last_3y": -62.29,
            "at_2015_last_3y": -83.33,
            "at_2016_last_3y": 0,
            "at_2017_last_3y": 100,
            "at_2018_last_3y": 69.34,
            "at_2019_last_3y": 37.07,
            "at_2020_last_3y": 2.46,
            "at_2021_last_3y": -9.29,
            "at_2022_last_3y": 13.71,
            "at_2023_last_3y": 8.51,
            "at_2024_last_3y": 8.51,
            "at_2006_last_all": 100,
            "at_2007_last_all": 66.71,
            "at_2008_last_all": 18.22,
            "at_2009_last_all": 37.49,
            "at_2010_last_all": 28.15,
            "at_2011_last_all": 20.09,
            "at_2012_last_all": 7.7,
            "at_2013_last_all": -5.76,
            "at_2014_last_all": -5.76,
            "at_2015_last_all": -5.76,
            "at_2016_last_all": 5.99,
            "at_2017_last_all": 15.39,
            "at_2018_last_all": 14.72,
            "at_2019_last_all": 8.51,
            "at_2020_last_all": 4.9,
            "at_2021_last_all": 8.34,
            "at_2022_last_all": 14.45,
            "at_2023_last_all": 8.51,
            "at_2024_last_all": 8.51
        },
        "latest_eps": 3.1,
        "latest_price": 20.65,
        "latest_roe": 10.34,
        "latest_gross_margin": 42.49,
        "latest_equity": 14566821,
        "latest_revenue": 510039,
        "latest_gross_profit": 216712,
        "latest_net_income": 91366,
        "latest_debt_ratio": 52.21,
        "latest_current_ratio": 134.21,
        "latest_account_receivable_turnover_ratio": 16.66,
        "latest_inventory_turnover_ratio": 0.02,
        "latest_reinvestment_rate": 4.34,
        "latest_research_to_sale_ratio": null
    },
    "eps_dividends": {
        "1993": {
            "cash": 0,
            "stock": 1.06,
            "eps": 0
        },
        "1994": {
            "cash": 0,
            "stock": 2.96,
            "eps": 0
        },
        "1995": {
            "cash": 0,
            "stock": 3.5,
            "eps": 0
        },
        "1997": {
            "cash": 1.5,
            "stock": 2,
            "eps": 0
        },
        "1998": {
            "cash": 0,
            "stock": 3,
            "eps": 0
        },
        "1999": {
            "cash": 2,
            "stock": 0,
            "eps": 0
        },
        "2000": {
            "cash": 1.7,
            "stock": 0,
            "eps": 0
        },
        "2001": {
            "cash": 0,
            "stock": 1,
            "eps": -0.26
        },
        "2002": {
            "cash": 0,
            "stock": 0,
            "eps": -0.99
        },
        "2003": {
            "cash": 0,
            "stock": 0,
            "eps": -0.34
        },
        "2004": {
            "cash": 0,
            "stock": 0,
            "eps": -0.05
        },
        "2005": {
            "cash": 0,
            "stock": 0,
            "eps": 0.97
        },
        "2006": {
            "cash": 0.52,
            "stock": 0,
            "eps": 3.74
        },
        "2007": {
            "cash": 3.3,
            "stock": 0,
            "eps": 4.99
        },
        "2008": {
            "cash": 4,
            "stock": 0,
            "eps": 1.06
        },
        "2009": {
            "cash": 1,
            "stock": 0,
            "eps": 2.07
        },
        "2010": {
            "cash": 0.3,
            "stock": 1,
            "eps": 1.88
        },
        "2011": {
            "cash": 2.7,
            "stock": 0,
            "eps": 1.5
        },
        "2012": {
            "cash": 0,
            "stock": 0,
            "eps": 0.5
        },
        "2013": {
            "cash": 1,
            "stock": 0,
            "eps": -0.24
        },
        "2014": {
            "cash": 1,
            "stock": 0,
            "eps": -0.41
        },
        "2015": {
            "cash": 0.4,
            "stock": 0,
            "eps": 0.68
        },
        "2016": {
            "cash": 0.5,
            "stock": 0,
            "eps": 1.46
        },
        "2017": {
            "cash": 1,
            "stock": 0,
            "eps": 4.37
        },
        "2018": {
            "cash": 2,
            "stock": 2,
            "eps": 4.72
        },
        "2019": {
            "cash": 0,
            "stock": 0,
            "eps": 1.9
        },
        "2020": {
            "cash": 0.5,
            "stock": 0,
            "eps": 1.17
        },
        "2021": {
            "cash": 1,
            "stock": 0,
            "eps": 1.79
        },
        "2022": {
            "cash": 1.2,
            "stock": 0,
            "eps": 4.16
        },
        "2023": {
            "cash": 1.75,
            "stock": 0,
            "eps": 0.81
        }
    },
    "dividends": {
        "1993-11-04": {
            "cash": 0,
            "stock": 1.06
        },
        "1994-05-28": {
            "cash": 0,
            "stock": 2.96
        },
        "1995-05-20": {
            "cash": 0,
            "stock": 3.5
        },
        "1997-04-30": {
            "cash": 1.5,
            "stock": 2
        },
        "1998-04-28": {
            "cash": 0,
            "stock": 3
        },
        "1999-04-27": {
            "cash": 2,
            "stock": 0
        },
        "2000-05-09": {
            "cash": 1.7,
            "stock": 0
        },
        "2001-06-28": {
            "cash": 0,
            "stock": 1
        },
        "2006-04-24": {
            "cash": 0.52,
            "stock": 0
        },
        "2007-03-23": {
            "cash": 3.3,
            "stock": 0
        },
        "2008-03-25": {
            "cash": 4,
            "stock": 0
        },
        "2009-03-26": {
            "cash": 1,
            "stock": 0
        },
        "2010-03-26": {
            "cash": 0.3,
            "stock": 1
        },
        "2011-01-01": {
            "cash": 1.2,
            "stock": 0
        },
        "2011-03-25": {
            "cash": 1.5,
            "stock": 0
        },
        "2013-03-27": {
            "cash": 1,
            "stock": 0
        },
        "2014-09-19": {
            "cash": 1,
            "stock": 0
        },
        "2015-09-18": {
            "cash": 0.4,
            "stock": 0
        },
        "2016-09-23": {
            "cash": 0.5,
            "stock": 0
        },
        "2017-09-22": {
            "cash": 1,
            "stock": 0
        },
        "2018-09-21": {
            "cash": 2,
            "stock": 2
        },
        "2020-08-28": {
            "cash": 0.5,
            "stock": 0
        },
        "2021-09-09": {
            "cash": 1,
            "stock": 0
        },
        "2022-09-08": {
            "cash": 1.2,
            "stock": 0
        },
        "2023-08-22": {
            "cash": 1.75,
            "stock": 0
        }
    },
    "prices": {
        "200101": "8.32",
        "200102": "11.07",
        "200103": "12.43",
        "200104": "10.40",
        "200105": "8.79",
        "200106": "7.90",
        "200107": "6.35",
        "200108": "6.56",
        "200109": "5.81",
        "200110": "5.14",
        "200111": "4.82",
        "200112": "5.73",
        "200201": "5.87",
        "200202": "5.78",
        "200203": "6.22",
        "200204": "8.22",
        "200205": "7.67",
        "200206": "7.66",
        "200207": "6.59",
        "200208": "5.59",
        "200209": "4.65",
        "200210": "4.05",
        "200211": "4.60",
        "200212": "5.52",
        "200301": "5.69",
        "200302": "4.58",
        "200303": "4.04",
        "200304": "4.58",
        "200305": "4.14",
        "200306": "4.90",
        "200307": "6.85",
        "200308": "7.85",
        "200309": "9.89",
        "200310": "15.85",
        "200311": "13.84",
        "200312": "13.60",
        "200401": "16.96",
        "200402": "20.12",
        "200403": "22.01",
        "200404": "19.18",
        "200405": "14.55",
        "200406": "16.17",
        "200407": "15.09",
        "200408": "15.84",
        "200409": "18.44",
        "200410": "17.58",
        "200411": "14.05",
        "200412": "15.65",
        "200501": "16.00",
        "200502": "15.30",
        "200503": "17.02",
        "200504": "16.60",
        "200505": "16.54",
        "200506": "19.50",
        "200507": "18.70",
        "200508": "18.51",
        "200509": "18.76",
        "200510": "19.99",
        "200511": "19.36",
        "200512": "22.99",
        "200601": "22.17",
        "200602": "21.19",
        "200603": "19.06",
        "200604": "21.52",
        "200605": "26.81",
        "200606": "22.56",
        "200607": "23.43",
        "200608": "23.27",
        "200609": "22.16",
        "200610": "23.30",
        "200611": "25.63",
        "200612": "26.52",
        "200701": "24.17",
        "200702": "23.90",
        "200703": "23.33",
        "200704": "25.64",
        "200705": "25.22",
        "200706": "26.04",
        "200707": "27.08",
        "200708": "25.54",
        "200709": "21.61",
        "200710": "22.64",
        "200711": "24.31",
        "200712": "22.24",
        "200801": "23.22",
        "200802": "24.85",
        "200803": "27.29",
        "200804": "33.42",
        "200805": "32.62",
        "200806": "29.14",
        "200807": "24.22",
        "200808": "16.23",
        "200809": "11.59",
        "200810": "7.29",
        "200811": "6.72",
        "200812": "7.21",
        "200901": "7.32",
        "200902": "6.64",
        "200903": "7.50",
        "200904": "10.79",
        "200905": "13.82",
        "200906": "14.27",
        "200907": "15.13",
        "200908": "13.96",
        "200909": "14.28",
        "200910": "15.10",
        "200911": "15.02",
        "200912": "15.27",
        "201001": "19.05",
        "201002": "17.59",
        "201003": "18.77",
        "201004": "18.78",
        "201005": "17.12",
        "201006": "16.49",
        "201007": "16.99",
        "201008": "17.12",
        "201009": "17.57",
        "201010": "18.03",
        "201011": "18.14",
        "201012": "19.49",
        "201101": "20.02",
        "201102": "18.66",
        "201103": "16.18",
        "201104": "16.87",
        "201105": "16.68",
        "201106": "16.56",
        "201107": "17.55",
        "201108": "15.73",
        "201109": "13.24",
        "201110": "12.97",
        "201111": "14.03",
        "201112": "13.21",
        "201201": "13.12",
        "201202": "14.26",
        "201203": "14.35",
        "201204": "14.52",
        "201205": "14.78",
        "201206": "14.85",
        "201207": "15.01",
        "201208": "14.74",
        "201209": "16.66",
        "201210": "16.75",
        "201211": "16.21",
        "201212": "16.71",
        "201301": "18.45",
        "201302": "20.67",
        "201303": "21.17",
        "201304": "22.12",
        "201305": "25.64",
        "201306": "25.63",
        "201307": "27.25",
        "201308": "26.27",
        "201309": "23.96",
        "201310": "24.62",
        "201311": "24.64",
        "201312": "24.59",
        "201401": "23.66",
        "201402": "23.84",
        "201403": "22.95",
        "201404": "21.77",
        "201405": "19.93",
        "201406": "19.64",
        "201407": "20.32",
        "201408": "20.18",
        "201409": "21.08",
        "201410": "18.86",
        "201411": "18.46",
        "201412": "19.48",
        "201501": "19.58",
        "201502": "19.28",
        "201503": "19.27",
        "201504": "20.16",
        "201505": "21.54",
        "201506": "19.60",
        "201507": "17.01",
        "201508": "15.02",
        "201509": "14.86",
        "201510": "15.58",
        "201511": "16.90",
        "201512": "17.38",
        "201601": "15.11",
        "201602": "14.25",
        "201603": "15.49",
        "201604": "15.84",
        "201605": "15.89",
        "201606": "15.94",
        "201607": "16.51",
        "201608": "16.56",
        "201609": "16.47",
        "201610": "16.96",
        "201611": "16.85",
        "201612": "18.14",
        "201701": "18.91",
        "201702": "19.75",
        "201703": "19.31",
        "201704": "19.62",
        "201705": "18.89",
        "201706": "19.17",
        "201707": "19.75",
        "201708": "21.06",
        "201709": "22.89",
        "201710": "23.81",
        "201711": "24.07",
        "201712": "25.48",
        "201801": "26.96",
        "201802": "27.99",
        "201803": "29.60",
        "201804": "34.11",
        "201805": "37.12",
        "201806": "39.76",
        "201807": "39.00",
        "201808": "35.72",
        "201809": "30.74",
        "201810": "28.03",
        "201811": "26.72",
        "201812": "25.99",
        "201901": "26.79",
        "201902": "28.13",
        "201903": "28.91",
        "201904": "27.05",
        "201905": "21.49",
        "201906": "20.93",
        "201907": "20.71",
        "201908": "20.16",
        "201909": "20.08",
        "201910": "20.57",
        "201911": "21.95",
        "201912": "24.51",
        "202001": "24.20",
        "202002": "21.70",
        "202003": "16.99",
        "202004": "16.71",
        "202005": "17.14",
        "202006": "18.37",
        "202007": "17.66",
        "202008": "17.35",
        "202009": "17.80",
        "202010": "17.36",
        "202011": "17.65",
        "202012": "19.72",
        "202101": "18.85",
        "202102": "18.41",
        "202103": "18.98",
        "202104": "21.85",
        "202105": "20.26",
        "202106": "19.85",
        "202107": "20.28",
        "202108": "20.15",
        "202109": "21.34",
        "202110": "23.36",
        "202111": "23.57",
        "202112": "23.36",
        "202201": "23.91",
        "202202": "24.43",
        "202203": "24.52",
        "202204": "25.23",
        "202205": "24.64",
        "202206": "25.32",
        "202207": "24.55",
        "202208": "24.72",
        "202209": "25.46",
        "202210": "24.55",
        "202211": "25.39",
        "202212": "24.15",
        "202301": "23.01",
        "202302": "23.19",
        "202303": "23.71",
        "202304": "22.71",
        "202305": "22.59",
        "202306": "22.52",
        "202307": "21.31",
        "202308": "19.50",
        "202309": "19.20",
        "202310": "18.50",
        "202311": "19.53",
        "202312": "20.34"
    },
    "quarters": {
        "20011": {
            "year_quarter": 20011,
            "year": 2001,
            "quarter": 1,
            "eps": 0.2,
            "eps_growth_year": -45.95,
            "eps_4q": -1.52,
            "eps_4q_growth_year": -171.64,
            "roe": 1.09,
            "roe_4q": 1.09,
            "gross_profit": 68411,
            "gross_margin": 14.25,
            "gross_margin_4q_avg": 14.25,
            "net_income": 99577,
            "net_income_4q": null,
            "revenue": 479941,
            "revenue_4q": null,
            "common_shares": 5055992,
            "book_valuer_per_share": 18.15,
            "book_valuer_per_share_4q_avg": 18.15,
            "equity": 9175105,
            "current_ratio": 190.29,
            "debt_ratio": 65.19,
            "inventory_turnover_ratio": 0.02,
            "account_receivable_turnover_ratio": null,
            "reinvestment_rate": null,
            "research_to_sale_ratio": null,
            "price_fair": 0,
            "eps_avg_yearly": 0,
            "eps_latest_yearly": 0,
            "eps_growth_yearly": 0
        },
        "20012": {
            "year_quarter": 20012,
            "year": 2001,
            "quarter": 2,
            "eps": -0.24,
            "eps_growth_year": null,
            "eps_4q": -1.64,
            "eps_4q_growth_year": -190.27,
            "roe": -1.48,
            "roe_4q": -0.3899999999999999,
            "gross_profit": 10618,
            "gross_margin": 3.23,
            "gross_margin_4q_avg": 8.74,
            "net_income": -135190,
            "net_income_4q": null,
            "revenue": 329234,
            "revenue_4q": null,
            "common_shares": 5055992,
            "book_valuer_per_share": 17.88,
            "book_valuer_per_share_4q_avg": 18.02,
            "equity": 9038467,
            "current_ratio": 186.08,
            "debt_ratio": 66.22,
            "inventory_turnover_ratio": 0.01,
            "account_receivable_turnover_ratio": null,
            "reinvestment_rate": null,
            "research_to_sale_ratio": null,
            "price_fair": 0,
            "eps_avg_yearly": 0,
            "eps_latest_yearly": 0,
            "eps_growth_yearly": 0
        },
        "20013": {
            "year_quarter": 20013,
            "year": 2001,
            "quarter": 3,
            "eps": 0.2,
            "eps_growth_year": null,
            "eps_4q": -0.91,
            "eps_4q_growth_year": -206.71,
            "roe": 1.21,
            "roe_4q": 0.8200000000000001,
            "gross_profit": 233844,
            "gross_margin": 22.37,
            "gross_margin_4q_avg": 13.28,
            "net_income": 109981,
            "net_income_4q": null,
            "revenue": 1045130,
            "revenue_4q": null,
            "common_shares": 5561591,
            "book_valuer_per_share": 16.45,
            "book_valuer_per_share_4q_avg": 17.49,
            "equity": 9147965,
            "current_ratio": 222.42,
            "debt_ratio": 60.64,
            "inventory_turnover_ratio": 0.04,
            "account_receivable_turnover_ratio": null,
            "reinvestment_rate": null,
            "research_to_sale_ratio": null,
            "price_fair": 0,
            "eps_avg_yearly": 0,
            "eps_latest_yearly": 0,
            "eps_growth_yearly": 0
        },
        "20014": {
            "year_quarter": 20014,
            "year": 2001,
            "quarter": 4,
            "eps": -0.42,
            "eps_growth_year": null,
            "eps_4q": -0.29,
            "eps_4q_growth_year": null,
            "roe": -2.58,
            "roe_4q": -1.76,
            "gross_profit": -104080,
            "gross_margin": -30.49,
            "gross_margin_4q_avg": 2.34,
            "net_income": -233378,
            "net_income_4q": null,
            "revenue": 341346,
            "revenue_4q": null,
            "common_shares": 5561591,
            "book_valuer_per_share": 16.03,
            "book_valuer_per_share_4q_avg": 17.13,
            "equity": 8914559,
            "current_ratio": 224.35,
            "debt_ratio": 60.49,
            "inventory_turnover_ratio": 0.02,
            "account_receivable_turnover_ratio": null,
            "reinvestment_rate": null,
            "research_to_sale_ratio": null,
            "price_fair": 0,
            "eps_avg_yearly": 0,
            "eps_latest_yearly": 0,
            "eps_growth_yearly": 0
        },
        "20021": {
            "year_quarter": 20021,
            "year": 2002,
            "quarter": 1,
            "eps": 0.01,
            "eps_growth_year": -95,
            "eps_4q": -0.8,
            "eps_4q_growth_year": null,
            "roe": 0.04,
            "roe_4q": -2.81,
            "gross_profit": 7233,
            "gross_margin": 2.95,
            "gross_margin_4q_avg": -0.49,
            "net_income": 3199,
            "net_income_4q": null,
            "revenue": 245373,
            "revenue_4q": null,
            "common_shares": 5561591,
            "book_valuer_per_share": 15.83,
            "book_valuer_per_share_4q_avg": 16.55,
            "equity": 8802538,
            "current_ratio": 228.25,
            "debt_ratio": 60.87,
            "inventory_turnover_ratio": 0.01,
            "account_receivable_turnover_ratio": null,
            "reinvestment_rate": null,
            "research_to_sale_ratio": null,
            "price_fair": 0,
            "eps_avg_yearly": 0,
            "eps_latest_yearly": 0,
            "eps_growth_yearly": 0
        },
        "20022": {
            "year_quarter": 20022,
            "year": 2002,
            "quarter": 2,
            "eps": -0.08,
            "eps_growth_year": null,
            "eps_4q": -0.3,
            "eps_4q_growth_year": null,
            "roe": -0.53,
            "roe_4q": -1.8600000000000003,
            "gross_profit": -13973,
            "gross_margin": -1.45,
            "gross_margin_4q_avg": -1.66,
            "net_income": -46698,
            "net_income_4q": null,
            "revenue": 966737,
            "revenue_4q": null,
            "common_shares": 5561591,
            "book_valuer_per_share": 15.95,
            "book_valuer_per_share_4q_avg": 16.07,
            "equity": 8870090,
            "current_ratio": 249.99,
            "debt_ratio": 58.12,
            "inventory_turnover_ratio": 0.05,
            "account_receivable_turnover_ratio": null,
            "reinvestment_rate": null,
            "research_to_sale_ratio": null,
            "price_fair": 0,
            "eps_avg_yearly": 0,
            "eps_latest_yearly": 0,
            "eps_growth_yearly": 0
        },
        "20023": {
            "year_quarter": 20023,
            "year": 2002,
            "quarter": 3,
            "eps": -0.21,
            "eps_growth_year": -205,
            "eps_4q": -0.7,
            "eps_4q_growth_year": null,
            "roe": -1.29,
            "roe_4q": -4.36,
            "gross_profit": -14647,
            "gross_margin": -2.42,
            "gross_margin_4q_avg": -7.85,
            "net_income": -114097,
            "net_income_4q": null,
            "revenue": 604460,
            "revenue_4q": null,
            "common_shares": 5561591,
            "book_valuer_per_share": 15.74,
            "book_valuer_per_share_4q_avg": 15.89,
            "equity": 8755994,
            "current_ratio": 272.63,
            "debt_ratio": 56.4,
            "inventory_turnover_ratio": 0.04,
            "account_receivable_turnover_ratio": null,
            "reinvestment_rate": null,
            "research_to_sale_ratio": null,
            "price_fair": 0,
            "eps_avg_yearly": 0,
            "eps_latest_yearly": 0,
            "eps_growth_yearly": 0
        },
        "20024": {
            "year_quarter": 20024,
            "year": 2002,
            "quarter": 4,
            "eps": -0.71,
            "eps_growth_year": null,
            "eps_4q": -1,
            "eps_4q_growth_year": null,
            "roe": -4.52,
            "roe_4q": -6.3,
            "gross_profit": -55199,
            "gross_margin": -95.98,
            "gross_margin_4q_avg": -24.23,
            "net_income": -387033,
            "net_income_4q": null,
            "revenue": 57512,
            "revenue_4q": null,
            "common_shares": 5561591,
            "book_valuer_per_share": 15.05,
            "book_valuer_per_share_4q_avg": 15.64,
            "equity": 8369624,
            "current_ratio": 279.08,
            "debt_ratio": 56.62,
            "inventory_turnover_ratio": 0.01,
            "account_receivable_turnover_ratio": null,
            "reinvestment_rate": null,
            "research_to_sale_ratio": null,
            "price_fair": 0,
            "eps_avg_yearly": 0,
            "eps_latest_yearly": 0,
            "eps_growth_yearly": 0
        },
        "20031": {
            "year_quarter": 20031,
            "year": 2003,
            "quarter": 1,
            "eps": 0.01,
            "eps_growth_year": 0,
            "eps_4q": -0.85,
            "eps_4q_growth_year": null,
            "roe": 0.08,
            "roe_4q": -6.26,
            "gross_profit": 10550,
            "gross_margin": 20.78,
            "gross_margin_4q_avg": -19.77,
            "net_income": 6362,
            "net_income_4q": null,
            "revenue": 50782,
            "revenue_4q": null,
            "common_shares": 5561591,
            "book_valuer_per_share": 15.14,
            "book_valuer_per_share_4q_avg": 15.47,
            "equity": 8418168,
            "current_ratio": 285.33,
            "debt_ratio": 56.41,
            "inventory_turnover_ratio": 0,
            "account_receivable_turnover_ratio": null,
            "reinvestment_rate": null,
            "research_to_sale_ratio": null,
            "price_fair": 0,
            "eps_avg_yearly": 0,
            "eps_latest_yearly": 0,
            "eps_growth_yearly": 0
        },
        "20032": {
            "year_quarter": 20032,
            "year": 2003,
            "quarter": 2,
            "eps": 0,
            "eps_growth_year": null,
            "eps_4q": -0.89,
            "eps_4q_growth_year": null,
            "roe": -0,
            "roe_4q": -5.7299999999999995,
            "gross_profit": -9950,
            "gross_margin": -13.35,
            "gross_margin_4q_avg": -22.74,
            "net_income": -248,
            "net_income_4q": null,
            "revenue": 74544,
            "revenue_4q": null,
            "common_shares": 5561591,
            "book_valuer_per_share": 15.14,
            "book_valuer_per_share_4q_avg": 15.27,
            "equity": 8418222,
            "current_ratio": 284.77,
            "debt_ratio": 56.53,
            "inventory_turnover_ratio": 0.01,
            "account_receivable_turnover_ratio": null,
            "reinvestment_rate": null,
            "research_to_sale_ratio": null,
            "price_fair": 0,
            "eps_avg_yearly": 0,
            "eps_latest_yearly": 0,
            "eps_growth_yearly": 0
        },
        "20033": {
            "year_quarter": 20033,
            "year": 2003,
            "quarter": 3,
            "eps": -0.09,
            "eps_growth_year": null,
            "eps_4q": -0.77,
            "eps_4q_growth_year": null,
            "roe": -0.59,
            "roe_4q": -5.029999999999999,
            "gross_profit": -15633,
            "gross_margin": -8.82,
            "gross_margin_4q_avg": -24.34,
            "net_income": -49759,
            "net_income_4q": null,
            "revenue": 177262,
            "revenue_4q": null,
            "common_shares": 5561591,
            "book_valuer_per_share": 15.05,
            "book_valuer_per_share_4q_avg": 15.1,
            "equity": 8370219,
            "current_ratio": 276.18,
            "debt_ratio": 57.2,
            "inventory_turnover_ratio": 0.01,
            "account_receivable_turnover_ratio": null,
            "reinvestment_rate": null,
            "research_to_sale_ratio": null,
            "price_fair": 0,
            "eps_avg_yearly": 0,
            "eps_latest_yearly": 0,
            "eps_growth_yearly": 0
        },
        "20034": {
            "year_quarter": 20034,
            "year": 2003,
            "quarter": 4,
            "eps": -0.26,
            "eps_growth_year": null,
            "eps_4q": -0.34,
            "eps_4q_growth_year": null,
            "roe": -1.75,
            "roe_4q": -2.26,
            "gross_profit": -25174,
            "gross_margin": -4.59,
            "gross_margin_4q_avg": -1.5,
            "net_income": -144847,
            "net_income_4q": null,
            "revenue": 548938,
            "revenue_4q": null,
            "common_shares": 5561591,
            "book_valuer_per_share": 14.79,
            "book_valuer_per_share_4q_avg": 15.03,
            "equity": 8226674,
            "current_ratio": 231.15,
            "debt_ratio": 56.64,
            "inventory_turnover_ratio": 0.04,
            "account_receivable_turnover_ratio": null,
            "reinvestment_rate": null,
            "research_to_sale_ratio": null,
            "price_fair": 0,
            "eps_avg_yearly": 0,
            "eps_latest_yearly": 0,
            "eps_growth_yearly": 0
        },
        "20041": {
            "year_quarter": 20041,
            "year": 2004,
            "quarter": 1,
            "eps": 0.01,
            "eps_growth_year": 0,
            "eps_4q": -0.24,
            "eps_4q_growth_year": null,
            "roe": 0.09,
            "roe_4q": -2.25,
            "gross_profit": 18080,
            "gross_margin": 4.47,
            "gross_margin_4q_avg": -5.57,
            "net_income": 7739,
            "net_income_4q": null,
            "revenue": 404681,
            "revenue_4q": null,
            "common_shares": 5561591,
            "book_valuer_per_share": 14.81,
            "book_valuer_per_share_4q_avg": 14.95,
            "equity": 8237373,
            "current_ratio": 252.61,
            "debt_ratio": 55.84,
            "inventory_turnover_ratio": 0.02,
            "account_receivable_turnover_ratio": null,
            "reinvestment_rate": null,
            "research_to_sale_ratio": null,
            "price_fair": 0,
            "eps_avg_yearly": 0,
            "eps_latest_yearly": 0,
            "eps_growth_yearly": 0
        },
        "20042": {
            "year_quarter": 20042,
            "year": 2004,
            "quarter": 2,
            "eps": -0.09,
            "eps_growth_year": null,
            "eps_4q": -0.42,
            "eps_4q_growth_year": null,
            "roe": -0.6,
            "roe_4q": -2.8499999999999996,
            "gross_profit": -19274,
            "gross_margin": -24.62,
            "gross_margin_4q_avg": -8.39,
            "net_income": -48887,
            "net_income_4q": null,
            "revenue": 78272,
            "revenue_4q": null,
            "common_shares": 5561591,
            "book_valuer_per_share": 14.72,
            "book_valuer_per_share_4q_avg": 14.84,
            "equity": 8186432,
            "current_ratio": 241.45,
            "debt_ratio": 57.05,
            "inventory_turnover_ratio": 0.01,
            "account_receivable_turnover_ratio": null,
            "reinvestment_rate": null,
            "research_to_sale_ratio": null,
            "price_fair": 0,
            "eps_avg_yearly": 0,
            "eps_latest_yearly": 0,
            "eps_growth_yearly": 0
        },
        "20043": {
            "year_quarter": 20043,
            "year": 2004,
            "quarter": 3,
            "eps": -0.02,
            "eps_growth_year": null,
            "eps_4q": -0.35,
            "eps_4q_growth_year": null,
            "roe": -0.13,
            "roe_4q": -2.39,
            "gross_profit": 4796,
            "gross_margin": 100,
            "gross_margin_4q_avg": 18.82,
            "net_income": -10688,
            "net_income_4q": null,
            "revenue": 4796,
            "revenue_4q": null,
            "common_shares": 5561591,
            "book_valuer_per_share": 14.7,
            "book_valuer_per_share_4q_avg": 14.76,
            "equity": 8176543,
            "current_ratio": 231.17,
            "debt_ratio": 58.23,
            "inventory_turnover_ratio": 0,
            "account_receivable_turnover_ratio": null,
            "reinvestment_rate": null,
            "research_to_sale_ratio": null,
            "price_fair": 0,
            "eps_avg_yearly": 0,
            "eps_latest_yearly": 0,
            "eps_growth_yearly": 0
        },
        "20044": {
            "year_quarter": 20044,
            "year": 2004,
            "quarter": 4,
            "eps": 0.05,
            "eps_growth_year": null,
            "eps_4q": -0.04,
            "eps_4q_growth_year": null,
            "roe": 0.36,
            "roe_4q": -0.28,
            "gross_profit": 2381,
            "gross_margin": 1.37,
            "gross_margin_4q_avg": 20.31,
            "net_income": 29840,
            "net_income_4q": null,
            "revenue": 173771,
            "revenue_4q": null,
            "common_shares": 5561591,
            "book_valuer_per_share": 14.75,
            "book_valuer_per_share_4q_avg": 14.75,
            "equity": 8201347,
            "current_ratio": 228.64,
            "debt_ratio": 58.57,
            "inventory_turnover_ratio": 0.01,
            "account_receivable_turnover_ratio": null,
            "reinvestment_rate": null,
            "research_to_sale_ratio": null,
            "price_fair": 0,
            "eps_avg_yearly": 0,
            "eps_latest_yearly": 0,
            "eps_growth_yearly": 0
        },
        "20051": {
            "year_quarter": 20051,
            "year": 2005,
            "quarter": 1,
            "eps": 0.08,
            "eps_growth_year": 700,
            "eps_4q": 0.02,
            "eps_4q_growth_year": null,
            "roe": 0.52,
            "roe_4q": 0.15000000000000002,
            "gross_profit": 50342,
            "gross_margin": 11.6,
            "gross_margin_4q_avg": 22.09,
            "net_income": 43116,
            "net_income_4q": null,
            "revenue": 433858,
            "revenue_4q": null,
            "common_shares": 5561591,
            "book_valuer_per_share": 14.82,
            "book_valuer_per_share_4q_avg": 14.75,
            "equity": 8244945,
            "current_ratio": 242.31,
            "debt_ratio": 57.69,
            "inventory_turnover_ratio": 0.02,
            "account_receivable_turnover_ratio": null,
            "reinvestment_rate": null,
            "research_to_sale_ratio": null,
            "price_fair": 11.2,
            "eps_avg_yearly": 0.32,
            "eps_latest_yearly": 0.32,
            "eps_growth_yearly": 240
        },
        "20052": {
            "year_quarter": 20052,
            "year": 2005,
            "quarter": 2,
            "eps": 0.08,
            "eps_growth_year": null,
            "eps_4q": 0.19,
            "eps_4q_growth_year": null,
            "roe": 0.56,
            "roe_4q": 1.31,
            "gross_profit": 28065,
            "gross_margin": 12.56,
            "gross_margin_4q_avg": 31.38,
            "net_income": 46193,
            "net_income_4q": null,
            "revenue": 223403,
            "revenue_4q": null,
            "common_shares": 5561591,
            "book_valuer_per_share": 14.91,
            "book_valuer_per_share_4q_avg": 14.8,
            "equity": 8290964,
            "current_ratio": 154.46,
            "debt_ratio": 58.7,
            "inventory_turnover_ratio": 0.01,
            "account_receivable_turnover_ratio": null,
            "reinvestment_rate": null,
            "research_to_sale_ratio": null,
            "price_fair": 11.2,
            "eps_avg_yearly": 0.32,
            "eps_latest_yearly": 0.32,
            "eps_growth_yearly": 120
        },
        "20053": {
            "year_quarter": 20053,
            "year": 2005,
            "quarter": 3,
            "eps": -0.04,
            "eps_growth_year": null,
            "eps_4q": 0.17,
            "eps_4q_growth_year": null,
            "roe": -0.28,
            "roe_4q": 1.1600000000000001,
            "gross_profit": 2006,
            "gross_margin": 86.02,
            "gross_margin_4q_avg": 27.89,
            "net_income": -23011,
            "net_income_4q": null,
            "revenue": 2332,
            "revenue_4q": null,
            "common_shares": 5561591,
            "book_valuer_per_share": 14.87,
            "book_valuer_per_share_4q_avg": 14.84,
            "equity": 8271218,
            "current_ratio": 151.95,
            "debt_ratio": 59.59,
            "inventory_turnover_ratio": 0,
            "account_receivable_turnover_ratio": null,
            "reinvestment_rate": null,
            "research_to_sale_ratio": null,
            "price_fair": 11.2,
            "eps_avg_yearly": 0.32,
            "eps_latest_yearly": 0.32,
            "eps_growth_yearly": 120
        },
        "20054": {
            "year_quarter": 20054,
            "year": 2005,
            "quarter": 4,
            "eps": 0.85,
            "eps_growth_year": 1600,
            "eps_4q": 0.97,
            "eps_4q_growth_year": null,
            "roe": 5.57,
            "roe_4q": 6.369999999999999,
            "gross_profit": 696779,
            "gross_margin": 27.75,
            "gross_margin_4q_avg": 34.48,
            "net_income": 473753,
            "net_income_4q": null,
            "revenue": 2511304,
            "revenue_4q": null,
            "common_shares": 5561591,
            "book_valuer_per_share": 15.73,
            "book_valuer_per_share_4q_avg": 15.08,
            "equity": 8746873,
            "current_ratio": 147.68,
            "debt_ratio": 58.63,
            "inventory_turnover_ratio": 0.11,
            "account_receivable_turnover_ratio": null,
            "reinvestment_rate": null,
            "research_to_sale_ratio": null,
            "price_fair": 11.2,
            "eps_avg_yearly": 0.32,
            "eps_latest_yearly": 0.32,
            "eps_growth_yearly": 120
        },
        "20061": {
            "year_quarter": 20061,
            "year": 2006,
            "quarter": 1,
            "eps": 1.41,
            "eps_growth_year": 1662.5,
            "eps_4q": 2.31,
            "eps_4q_growth_year": 9185.92,
            "roe": 8.56,
            "roe_4q": 14.410000000000002,
            "gross_profit": 993103,
            "gross_margin": 26.4,
            "gross_margin_4q_avg": 38.18,
            "net_income": 782438,
            "net_income_4q": null,
            "revenue": 3761514,
            "revenue_4q": null,
            "common_shares": 5561591,
            "book_valuer_per_share": 17.13,
            "book_valuer_per_share_4q_avg": 15.66,
            "equity": 9528692,
            "current_ratio": 170.51,
            "debt_ratio": 50.13,
            "inventory_turnover_ratio": 0.18,
            "account_receivable_turnover_ratio": null,
            "reinvestment_rate": 135.67,
            "research_to_sale_ratio": null,
            "price_fair": 73.27,
            "eps_avg_yearly": 2.09,
            "eps_latest_yearly": 5.64,
            "eps_growth_yearly": 167.84
        },
        "20062": {
            "year_quarter": 20062,
            "year": 2006,
            "quarter": 2,
            "eps": 1.12,
            "eps_growth_year": 1300,
            "eps_4q": 3.34,
            "eps_4q_growth_year": 1678.71,
            "roe": 6.41,
            "roe_4q": 20.259999999999998,
            "gross_profit": 857619,
            "gross_margin": 26.39,
            "gross_margin_4q_avg": 41.64,
            "net_income": 621826,
            "net_income_4q": null,
            "revenue": 3249804,
            "revenue_4q": null,
            "common_shares": 5561591,
            "book_valuer_per_share": 17.73,
            "book_valuer_per_share_4q_avg": 16.37,
            "equity": 9859529,
            "current_ratio": 195.99,
            "debt_ratio": 42.83,
            "inventory_turnover_ratio": 0.17,
            "account_receivable_turnover_ratio": null,
            "reinvestment_rate": 61.57,
            "research_to_sale_ratio": null,
            "price_fair": 94.15,
            "eps_avg_yearly": 2.69,
            "eps_latest_yearly": 4.48,
            "eps_growth_yearly": 105.31
        },
        "20063": {
            "year_quarter": 20063,
            "year": 2006,
            "quarter": 3,
            "eps": 0.49,
            "eps_growth_year": null,
            "eps_4q": 3.9,
            "eps_4q_growth_year": 2156.36,
            "roe": 2.7,
            "roe_4q": 23.240000000000002,
            "gross_profit": 473586,
            "gross_margin": 27.02,
            "gross_margin_4q_avg": 26.89,
            "net_income": 269832,
            "net_income_4q": null,
            "revenue": 1753031,
            "revenue_4q": null,
            "common_shares": 5561591,
            "book_valuer_per_share": 18.21,
            "book_valuer_per_share_4q_avg": 17.2,
            "equity": 10128708,
            "current_ratio": 162.18,
            "debt_ratio": 43.79,
            "inventory_turnover_ratio": 0.1,
            "account_receivable_turnover_ratio": null,
            "reinvestment_rate": 198.72,
            "research_to_sale_ratio": null,
            "price_fair": 89.04,
            "eps_avg_yearly": 2.54,
            "eps_latest_yearly": 1.96,
            "eps_growth_yearly": 39.25
        },
        "20064": {
            "year_quarter": 20064,
            "year": 2006,
            "quarter": 4,
            "eps": 0.72,
            "eps_growth_year": -15.29,
            "eps_4q": 3.73,
            "eps_4q_growth_year": 284.63,
            "roe": 3.88,
            "roe_4q": 21.55,
            "gross_profit": 571810,
            "gross_margin": 26.38,
            "gross_margin_4q_avg": 26.55,
            "net_income": 400864,
            "net_income_4q": null,
            "revenue": 2167392,
            "revenue_4q": null,
            "common_shares": 5561591,
            "book_valuer_per_share": 18.94,
            "book_valuer_per_share_4q_avg": 18,
            "equity": 10531086,
            "current_ratio": 185.16,
            "debt_ratio": 37.2,
            "inventory_turnover_ratio": 0.14,
            "account_receivable_turnover_ratio": null,
            "reinvestment_rate": 133.54,
            "research_to_sale_ratio": null,
            "price_fair": 91,
            "eps_avg_yearly": 2.6,
            "eps_latest_yearly": 2.88,
            "eps_growth_yearly": 64
        },
        "20071": {
            "year_quarter": 20071,
            "year": 2007,
            "quarter": 1,
            "eps": 1.02,
            "eps_growth_year": -27.66,
            "eps_4q": 3.35,
            "eps_4q_growth_year": 45.42,
            "roe": 5.23,
            "roe_4q": 18.22,
            "gross_profit": 699463,
            "gross_margin": 30.48,
            "gross_margin_4q_avg": 27.57,
            "net_income": 565163,
            "net_income_4q": null,
            "revenue": 2294592,
            "revenue_4q": null,
            "common_shares": 5561591,
            "book_valuer_per_share": 19.95,
            "book_valuer_per_share_4q_avg": 18.71,
            "equity": 11095491,
            "current_ratio": 231.79,
            "debt_ratio": 28.68,
            "inventory_turnover_ratio": 0.16,
            "account_receivable_turnover_ratio": null,
            "reinvestment_rate": 108.51,
            "research_to_sale_ratio": null,
            "price_fair": 98.4,
            "eps_avg_yearly": 2.81,
            "eps_latest_yearly": 4.08,
            "eps_growth_yearly": 78.67
        },
        "20072": {
            "year_quarter": 20072,
            "year": 2007,
            "quarter": 2,
            "eps": 1.85,
            "eps_growth_year": 65.18,
            "eps_4q": 4.07,
            "eps_4q_growth_year": 21.92,
            "roe": 9.63,
            "roe_4q": 21.44,
            "gross_profit": 1189198,
            "gross_margin": 40.34,
            "gross_margin_4q_avg": 31.06,
            "net_income": 1028287,
            "net_income_4q": null,
            "revenue": 2947593,
            "revenue_4q": null,
            "common_shares": 5561591,
            "book_valuer_per_share": 18.47,
            "book_valuer_per_share_4q_avg": 18.89,
            "equity": 10270916,
            "current_ratio": 183.35,
            "debt_ratio": 37.13,
            "inventory_turnover_ratio": 0.17,
            "account_receivable_turnover_ratio": null,
            "reinvestment_rate": 80.19,
            "research_to_sale_ratio": null,
            "price_fair": 118.48,
            "eps_avg_yearly": 3.39,
            "eps_latest_yearly": 7.4,
            "eps_growth_yearly": 109.52
        },
        "20073": {
            "year_quarter": 20073,
            "year": 2007,
            "quarter": 3,
            "eps": 1.52,
            "eps_growth_year": 210.2,
            "eps_4q": 5.11,
            "eps_4q_growth_year": 31.08,
            "roe": 7.89,
            "roe_4q": 26.63,
            "gross_profit": 603492,
            "gross_margin": 33.79,
            "gross_margin_4q_avg": 32.75,
            "net_income": 843761,
            "net_income_4q": null,
            "revenue": 1785799,
            "revenue_4q": null,
            "common_shares": 5561591,
            "book_valuer_per_share": 19.98,
            "book_valuer_per_share_4q_avg": 19.34,
            "equity": 11113128,
            "current_ratio": 225.39,
            "debt_ratio": 39.06,
            "inventory_turnover_ratio": 0.1,
            "account_receivable_turnover_ratio": null,
            "reinvestment_rate": 64.85,
            "research_to_sale_ratio": null,
            "price_fair": 128.96,
            "eps_avg_yearly": 3.68,
            "eps_latest_yearly": 6.08,
            "eps_growth_yearly": 89.42
        },
        "20074": {
            "year_quarter": 20074,
            "year": 2007,
            "quarter": 4,
            "eps": 0.6,
            "eps_growth_year": -16.67,
            "eps_4q": 4.98,
            "eps_4q_growth_year": 33.61,
            "roe": 2.96,
            "roe_4q": 25.71,
            "gross_profit": 494816,
            "gross_margin": 30.83,
            "gross_margin_4q_avg": 33.86,
            "net_income": 333912,
            "net_income_4q": null,
            "revenue": 1605103,
            "revenue_4q": null,
            "common_shares": 5561591,
            "book_valuer_per_share": 20.57,
            "book_valuer_per_share_4q_avg": 19.74,
            "equity": 11438861,
            "current_ratio": 302.54,
            "debt_ratio": 35.25,
            "inventory_turnover_ratio": 0.09,
            "account_receivable_turnover_ratio": null,
            "reinvestment_rate": 59.19,
            "research_to_sale_ratio": null,
            "price_fair": 124.46,
            "eps_avg_yearly": 3.56,
            "eps_latest_yearly": 2.4,
            "eps_growth_yearly": 56.27
        },
        "20081": {
            "year_quarter": 20081,
            "year": 2008,
            "quarter": 1,
            "eps": 1.07,
            "eps_growth_year": 4.9,
            "eps_4q": 5.03,
            "eps_4q_growth_year": 50.12,
            "roe": 5.07,
            "roe_4q": 25.550000000000004,
            "gross_profit": 232303,
            "gross_margin": 47,
            "gross_margin_4q_avg": 37.99,
            "net_income": 595578,
            "net_income_4q": null,
            "revenue": 494215,
            "revenue_4q": null,
            "common_shares": 5561591,
            "book_valuer_per_share": 21.64,
            "book_valuer_per_share_4q_avg": 20.17,
            "equity": 12037816,
            "current_ratio": 524.02,
            "debt_ratio": 30.56,
            "inventory_turnover_ratio": 0.02,
            "account_receivable_turnover_ratio": null,
            "reinvestment_rate": 53.57,
            "research_to_sale_ratio": null,
            "price_fair": 126.76,
            "eps_avg_yearly": 3.62,
            "eps_latest_yearly": 4.28,
            "eps_growth_yearly": 79.64
        },
        "20082": {
            "year_quarter": 20082,
            "year": 2008,
            "quarter": 2,
            "eps": 0.04,
            "eps_growth_year": -97.84,
            "eps_4q": 2.98,
            "eps_4q_growth_year": -26.96,
            "roe": 0.22,
            "roe_4q": 16.14,
            "gross_profit": 110480,
            "gross_margin": 46.98,
            "gross_margin_4q_avg": 39.65,
            "net_income": 24164,
            "net_income_4q": null,
            "revenue": 235146,
            "revenue_4q": null,
            "common_shares": 5561591,
            "book_valuer_per_share": 17.64,
            "book_valuer_per_share_4q_avg": 19.96,
            "equity": 9812132,
            "current_ratio": 240.23,
            "debt_ratio": 46.19,
            "inventory_turnover_ratio": 0.01,
            "account_receivable_turnover_ratio": null,
            "reinvestment_rate": 52.53,
            "research_to_sale_ratio": null,
            "price_fair": 116.67,
            "eps_avg_yearly": 3.33,
            "eps_latest_yearly": 0.16,
            "eps_growth_yearly": 40.92
        },
        "20083": {
            "year_quarter": 20083,
            "year": 2008,
            "quarter": 3,
            "eps": -0.03,
            "eps_growth_year": -101.97,
            "eps_4q": 1.68,
            "eps_4q_growth_year": -67.13,
            "roe": -0.2,
            "roe_4q": 8.05,
            "gross_profit": 6075,
            "gross_margin": 23.19,
            "gross_margin_4q_avg": 37,
            "net_income": -19112,
            "net_income_4q": null,
            "revenue": 26202,
            "revenue_4q": null,
            "common_shares": 5561591,
            "book_valuer_per_share": 17.6,
            "book_valuer_per_share_4q_avg": 19.36,
            "equity": 9787134,
            "current_ratio": 241.23,
            "debt_ratio": 47.86,
            "inventory_turnover_ratio": 0,
            "account_receivable_turnover_ratio": null,
            "reinvestment_rate": 52.58,
            "research_to_sale_ratio": null,
            "price_fair": 116.67,
            "eps_avg_yearly": 3.33,
            "eps_latest_yearly": 0.16,
            "eps_growth_yearly": 40.92
        },
        "20084": {
            "year_quarter": 20084,
            "year": 2008,
            "quarter": 4,
            "eps": -0.02,
            "eps_growth_year": -103.33,
            "eps_4q": 1.06,
            "eps_4q_growth_year": -78.71,
            "roe": -0.13,
            "roe_4q": 4.96,
            "gross_profit": 134111,
            "gross_margin": 44.15,
            "gross_margin_4q_avg": 40.33,
            "net_income": -12335,
            "net_income_4q": null,
            "revenue": 303732,
            "revenue_4q": null,
            "common_shares": 5561591,
            "book_valuer_per_share": 17.58,
            "book_valuer_per_share_4q_avg": 18.62,
            "equity": 9778658,
            "current_ratio": 218.91,
            "debt_ratio": 47.8,
            "inventory_turnover_ratio": 0.01,
            "account_receivable_turnover_ratio": 774.83,
            "reinvestment_rate": 74.43,
            "research_to_sale_ratio": null,
            "price_fair": 116.67,
            "eps_avg_yearly": 3.33,
            "eps_latest_yearly": 0.16,
            "eps_growth_yearly": 40.92
        },
        "20091": {
            "year_quarter": 20091,
            "year": 2009,
            "quarter": 1,
            "eps": -0.09,
            "eps_growth_year": -108.41,
            "eps_4q": -0.1,
            "eps_4q_growth_year": -102.01,
            "roe": -0.5,
            "roe_4q": -0.6100000000000001,
            "gross_profit": 4458,
            "gross_margin": 45.7,
            "gross_margin_4q_avg": 40.01,
            "net_income": -49029,
            "net_income_4q": null,
            "revenue": 9756,
            "revenue_4q": null,
            "common_shares": 5561591,
            "book_valuer_per_share": 17.5,
            "book_valuer_per_share_4q_avg": 17.58,
            "equity": 9730116,
            "current_ratio": 215.55,
            "debt_ratio": 48.24,
            "inventory_turnover_ratio": 0,
            "account_receivable_turnover_ratio": 12.69,
            "reinvestment_rate": 79.32,
            "research_to_sale_ratio": null,
            "price_fair": 118.38,
            "eps_avg_yearly": 3.61,
            "eps_latest_yearly": 0.16,
            "eps_growth_yearly": 22.82
        },
        "20092": {
            "year_quarter": 20092,
            "year": 2009,
            "quarter": 2,
            "eps": 0.24,
            "eps_growth_year": 500,
            "eps_4q": 0.1,
            "eps_4q_growth_year": -96.79,
            "roe": 1.4,
            "roe_4q": 0.5699999999999998,
            "gross_profit": 177591,
            "gross_margin": 47.66,
            "gross_margin_4q_avg": 40.18,
            "net_income": 133666,
            "net_income_4q": null,
            "revenue": 372633,
            "revenue_4q": null,
            "common_shares": 5561591,
            "book_valuer_per_share": 16.74,
            "book_valuer_per_share_4q_avg": 17.36,
            "equity": 9309190,
            "current_ratio": 203.42,
            "debt_ratio": 50.31,
            "inventory_turnover_ratio": 0.02,
            "account_receivable_turnover_ratio": 151.6,
            "reinvestment_rate": 79.67,
            "research_to_sale_ratio": null,
            "price_fair": 137.76,
            "eps_avg_yearly": 3.94,
            "eps_latest_yearly": 0.16,
            "eps_growth_yearly": 25.1
        },
        "20093": {
            "year_quarter": 20093,
            "year": 2009,
            "quarter": 3,
            "eps": 0.91,
            "eps_growth_year": null,
            "eps_4q": 1.04,
            "eps_4q_growth_year": -38.13,
            "roe": 5.31,
            "roe_4q": 6.079999999999999,
            "gross_profit": 553053,
            "gross_margin": 51.93,
            "gross_margin_4q_avg": 47.36,
            "net_income": 507469,
            "net_income_4q": null,
            "revenue": 1064939,
            "revenue_4q": null,
            "common_shares": 5561591,
            "book_valuer_per_share": 17.65,
            "book_valuer_per_share_4q_avg": 17.37,
            "equity": 9816879,
            "current_ratio": 228.58,
            "debt_ratio": 46.4,
            "inventory_turnover_ratio": 0.05,
            "account_receivable_turnover_ratio": 511.62,
            "reinvestment_rate": 73.13,
            "research_to_sale_ratio": null,
            "price_fair": 136.82,
            "eps_avg_yearly": 3.91,
            "eps_latest_yearly": 3.64,
            "eps_growth_yearly": 124.33
        },
        "20094": {
            "year_quarter": 20094,
            "year": 2009,
            "quarter": 4,
            "eps": 1.01,
            "eps_growth_year": null,
            "eps_4q": 2.07,
            "eps_4q_growth_year": 95.37,
            "roe": 5.54,
            "roe_4q": 11.75,
            "gross_profit": 637095,
            "gross_margin": 57.57,
            "gross_margin_4q_avg": 50.72,
            "net_income": 559671,
            "net_income_4q": null,
            "revenue": 1106635,
            "revenue_4q": null,
            "common_shares": 5561591,
            "book_valuer_per_share": 18.65,
            "book_valuer_per_share_4q_avg": 17.64,
            "equity": 10374459,
            "current_ratio": 297.12,
            "debt_ratio": 44.34,
            "inventory_turnover_ratio": 0.04,
            "account_receivable_turnover_ratio": 32.66,
            "reinvestment_rate": 34.81,
            "research_to_sale_ratio": null,
            "price_fair": 137.2,
            "eps_avg_yearly": 3.92,
            "eps_latest_yearly": 4.04,
            "eps_growth_yearly": 117.64
        },
        "20101": {
            "year_quarter": 20101,
            "year": 2010,
            "quarter": 1,
            "eps": 1.04,
            "eps_growth_year": null,
            "eps_4q": 3.2,
            "eps_4q_growth_year": null,
            "roe": 5.41,
            "roe_4q": 17.659999999999997,
            "gross_profit": 622056,
            "gross_margin": 59.2,
            "gross_margin_4q_avg": 54.09,
            "net_income": 576822,
            "net_income_4q": null,
            "revenue": 1050693,
            "revenue_4q": null,
            "common_shares": 5561591,
            "book_valuer_per_share": 19.71,
            "book_valuer_per_share_4q_avg": 18.19,
            "equity": 10959855,
            "current_ratio": 212.58,
            "debt_ratio": 46.51,
            "inventory_turnover_ratio": 0.03,
            "account_receivable_turnover_ratio": 30.67,
            "reinvestment_rate": 38.25,
            "research_to_sale_ratio": null,
            "price_fair": 132.88,
            "eps_avg_yearly": 3.8,
            "eps_latest_yearly": 4.16,
            "eps_growth_yearly": 96.66
        },
        "20102": {
            "year_quarter": 20102,
            "year": 2010,
            "quarter": 2,
            "eps": 0.59,
            "eps_growth_year": 145.89,
            "eps_4q": 3.28,
            "eps_4q_growth_year": 3331.62,
            "roe": 3.27,
            "roe_4q": 19.529999999999998,
            "gross_profit": 467731,
            "gross_margin": 43.15,
            "gross_margin_4q_avg": 52.96,
            "net_income": 361027,
            "net_income_4q": null,
            "revenue": 1083849,
            "revenue_4q": null,
            "common_shares": 5561591,
            "book_valuer_per_share": 20.04,
            "book_valuer_per_share_4q_avg": 19.01,
            "equity": 11145221,
            "current_ratio": 207.82,
            "debt_ratio": 47.2,
            "inventory_turnover_ratio": 0.04,
            "account_receivable_turnover_ratio": 1304.27,
            "reinvestment_rate": 39.74,
            "research_to_sale_ratio": null,
            "price_fair": 126.7,
            "eps_avg_yearly": 3.62,
            "eps_latest_yearly": 2.36,
            "eps_growth_yearly": 89.1
        },
        "20103": {
            "year_quarter": 20103,
            "year": 2010,
            "quarter": 3,
            "eps": 0.34,
            "eps_growth_year": -62.59,
            "eps_4q": 2.79,
            "eps_4q_growth_year": 168.19,
            "roe": 1.85,
            "roe_4q": 16.07,
            "gross_profit": 60911,
            "gross_margin": 34.61,
            "gross_margin_4q_avg": 48.63,
            "net_income": 208271,
            "net_income_4q": null,
            "revenue": 175997,
            "revenue_4q": null,
            "common_shares": 6117750,
            "book_valuer_per_share": 18.57,
            "book_valuer_per_share_4q_avg": 19.24,
            "equity": 11359389,
            "current_ratio": 217.12,
            "debt_ratio": 45.4,
            "inventory_turnover_ratio": 0.01,
            "account_receivable_turnover_ratio": 212.94,
            "reinvestment_rate": -0.28,
            "research_to_sale_ratio": null,
            "price_fair": 124.95,
            "eps_avg_yearly": 3.57,
            "eps_latest_yearly": 1.36,
            "eps_growth_yearly": 93.72
        },
        "20104": {
            "year_quarter": 20104,
            "year": 2010,
            "quarter": 4,
            "eps": -0.09,
            "eps_growth_year": -109.39,
            "eps_4q": 1.78,
            "eps_4q_growth_year": -14.12,
            "roe": -0.51,
            "roe_4q": 10.02,
            "gross_profit": 78945,
            "gross_margin": 35.13,
            "gross_margin_4q_avg": 43.02,
            "net_income": -58014,
            "net_income_4q": null,
            "revenue": 224750,
            "revenue_4q": null,
            "common_shares": 6117750,
            "book_valuer_per_share": 18.48,
            "book_valuer_per_share_4q_avg": 19.2,
            "equity": 11306875,
            "current_ratio": 277.57,
            "debt_ratio": 45.75,
            "inventory_turnover_ratio": 0.01,
            "account_receivable_turnover_ratio": 205.72,
            "reinvestment_rate": -23.12,
            "research_to_sale_ratio": null,
            "price_fair": 127.15,
            "eps_avg_yearly": 3.63,
            "eps_latest_yearly": 1.36,
            "eps_growth_yearly": 85.17
        },
        "20111": {
            "year_quarter": 20111,
            "year": 2011,
            "quarter": 1,
            "eps": 0.04,
            "eps_growth_year": -96.15,
            "eps_4q": 0.88,
            "eps_4q_growth_year": -72.55,
            "roe": 0.22,
            "roe_4q": 4.83,
            "gross_profit": 60578,
            "gross_margin": 50.62,
            "gross_margin_4q_avg": 40.88,
            "net_income": 25388,
            "net_income_4q": null,
            "revenue": 119665,
            "revenue_4q": null,
            "common_shares": 6117750,
            "book_valuer_per_share": 18.51,
            "book_valuer_per_share_4q_avg": 18.9,
            "equity": 11322527,
            "current_ratio": 272.83,
            "debt_ratio": 45.9,
            "inventory_turnover_ratio": 0,
            "account_receivable_turnover_ratio": 25.54,
            "reinvestment_rate": -25.74,
            "research_to_sale_ratio": null,
            "price_fair": 125.58,
            "eps_avg_yearly": 3.59,
            "eps_latest_yearly": 1.36,
            "eps_growth_yearly": 77.03
        },
        "20112": {
            "year_quarter": 20112,
            "year": 2011,
            "quarter": 2,
            "eps": 0.01,
            "eps_growth_year": -98.3,
            "eps_4q": 0.3,
            "eps_4q_growth_year": -90.93,
            "roe": 0.06,
            "roe_4q": 1.62,
            "gross_profit": 90575,
            "gross_margin": 49.63,
            "gross_margin_4q_avg": 42.5,
            "net_income": 6146,
            "net_income_4q": null,
            "revenue": 182502,
            "revenue_4q": null,
            "common_shares": 6117750,
            "book_valuer_per_share": 17.02,
            "book_valuer_per_share_4q_avg": 18.15,
            "equity": 10413485,
            "current_ratio": 243.23,
            "debt_ratio": 49.81,
            "inventory_turnover_ratio": 0.01,
            "account_receivable_turnover_ratio": 46.03,
            "reinvestment_rate": -32.41,
            "research_to_sale_ratio": null,
            "price_fair": 69.81,
            "eps_avg_yearly": 2.85,
            "eps_latest_yearly": 0.04,
            "eps_growth_yearly": 14.48
        },
        "20113": {
            "year_quarter": 20113,
            "year": 2011,
            "quarter": 3,
            "eps": 0.09,
            "eps_growth_year": -73.93,
            "eps_4q": 0.05,
            "eps_4q_growth_year": -98.37,
            "roe": 0.52,
            "roe_4q": 0.29000000000000004,
            "gross_profit": 98355,
            "gross_margin": 50.1,
            "gross_margin_4q_avg": 46.37,
            "net_income": 54292,
            "net_income_4q": null,
            "revenue": 196334,
            "revenue_4q": null,
            "common_shares": 6117750,
            "book_valuer_per_share": 17.09,
            "book_valuer_per_share_4q_avg": 17.78,
            "equity": 10453863,
            "current_ratio": 296.89,
            "debt_ratio": 52.25,
            "inventory_turnover_ratio": 0.01,
            "account_receivable_turnover_ratio": 2887.26,
            "reinvestment_rate": -40.6,
            "research_to_sale_ratio": null,
            "price_fair": 79.8,
            "eps_avg_yearly": 2.28,
            "eps_latest_yearly": 0.36,
            "eps_growth_yearly": 341.61
        },
        "20114": {
            "year_quarter": 20114,
            "year": 2011,
            "quarter": 4,
            "eps": 1.36,
            "eps_growth_year": null,
            "eps_4q": 1.5,
            "eps_4q_growth_year": -15.51,
            "roe": 7.51,
            "roe_4q": 8.31,
            "gross_profit": 28984,
            "gross_margin": 54.34,
            "gross_margin_4q_avg": 51.17,
            "net_income": 805970,
            "net_income_4q": null,
            "revenue": 53337,
            "revenue_4q": null,
            "common_shares": 5934530,
            "book_valuer_per_share": 18.55,
            "book_valuer_per_share_4q_avg": 17.79,
            "equity": 11006714,
            "current_ratio": 292.78,
            "debt_ratio": 46.99,
            "inventory_turnover_ratio": 0,
            "account_receivable_turnover_ratio": 129.62,
            "reinvestment_rate": -51.32,
            "research_to_sale_ratio": null,
            "price_fair": 90.44,
            "eps_avg_yearly": 2.58,
            "eps_latest_yearly": 5.44,
            "eps_growth_yearly": 930.27
        },
        "20121": {
            "year_quarter": 20121,
            "year": 2012,
            "quarter": 1,
            "eps": 0,
            "eps_growth_year": -100,
            "eps_4q": 1.47,
            "eps_4q_growth_year": 67.03,
            "roe": 0,
            "roe_4q": 8.09,
            "gross_profit": 17200,
            "gross_margin": 49.66,
            "gross_margin_4q_avg": 50.93,
            "net_income": 196,
            "net_income_4q": null,
            "revenue": 34633,
            "revenue_4q": null,
            "common_shares": 5914230,
            "book_valuer_per_share": 18.57,
            "book_valuer_per_share_4q_avg": 17.81,
            "equity": 10982128,
            "current_ratio": 272.12,
            "debt_ratio": 47.65,
            "inventory_turnover_ratio": 0,
            "account_receivable_turnover_ratio": 33.05,
            "reinvestment_rate": -60.92,
            "research_to_sale_ratio": null,
            "price_fair": 83.84,
            "eps_avg_yearly": 2.4,
            "eps_latest_yearly": 5.44,
            "eps_growth_yearly": 998.81
        },
        "20122": {
            "year_quarter": 20122,
            "year": 2012,
            "quarter": 2,
            "eps": 0.66,
            "eps_growth_year": 6468.02,
            "eps_4q": 2.12,
            "eps_4q_growth_year": 613.27,
            "roe": 3.6,
            "roe_4q": 11.629999999999999,
            "gross_profit": 11673,
            "gross_margin": 50.08,
            "gross_margin_4q_avg": 51.05,
            "net_income": 388954,
            "net_income_4q": null,
            "revenue": 23310,
            "revenue_4q": null,
            "common_shares": 5914230,
            "book_valuer_per_share": 18.03,
            "book_valuer_per_share_4q_avg": 18.06,
            "equity": 10628065,
            "current_ratio": 248.16,
            "debt_ratio": 50.01,
            "inventory_turnover_ratio": 0,
            "account_receivable_turnover_ratio": 17.08,
            "reinvestment_rate": -54.96,
            "research_to_sale_ratio": null,
            "price_fair": 93.63,
            "eps_avg_yearly": 2.68,
            "eps_latest_yearly": 5.44,
            "eps_growth_yearly": 1171.8
        },
        "20123": {
            "year_quarter": 20123,
            "year": 2012,
            "quarter": 3,
            "eps": -0.06,
            "eps_growth_year": -170.77,
            "eps_4q": 1.97,
            "eps_4q_growth_year": 4224.48,
            "roe": -0.35,
            "roe_4q": 10.76,
            "gross_profit": 4057,
            "gross_margin": 60.06,
            "gross_margin_4q_avg": 53.54,
            "net_income": -36996,
            "net_income_4q": null,
            "revenue": 6755,
            "revenue_4q": null,
            "common_shares": 5890910,
            "book_valuer_per_share": 17.98,
            "book_valuer_per_share_4q_avg": 18.28,
            "equity": 10592872,
            "current_ratio": 238.72,
            "debt_ratio": 50.51,
            "inventory_turnover_ratio": 0,
            "account_receivable_turnover_ratio": 2.98,
            "reinvestment_rate": -55.04,
            "research_to_sale_ratio": null,
            "price_fair": 93.63,
            "eps_avg_yearly": 2.68,
            "eps_latest_yearly": 5.44,
            "eps_growth_yearly": 1171.8
        },
        "20124": {
            "year_quarter": 20124,
            "year": 2012,
            "quarter": 4,
            "eps": -0.1,
            "eps_growth_year": -107.1,
            "eps_4q": 0.5,
            "eps_4q_growth_year": -66.64,
            "roe": -0.54,
            "roe_4q": 2.71,
            "gross_profit": 11214,
            "gross_margin": 54.16,
            "gross_margin_4q_avg": 53.49,
            "net_income": -56828,
            "net_income_4q": null,
            "revenue": 20706,
            "revenue_4q": null,
            "common_shares": 5890910,
            "book_valuer_per_share": 17.9,
            "book_valuer_per_share_4q_avg": 18.12,
            "equity": 10542065,
            "current_ratio": 246.22,
            "debt_ratio": 51.46,
            "inventory_turnover_ratio": 0,
            "account_receivable_turnover_ratio": 5.07,
            "reinvestment_rate": -92.98,
            "research_to_sale_ratio": null,
            "price_fair": 93.63,
            "eps_avg_yearly": 2.68,
            "eps_latest_yearly": 5.44,
            "eps_growth_yearly": 1171.8
        },
        "20131": {
            "year_quarter": 20131,
            "year": 2013,
            "quarter": 1,
            "eps": -0.13,
            "eps_growth_year": null,
            "eps_4q": 0.37,
            "eps_4q_growth_year": -74.98,
            "roe": -0.76,
            "roe_4q": 1.9500000000000002,
            "gross_profit": 4900,
            "gross_margin": 64,
            "gross_margin_4q_avg": 57.08,
            "net_income": -79140,
            "net_income_4q": null,
            "revenue": 7656,
            "revenue_4q": null,
            "common_shares": 5890910,
            "book_valuer_per_share": 17.27,
            "book_valuer_per_share_4q_avg": 17.8,
            "equity": 10172577,
            "current_ratio": 224.87,
            "debt_ratio": 53.26,
            "inventory_turnover_ratio": 0,
            "account_receivable_turnover_ratio": 2.67,
            "reinvestment_rate": -140.22,
            "research_to_sale_ratio": null,
            "price_fair": 93.63,
            "eps_avg_yearly": 2.68,
            "eps_latest_yearly": 5.44,
            "eps_growth_yearly": 1171.8
        },
        "20132": {
            "year_quarter": 20132,
            "year": 2013,
            "quarter": 2,
            "eps": -0.61,
            "eps_growth_year": -192.45,
            "eps_4q": -0.9,
            "eps_4q_growth_year": -142.55,
            "roe": -3.7,
            "roe_4q": -5.35,
            "gross_profit": 15051,
            "gross_margin": 53.24,
            "gross_margin_4q_avg": 57.87,
            "net_income": -358364,
            "net_income_4q": null,
            "revenue": 28271,
            "revenue_4q": null,
            "common_shares": 5890910,
            "book_valuer_per_share": 15.58,
            "book_valuer_per_share_4q_avg": 17.18,
            "equity": 9176147,
            "current_ratio": 198.13,
            "debt_ratio": 58.96,
            "inventory_turnover_ratio": 0,
            "account_receivable_turnover_ratio": 8.4,
            "reinvestment_rate": -168.97,
            "research_to_sale_ratio": null,
            "price_fair": 93.63,
            "eps_avg_yearly": 2.68,
            "eps_latest_yearly": 5.44,
            "eps_growth_yearly": 1171.8
        },
        "20133": {
            "year_quarter": 20133,
            "year": 2013,
            "quarter": 3,
            "eps": -0.27,
            "eps_growth_year": null,
            "eps_4q": -1.11,
            "eps_4q_growth_year": -156.49,
            "roe": -1.75,
            "roe_4q": -6.75,
            "gross_profit": 16666,
            "gross_margin": 57.39,
            "gross_margin_4q_avg": 57.2,
            "net_income": -159925,
            "net_income_4q": null,
            "revenue": 29041,
            "revenue_4q": null,
            "common_shares": 5890910,
            "book_valuer_per_share": 15.38,
            "book_valuer_per_share_4q_avg": 16.53,
            "equity": 9061435,
            "current_ratio": 168.1,
            "debt_ratio": 61.33,
            "inventory_turnover_ratio": 0,
            "account_receivable_turnover_ratio": 5.94,
            "reinvestment_rate": -217.19,
            "research_to_sale_ratio": null,
            "price_fair": 88.8,
            "eps_avg_yearly": 2.54,
            "eps_latest_yearly": 5.44,
            "eps_growth_yearly": 1179.67
        },
        "20134": {
            "year_quarter": 20134,
            "year": 2013,
            "quarter": 4,
            "eps": 0.77,
            "eps_growth_year": null,
            "eps_4q": -0.25,
            "eps_4q_growth_year": -149.24,
            "roe": 4.87,
            "roe_4q": -1.34,
            "gross_profit": 602576,
            "gross_margin": 78.78,
            "gross_margin_4q_avg": 63.35,
            "net_income": 452018,
            "net_income_4q": null,
            "revenue": 764919,
            "revenue_4q": null,
            "common_shares": 5890910,
            "book_valuer_per_share": 16.12,
            "book_valuer_per_share_4q_avg": 16.09,
            "equity": 9496257,
            "current_ratio": 176.99,
            "debt_ratio": 59.9,
            "inventory_turnover_ratio": 0.01,
            "account_receivable_turnover_ratio": 122.71,
            "reinvestment_rate": -158.38,
            "research_to_sale_ratio": null,
            "price_fair": 80.03,
            "eps_avg_yearly": 2.29,
            "eps_latest_yearly": 5.44,
            "eps_growth_yearly": 1368.96
        },
        "20141": {
            "year_quarter": 20141,
            "year": 2014,
            "quarter": 1,
            "eps": -0.21,
            "eps_growth_year": null,
            "eps_4q": -0.32,
            "eps_4q_growth_year": -186.72,
            "roe": -1.28,
            "roe_4q": -1.8600000000000003,
            "gross_profit": 5046,
            "gross_margin": 65.13,
            "gross_margin_4q_avg": 63.64,
            "net_income": -121036,
            "net_income_4q": null,
            "revenue": 7748,
            "revenue_4q": null,
            "common_shares": 5890910,
            "book_valuer_per_share": 15.93,
            "book_valuer_per_share_4q_avg": 15.75,
            "equity": 9387093,
            "current_ratio": 162.37,
            "debt_ratio": 61.21,
            "inventory_turnover_ratio": 0,
            "account_receivable_turnover_ratio": 1.34,
            "reinvestment_rate": -244.84,
            "research_to_sale_ratio": null,
            "price_fair": 66.92,
            "eps_avg_yearly": 1.91,
            "eps_latest_yearly": 5.44,
            "eps_growth_yearly": 1640.38
        },
        "20142": {
            "year_quarter": 20142,
            "year": 2014,
            "quarter": 2,
            "eps": -0.17,
            "eps_growth_year": null,
            "eps_4q": 0.12,
            "eps_4q_growth_year": null,
            "roe": -1.1,
            "roe_4q": 0.7400000000000002,
            "gross_profit": 27358,
            "gross_margin": 17.96,
            "gross_margin_4q_avg": 54.82,
            "net_income": -99296,
            "net_income_4q": null,
            "revenue": 152326,
            "revenue_4q": null,
            "common_shares": 5890910,
            "book_valuer_per_share": 14.76,
            "book_valuer_per_share_4q_avg": 15.55,
            "equity": 8696082,
            "current_ratio": 154.04,
            "debt_ratio": 64.38,
            "inventory_turnover_ratio": 0.01,
            "account_receivable_turnover_ratio": 15.08,
            "reinvestment_rate": -360.35,
            "research_to_sale_ratio": null,
            "price_fair": 63,
            "eps_avg_yearly": 1.8,
            "eps_latest_yearly": 5.44,
            "eps_growth_yearly": 2093.74
        },
        "20143": {
            "year_quarter": 20143,
            "year": 2014,
            "quarter": 3,
            "eps": -0.11,
            "eps_growth_year": null,
            "eps_4q": 0.28,
            "eps_4q_growth_year": null,
            "roe": -0.74,
            "roe_4q": 1.75,
            "gross_profit": 6229,
            "gross_margin": 69.13,
            "gross_margin_4q_avg": 57.75,
            "net_income": -64164,
            "net_income_4q": null,
            "revenue": 9010,
            "revenue_4q": null,
            "common_shares": 5890910,
            "book_valuer_per_share": 14.71,
            "book_valuer_per_share_4q_avg": 15.38,
            "equity": 8664819,
            "current_ratio": 185.06,
            "debt_ratio": 65.21,
            "inventory_turnover_ratio": 0,
            "account_receivable_turnover_ratio": 0.47,
            "reinvestment_rate": -496.13,
            "research_to_sale_ratio": null,
            "price_fair": 68.13,
            "eps_avg_yearly": 1.95,
            "eps_latest_yearly": 5.44,
            "eps_growth_yearly": 2848.15
        },
        "20144": {
            "year_quarter": 20144,
            "year": 2014,
            "quarter": 4,
            "eps": 0.08,
            "eps_growth_year": -89.53,
            "eps_4q": -0.4,
            "eps_4q_growth_year": null,
            "roe": 0.54,
            "roe_4q": -2.58,
            "gross_profit": 314634,
            "gross_margin": 39.13,
            "gross_margin_4q_avg": 47.84,
            "net_income": 47315,
            "net_income_4q": null,
            "revenue": 804052,
            "revenue_4q": null,
            "common_shares": 5890910,
            "book_valuer_per_share": 14.79,
            "book_valuer_per_share_4q_avg": 15.05,
            "equity": 8711109,
            "current_ratio": 175.48,
            "debt_ratio": 65.15,
            "inventory_turnover_ratio": 0.03,
            "account_receivable_turnover_ratio": 39.15,
            "reinvestment_rate": -271.86,
            "research_to_sale_ratio": null,
            "price_fair": 68.13,
            "eps_avg_yearly": 1.95,
            "eps_latest_yearly": 5.44,
            "eps_growth_yearly": 2848.15
        },
        "20151": {
            "year_quarter": 20151,
            "year": 2015,
            "quarter": 1,
            "eps": -0.08,
            "eps_growth_year": null,
            "eps_4q": -0.28,
            "eps_4q_growth_year": null,
            "roe": -0.54,
            "roe_4q": -1.84,
            "gross_profit": 78818,
            "gross_margin": 40.42,
            "gross_margin_4q_avg": 41.66,
            "net_income": -47614,
            "net_income_4q": null,
            "revenue": 195016,
            "revenue_4q": null,
            "common_shares": 5890910,
            "book_valuer_per_share": 14.88,
            "book_valuer_per_share_4q_avg": 14.79,
            "equity": 8767247,
            "current_ratio": 189.24,
            "debt_ratio": 65.73,
            "inventory_turnover_ratio": 0.01,
            "account_receivable_turnover_ratio": 15.12,
            "reinvestment_rate": -283.84,
            "research_to_sale_ratio": null,
            "price_fair": 68.13,
            "eps_avg_yearly": 1.95,
            "eps_latest_yearly": 5.44,
            "eps_growth_yearly": 2848.15
        },
        "20152": {
            "year_quarter": 20152,
            "year": 2015,
            "quarter": 2,
            "eps": 0.77,
            "eps_growth_year": null,
            "eps_4q": 0.67,
            "eps_4q_growth_year": 446.11,
            "roe": 5.13,
            "roe_4q": 4.39,
            "gross_profit": 613314,
            "gross_margin": 62.94,
            "gross_margin_4q_avg": 52.91,
            "net_income": 456357,
            "net_income_4q": null,
            "revenue": 974469,
            "revenue_4q": null,
            "common_shares": 5890910,
            "book_valuer_per_share": 15.32,
            "book_valuer_per_share_4q_avg": 14.93,
            "equity": 9023061,
            "current_ratio": 187.41,
            "debt_ratio": 65.1,
            "inventory_turnover_ratio": 0.02,
            "account_receivable_turnover_ratio": 112.29,
            "reinvestment_rate": -173.01,
            "research_to_sale_ratio": null,
            "price_fair": 101.5,
            "eps_avg_yearly": 2.9,
            "eps_latest_yearly": 5.44,
            "eps_growth_yearly": 4422.22
        },
        "20153": {
            "year_quarter": 20153,
            "year": 2015,
            "quarter": 3,
            "eps": -0.13,
            "eps_growth_year": null,
            "eps_4q": 0.64,
            "eps_4q_growth_year": 125.95,
            "roe": -0.87,
            "roe_4q": 4.26,
            "gross_profit": 15476,
            "gross_margin": 43.66,
            "gross_margin_4q_avg": 46.54,
            "net_income": -77535,
            "net_income_4q": null,
            "revenue": 35449,
            "revenue_4q": null,
            "common_shares": 5890910,
            "book_valuer_per_share": 15.06,
            "book_valuer_per_share_4q_avg": 15.01,
            "equity": 8868811,
            "current_ratio": 173.6,
            "debt_ratio": 66.36,
            "inventory_turnover_ratio": 0,
            "account_receivable_turnover_ratio": 2.8,
            "reinvestment_rate": -201.14,
            "research_to_sale_ratio": null,
            "price_fair": 190.4,
            "eps_avg_yearly": 5.44,
            "eps_latest_yearly": 5.44,
            "eps_growth_yearly": 5644.44
        },
        "20154": {
            "year_quarter": 20154,
            "year": 2015,
            "quarter": 4,
            "eps": 0.12,
            "eps_growth_year": 48.16,
            "eps_4q": 0.68,
            "eps_4q_growth_year": null,
            "roe": 0.79,
            "roe_4q": 4.51,
            "gross_profit": 201155,
            "gross_margin": 67.26,
            "gross_margin_4q_avg": 53.57,
            "net_income": 70104,
            "net_income_4q": null,
            "revenue": 299077,
            "revenue_4q": null,
            "common_shares": 5890910,
            "book_valuer_per_share": 15.19,
            "book_valuer_per_share_4q_avg": 15.11,
            "equity": 8945954,
            "current_ratio": 182.94,
            "debt_ratio": 66.93,
            "inventory_turnover_ratio": 0,
            "account_receivable_turnover_ratio": 27.46,
            "reinvestment_rate": -482.89,
            "research_to_sale_ratio": null,
            "price_fair": 0,
            "eps_avg_yearly": 0,
            "eps_latest_yearly": 0,
            "eps_growth_yearly": 0
        },
        "20161": {
            "year_quarter": 20161,
            "year": 2016,
            "quarter": 1,
            "eps": 0.02,
            "eps_growth_year": null,
            "eps_4q": 0.78,
            "eps_4q_growth_year": null,
            "roe": 0.11,
            "roe_4q": 5.16,
            "gross_profit": 127624,
            "gross_margin": 62.5,
            "gross_margin_4q_avg": 59.09,
            "net_income": 9954,
            "net_income_4q": null,
            "revenue": 204182,
            "revenue_4q": null,
            "common_shares": 5890910,
            "book_valuer_per_share": 15.13,
            "book_valuer_per_share_4q_avg": 15.18,
            "equity": 8911604,
            "current_ratio": 149.8,
            "debt_ratio": 67.81,
            "inventory_turnover_ratio": 0,
            "account_receivable_turnover_ratio": 23.97,
            "reinvestment_rate": -482.69,
            "research_to_sale_ratio": null,
            "price_fair": 0.24,
            "eps_avg_yearly": 0.08,
            "eps_latest_yearly": 0.08,
            "eps_growth_yearly": -333.33
        },
        "20162": {
            "year_quarter": 20162,
            "year": 2016,
            "quarter": 2,
            "eps": 0.42,
            "eps_growth_year": -45.45,
            "eps_4q": 0.43,
            "eps_4q_growth_year": -35.51,
            "roe": 2.81,
            "roe_4q": 2.84,
            "gross_profit": 512456,
            "gross_margin": 50.95,
            "gross_margin_4q_avg": 56.09,
            "net_income": 250216,
            "net_income_4q": null,
            "revenue": 1005776,
            "revenue_4q": null,
            "common_shares": 5890910,
            "book_valuer_per_share": 15.13,
            "book_valuer_per_share_4q_avg": 15.13,
            "equity": 8911848,
            "current_ratio": 147.53,
            "debt_ratio": 68.83,
            "inventory_turnover_ratio": 0.02,
            "account_receivable_turnover_ratio": 110.27,
            "reinvestment_rate": -820.6,
            "research_to_sale_ratio": null,
            "price_fair": 30.8,
            "eps_avg_yearly": 0.88,
            "eps_latest_yearly": 1.68,
            "eps_growth_yearly": 3833.33
        },
        "20163": {
            "year_quarter": 20163,
            "year": 2016,
            "quarter": 3,
            "eps": 0.05,
            "eps_growth_year": null,
            "eps_4q": 0.61,
            "eps_4q_growth_year": -4.65,
            "roe": 0.34,
            "roe_4q": 4.05,
            "gross_profit": 147730,
            "gross_margin": 38.68,
            "gross_margin_4q_avg": 54.85,
            "net_income": 30666,
            "net_income_4q": null,
            "revenue": 381947,
            "revenue_4q": null,
            "common_shares": 5890910,
            "book_valuer_per_share": 15.21,
            "book_valuer_per_share_4q_avg": 15.17,
            "equity": 8959863,
            "current_ratio": 136.62,
            "debt_ratio": 69.18,
            "inventory_turnover_ratio": 0.01,
            "account_receivable_turnover_ratio": 11.61,
            "reinvestment_rate": -595.2,
            "research_to_sale_ratio": null,
            "price_fair": 22.87,
            "eps_avg_yearly": 0.65,
            "eps_latest_yearly": 0.2,
            "eps_growth_yearly": 2438.1
        },
        "20164": {
            "year_quarter": 20164,
            "year": 2016,
            "quarter": 4,
            "eps": 0.97,
            "eps_growth_year": 715.43,
            "eps_4q": 1.46,
            "eps_4q_growth_year": 114.92,
            "roe": 6.17,
            "roe_4q": 9.43,
            "gross_profit": 731906,
            "gross_margin": 44.62,
            "gross_margin_4q_avg": 49.19,
            "net_income": 571649,
            "net_income_4q": null,
            "revenue": 1640159,
            "revenue_4q": null,
            "common_shares": 5890910,
            "book_valuer_per_share": 16.23,
            "book_valuer_per_share_4q_avg": 15.43,
            "equity": 9562194,
            "current_ratio": 158.92,
            "debt_ratio": 67.89,
            "inventory_turnover_ratio": 0.04,
            "account_receivable_turnover_ratio": 21.64,
            "reinvestment_rate": -166.02,
            "research_to_sale_ratio": null,
            "price_fair": 51.1,
            "eps_avg_yearly": 1.46,
            "eps_latest_yearly": 3.88,
            "eps_growth_yearly": 3668.57
        },
        "20171": {
            "year_quarter": 20171,
            "year": 2017,
            "quarter": 1,
            "eps": 1.46,
            "eps_growth_year": 7200,
            "eps_4q": 2.91,
            "eps_4q_growth_year": 273.01,
            "roe": 8.65,
            "roe_4q": 17.97,
            "gross_profit": 962856,
            "gross_margin": 46.63,
            "gross_margin_4q_avg": 45.22,
            "net_income": 859125,
            "net_income_4q": null,
            "revenue": 2065008,
            "revenue_4q": null,
            "common_shares": 5890910,
            "book_valuer_per_share": 17.5,
            "book_valuer_per_share_4q_avg": 16.02,
            "equity": 10311308,
            "current_ratio": 152.94,
            "debt_ratio": 64.43,
            "inventory_turnover_ratio": 0.05,
            "account_receivable_turnover_ratio": 22.42,
            "reinvestment_rate": 1.03,
            "research_to_sale_ratio": null,
            "price_fair": 81.76,
            "eps_avg_yearly": 2.34,
            "eps_latest_yearly": 5.84,
            "eps_growth_yearly": 2975.27
        },
        "20172": {
            "year_quarter": 20172,
            "year": 2017,
            "quarter": 2,
            "eps": 1.09,
            "eps_growth_year": 159.52,
            "eps_4q": 3.57,
            "eps_4q_growth_year": 731.52,
            "roe": 6.14,
            "roe_4q": 21.3,
            "gross_profit": 759321,
            "gross_margin": 50.49,
            "gross_margin_4q_avg": 45.11,
            "net_income": 640133,
            "net_income_4q": null,
            "revenue": 1503792,
            "revenue_4q": null,
            "common_shares": 5890910,
            "book_valuer_per_share": 17.9,
            "book_valuer_per_share_4q_avg": 16.71,
            "equity": 10545759,
            "current_ratio": 123.43,
            "debt_ratio": 63.98,
            "inventory_turnover_ratio": 0.03,
            "account_receivable_turnover_ratio": 25.48,
            "reinvestment_rate": 8.55,
            "research_to_sale_ratio": null,
            "price_fair": 93.57,
            "eps_avg_yearly": 2.67,
            "eps_latest_yearly": 4.36,
            "eps_growth_yearly": 2462.5
        },
        "20173": {
            "year_quarter": 20173,
            "year": 2017,
            "quarter": 3,
            "eps": 0.46,
            "eps_growth_year": 820,
            "eps_4q": 3.97,
            "eps_4q_growth_year": 548.5,
            "roe": 2.53,
            "roe_4q": 23.490000000000002,
            "gross_profit": 310777,
            "gross_margin": 51.61,
            "gross_margin_4q_avg": 48.34,
            "net_income": 269773,
            "net_income_4q": null,
            "revenue": 602160,
            "revenue_4q": null,
            "common_shares": 5890910,
            "book_valuer_per_share": 18.28,
            "book_valuer_per_share_4q_avg": 17.48,
            "equity": 10769775,
            "current_ratio": 130.78,
            "debt_ratio": 64.11,
            "inventory_turnover_ratio": 0.01,
            "account_receivable_turnover_ratio": 18.3,
            "reinvestment_rate": 4.89,
            "research_to_sale_ratio": null,
            "price_fair": 89.4,
            "eps_avg_yearly": 2.55,
            "eps_latest_yearly": 1.84,
            "eps_growth_yearly": 2077.68
        },
        "20174": {
            "year_quarter": 20174,
            "year": 2017,
            "quarter": 4,
            "eps": 1.36,
            "eps_growth_year": 40.14,
            "eps_4q": 4.23,
            "eps_4q_growth_year": 189.13,
            "roe": 7.28,
            "roe_4q": 24.6,
            "gross_profit": 944080,
            "gross_margin": 40.38,
            "gross_margin_4q_avg": 47.28,
            "net_income": 837295,
            "net_income_4q": null,
            "revenue": 2337787,
            "revenue_4q": null,
            "common_shares": 6174843,
            "book_valuer_per_share": 19.89,
            "book_valuer_per_share_4q_avg": 18.39,
            "equity": 12243767,
            "current_ratio": 144.92,
            "debt_ratio": 61.77,
            "inventory_turnover_ratio": 0.07,
            "account_receivable_turnover_ratio": 7.95,
            "reinvestment_rate": 2.52,
            "research_to_sale_ratio": null,
            "price_fair": 102.03,
            "eps_avg_yearly": 2.92,
            "eps_latest_yearly": 5.44,
            "eps_growth_yearly": 1915.8
        },
        "20181": {
            "year_quarter": 20181,
            "year": 2018,
            "quarter": 1,
            "eps": 2.53,
            "eps_growth_year": 73.29,
            "eps_4q": 5.37,
            "eps_4q_growth_year": 84.91,
            "roe": 11.9,
            "roe_4q": 27.85,
            "gross_profit": 1686187,
            "gross_margin": 46.35,
            "gross_margin_4q_avg": 47.21,
            "net_income": 1560811,
            "net_income_4q": null,
            "revenue": 3637704,
            "revenue_4q": null,
            "common_shares": 6174843,
            "book_valuer_per_share": 22.72,
            "book_valuer_per_share_4q_avg": 19.7,
            "equity": 13985855,
            "current_ratio": 149.82,
            "debt_ratio": 55.64,
            "inventory_turnover_ratio": 0.09,
            "account_receivable_turnover_ratio": 11.51,
            "reinvestment_rate": -13.42,
            "research_to_sale_ratio": null,
            "price_fair": 130.04,
            "eps_avg_yearly": 3.72,
            "eps_latest_yearly": 10.12,
            "eps_growth_yearly": 1741.17
        },
        "20182": {
            "year_quarter": 20182,
            "year": 2018,
            "quarter": 2,
            "eps": 1.46,
            "eps_growth_year": 33.94,
            "eps_4q": 4.83,
            "eps_4q_growth_year": 35.33,
            "roe": 6.52,
            "roe_4q": 28.230000000000004,
            "gross_profit": 1011885,
            "gross_margin": 40.1,
            "gross_margin_4q_avg": 44.61,
            "net_income": 900821,
            "net_income_4q": null,
            "revenue": 2523199,
            "revenue_4q": null,
            "common_shares": 6174843,
            "book_valuer_per_share": 22.16,
            "book_valuer_per_share_4q_avg": 20.76,
            "equity": 13645252,
            "current_ratio": 141.46,
            "debt_ratio": 56.06,
            "inventory_turnover_ratio": 0.08,
            "account_receivable_turnover_ratio": 35.48,
            "reinvestment_rate": -11.19,
            "research_to_sale_ratio": null,
            "price_fair": 137.48,
            "eps_avg_yearly": 3.93,
            "eps_latest_yearly": 5.84,
            "eps_growth_yearly": 1550.13
        },
        "20183": {
            "year_quarter": 20183,
            "year": 2018,
            "quarter": 3,
            "eps": 0.37,
            "eps_growth_year": -19.57,
            "eps_4q": 4.83,
            "eps_4q_growth_year": 21.68,
            "roe": 1.99,
            "roe_4q": 27.69,
            "gross_profit": 372188,
            "gross_margin": 39.53,
            "gross_margin_4q_avg": 41.59,
            "net_income": 274239,
            "net_income_4q": null,
            "revenue": 941512,
            "revenue_4q": null,
            "common_shares": 7409812,
            "book_valuer_per_share": 18.81,
            "book_valuer_per_share_4q_avg": 20.9,
            "equity": 13899745,
            "current_ratio": 154.2,
            "debt_ratio": 54.97,
            "inventory_turnover_ratio": 0.03,
            "account_receivable_turnover_ratio": 16.15,
            "reinvestment_rate": -11.16,
            "research_to_sale_ratio": null,
            "price_fair": 129.69,
            "eps_avg_yearly": 3.71,
            "eps_latest_yearly": 1.48,
            "eps_growth_yearly": 1382.06
        },
        "20184": {
            "year_quarter": 20184,
            "year": 2018,
            "quarter": 4,
            "eps": 0.36,
            "eps_growth_year": -73.22,
            "eps_4q": 4.07,
            "eps_4q_growth_year": -3.95,
            "roe": 1.92,
            "roe_4q": 22.33,
            "gross_profit": 473832,
            "gross_margin": 53.07,
            "gross_margin_4q_avg": 44.76,
            "net_income": 269117,
            "net_income_4q": null,
            "revenue": 892891,
            "revenue_4q": null,
            "common_shares": 7409812,
            "book_valuer_per_share": 19.12,
            "book_valuer_per_share_4q_avg": 20.7,
            "equity": 14127798,
            "current_ratio": 142.46,
            "debt_ratio": 54.82,
            "inventory_turnover_ratio": 0.02,
            "account_receivable_turnover_ratio": 10.87,
            "reinvestment_rate": -4.27,
            "research_to_sale_ratio": null,
            "price_fair": 123.08,
            "eps_avg_yearly": 3.52,
            "eps_latest_yearly": 1.44,
            "eps_growth_yearly": 1265.99
        },
        "20191": {
            "year_quarter": 20191,
            "year": 2019,
            "quarter": 1,
            "eps": 0.35,
            "eps_growth_year": -86.17,
            "eps_4q": 2.31,
            "eps_4q_growth_year": -57.08,
            "roe": 1.82,
            "roe_4q": 12.25,
            "gross_profit": 391852,
            "gross_margin": 35.34,
            "gross_margin_4q_avg": 42.01,
            "net_income": 259882,
            "net_income_4q": null,
            "revenue": 1108781,
            "revenue_4q": null,
            "common_shares": 7409812,
            "book_valuer_per_share": 19.46,
            "book_valuer_per_share_4q_avg": 19.89,
            "equity": 14385709,
            "current_ratio": 162.84,
            "debt_ratio": 53.58,
            "inventory_turnover_ratio": 0.04,
            "account_receivable_turnover_ratio": 10.66,
            "reinvestment_rate": -5.4,
            "research_to_sale_ratio": null,
            "price_fair": 117.38,
            "eps_avg_yearly": 3.35,
            "eps_latest_yearly": 1.4,
            "eps_growth_yearly": 1167.75
        },
        "20192": {
            "year_quarter": 20192,
            "year": 2019,
            "quarter": 2,
            "eps": 0.45,
            "eps_growth_year": -69.18,
            "eps_4q": 1.54,
            "eps_4q_growth_year": -68.17,
            "roe": 2.28,
            "roe_4q": 8.01,
            "gross_profit": 582683,
            "gross_margin": 35.61,
            "gross_margin_4q_avg": 40.89,
            "net_income": 332460,
            "net_income_4q": null,
            "revenue": 1636074,
            "revenue_4q": null,
            "common_shares": 7409812,
            "book_valuer_per_share": 19.96,
            "book_valuer_per_share_4q_avg": 19.34,
            "equity": 14748770,
            "current_ratio": 163.04,
            "debt_ratio": 52.65,
            "inventory_turnover_ratio": 0.06,
            "account_receivable_turnover_ratio": 14.1,
            "reinvestment_rate": -5.7,
            "research_to_sale_ratio": null,
            "price_fair": 113.5,
            "eps_avg_yearly": 3.24,
            "eps_latest_yearly": 1.8,
            "eps_growth_yearly": 1092.51
        },
        "20193": {
            "year_quarter": 20193,
            "year": 2019,
            "quarter": 3,
            "eps": 0.64,
            "eps_growth_year": 72.97,
            "eps_4q": 1.81,
            "eps_4q_growth_year": -62.65,
            "roe": 3.16,
            "roe_4q": 9.18,
            "gross_profit": 740766,
            "gross_margin": 37.63,
            "gross_margin_4q_avg": 40.41,
            "net_income": 473270,
            "net_income_4q": null,
            "revenue": 1968331,
            "revenue_4q": null,
            "common_shares": 7409812,
            "book_valuer_per_share": 20.53,
            "book_valuer_per_share_4q_avg": 19.77,
            "equity": 15173661,
            "current_ratio": 170.16,
            "debt_ratio": 49.57,
            "inventory_turnover_ratio": 0.07,
            "account_receivable_turnover_ratio": 16.79,
            "reinvestment_rate": -4.14,
            "research_to_sale_ratio": null,
            "price_fair": 111.91,
            "eps_avg_yearly": 3.2,
            "eps_latest_yearly": 2.56,
            "eps_growth_yearly": 1030.93
        },
        "20194": {
            "year_quarter": 20194,
            "year": 2019,
            "quarter": 4,
            "eps": 0.46,
            "eps_growth_year": 26.45,
            "eps_4q": 2.26,
            "eps_4q_growth_year": -44.35,
            "roe": 1.87,
            "roe_4q": 9.13,
            "gross_profit": 456574,
            "gross_margin": 38.1,
            "gross_margin_4q_avg": 36.67,
            "net_income": 272229,
            "net_income_4q": null,
            "revenue": 1198494,
            "revenue_4q": null,
            "common_shares": 5927850,
            "book_valuer_per_share": 23.64,
            "book_valuer_per_share_4q_avg": 20.9,
            "equity": 13976204,
            "current_ratio": 204.32,
            "debt_ratio": 53.12,
            "inventory_turnover_ratio": 0.04,
            "account_receivable_turnover_ratio": 14.45,
            "reinvestment_rate": -4.26,
            "research_to_sale_ratio": null,
            "price_fair": 108.94,
            "eps_avg_yearly": 3.11,
            "eps_latest_yearly": 1.84,
            "eps_growth_yearly": 959.47
        },
        "20201": {
            "year_quarter": 20201,
            "year": 2020,
            "quarter": 1,
            "eps": 0.4,
            "eps_growth_year": 14.29,
            "eps_4q": 2.22,
            "eps_4q_growth_year": -3.62,
            "roe": 1.68,
            "roe_4q": 8.99,
            "gross_profit": 378021,
            "gross_margin": 55.25,
            "gross_margin_4q_avg": 41.65,
            "net_income": 235942,
            "net_income_4q": null,
            "revenue": 684190,
            "revenue_4q": null,
            "common_shares": 5927850,
            "book_valuer_per_share": 23.84,
            "book_valuer_per_share_4q_avg": 21.99,
            "equity": 14095040,
            "current_ratio": 136.75,
            "debt_ratio": 53.12,
            "inventory_turnover_ratio": 0.02,
            "account_receivable_turnover_ratio": 4.4,
            "reinvestment_rate": -3.31,
            "research_to_sale_ratio": null,
            "price_fair": 112.26,
            "eps_avg_yearly": 3.21,
            "eps_latest_yearly": 1.6,
            "eps_growth_yearly": 977.04
        },
        "20202": {
            "year_quarter": 20202,
            "year": 2020,
            "quarter": 2,
            "eps": -0.04,
            "eps_growth_year": -108.89,
            "eps_4q": 1.62,
            "eps_4q_growth_year": 5.15,
            "roe": -0.19,
            "roe_4q": 6.5200000000000005,
            "gross_profit": 169350,
            "gross_margin": 52.58,
            "gross_margin_4q_avg": 45.89,
            "net_income": -26051,
            "net_income_4q": null,
            "revenue": 322066,
            "revenue_4q": null,
            "common_shares": 5927850,
            "book_valuer_per_share": 23.39,
            "book_valuer_per_share_4q_avg": 22.85,
            "equity": 13826660,
            "current_ratio": 139.22,
            "debt_ratio": 55.16,
            "inventory_turnover_ratio": 0.01,
            "account_receivable_turnover_ratio": 1.94,
            "reinvestment_rate": -4.02,
            "research_to_sale_ratio": null,
            "price_fair": 115.83,
            "eps_avg_yearly": 3.31,
            "eps_latest_yearly": 1.6,
            "eps_growth_yearly": 508.84
        },
        "20203": {
            "year_quarter": 20203,
            "year": 2020,
            "quarter": 3,
            "eps": 0.23,
            "eps_growth_year": -64.06,
            "eps_4q": 1.28,
            "eps_4q_growth_year": -29.09,
            "roe": 0.93,
            "roe_4q": 4.29,
            "gross_profit": 237680,
            "gross_margin": 36.34,
            "gross_margin_4q_avg": 45.57,
            "net_income": 123626,
            "net_income_4q": null,
            "revenue": 654102,
            "revenue_4q": null,
            "common_shares": 4742280,
            "book_valuer_per_share": 26.91,
            "book_valuer_per_share_4q_avg": 24.45,
            "equity": 12726090,
            "current_ratio": 138.03,
            "debt_ratio": 62.48,
            "inventory_turnover_ratio": 0.02,
            "account_receivable_turnover_ratio": 7.94,
            "reinvestment_rate": -4.23,
            "research_to_sale_ratio": null,
            "price_fair": 123.6,
            "eps_avg_yearly": 3.53,
            "eps_latest_yearly": 1.6,
            "eps_growth_yearly": 570.36
        },
        "20204": {
            "year_quarter": 20204,
            "year": 2020,
            "quarter": 4,
            "eps": 0.58,
            "eps_growth_year": 26.98,
            "eps_4q": 1.29,
            "eps_4q_growth_year": -43,
            "roe": 2.15,
            "roe_4q": 4.57,
            "gross_profit": 441033,
            "gross_margin": 39.68,
            "gross_margin_4q_avg": 45.96,
            "net_income": 276550,
            "net_income_4q": null,
            "revenue": 1111547,
            "revenue_4q": null,
            "common_shares": 4742280,
            "book_valuer_per_share": 27.53,
            "book_valuer_per_share_4q_avg": 25.42,
            "equity": 13023505,
            "current_ratio": 151.73,
            "debt_ratio": 61.5,
            "inventory_turnover_ratio": 0.03,
            "account_receivable_turnover_ratio": 12.98,
            "reinvestment_rate": -4.82,
            "research_to_sale_ratio": null,
            "price_fair": 119.7,
            "eps_avg_yearly": 3.42,
            "eps_latest_yearly": 2.32,
            "eps_growth_yearly": 88.12
        },
        "20211": {
            "year_quarter": 20211,
            "year": 2021,
            "quarter": 1,
            "eps": 0.37,
            "eps_growth_year": -7.5,
            "eps_4q": 1.16,
            "eps_4q_growth_year": -47.86,
            "roe": 1.33,
            "roe_4q": 4.22,
            "gross_profit": 369797,
            "gross_margin": 41.65,
            "gross_margin_4q_avg": 42.56,
            "net_income": 173980,
            "net_income_4q": null,
            "revenue": 887874,
            "revenue_4q": null,
            "common_shares": 4742280,
            "book_valuer_per_share": 27.93,
            "book_valuer_per_share_4q_avg": 26.44,
            "equity": 13211042,
            "current_ratio": 150.5,
            "debt_ratio": 60.33,
            "inventory_turnover_ratio": 0.03,
            "account_receivable_turnover_ratio": 13.34,
            "reinvestment_rate": -3.87,
            "research_to_sale_ratio": null,
            "price_fair": 108.8,
            "eps_avg_yearly": 3.11,
            "eps_latest_yearly": 1.48,
            "eps_growth_yearly": 63.34
        },
        "20212": {
            "year_quarter": 20212,
            "year": 2021,
            "quarter": 2,
            "eps": 0.31,
            "eps_growth_year": null,
            "eps_4q": 1.52,
            "eps_4q_growth_year": -5.82,
            "roe": 1.1,
            "roe_4q": 5.51,
            "gross_profit": 362643,
            "gross_margin": 44.46,
            "gross_margin_4q_avg": 40.53,
            "net_income": 145673,
            "net_income_4q": null,
            "revenue": 815646,
            "revenue_4q": null,
            "common_shares": 4742280,
            "book_valuer_per_share": 28.24,
            "book_valuer_per_share_4q_avg": 27.65,
            "equity": 13358399,
            "current_ratio": 138.44,
            "debt_ratio": 59.68,
            "inventory_turnover_ratio": 0.02,
            "account_receivable_turnover_ratio": 14.07,
            "reinvestment_rate": -6.83,
            "research_to_sale_ratio": null,
            "price_fair": 101,
            "eps_avg_yearly": 2.89,
            "eps_latest_yearly": 1.24,
            "eps_growth_yearly": 65.95
        },
        "20213": {
            "year_quarter": 20213,
            "year": 2021,
            "quarter": 3,
            "eps": 0.52,
            "eps_growth_year": 126.09,
            "eps_4q": 1.78,
            "eps_4q_growth_year": 38.78,
            "roe": 1.84,
            "roe_4q": 6.42,
            "gross_profit": 413503,
            "gross_margin": 39.81,
            "gross_margin_4q_avg": 41.4,
            "net_income": 244476,
            "net_income_4q": null,
            "revenue": 1038714,
            "revenue_4q": null,
            "common_shares": 4742280,
            "book_valuer_per_share": 27.81,
            "book_valuer_per_share_4q_avg": 27.88,
            "equity": 13154868,
            "current_ratio": 133.5,
            "debt_ratio": 60.11,
            "inventory_turnover_ratio": 0.03,
            "account_receivable_turnover_ratio": 13.66,
            "reinvestment_rate": -5.91,
            "research_to_sale_ratio": null,
            "price_fair": 101.6,
            "eps_avg_yearly": 2.9,
            "eps_latest_yearly": 2.08,
            "eps_growth_yearly": 101.82
        },
        "20214": {
            "year_quarter": 20214,
            "year": 2021,
            "quarter": 4,
            "eps": 0.59,
            "eps_growth_year": 1.2,
            "eps_4q": 1.78,
            "eps_4q_growth_year": 38.35,
            "roe": 2.1,
            "roe_4q": 6.370000000000001,
            "gross_profit": 512051,
            "gross_margin": 45.17,
            "gross_margin_4q_avg": 42.77,
            "net_income": 279874,
            "net_income_4q": null,
            "revenue": 1133558,
            "revenue_4q": null,
            "common_shares": 4742280,
            "book_valuer_per_share": 28.46,
            "book_valuer_per_share_4q_avg": 28.11,
            "equity": 13459710,
            "current_ratio": 136.34,
            "debt_ratio": 58.81,
            "inventory_turnover_ratio": 0.03,
            "account_receivable_turnover_ratio": 17.8,
            "reinvestment_rate": -4.78,
            "research_to_sale_ratio": null,
            "price_fair": 93.9,
            "eps_avg_yearly": 2.68,
            "eps_latest_yearly": 2.36,
            "eps_growth_yearly": 49.77
        },
        "20221": {
            "year_quarter": 20221,
            "year": 2022,
            "quarter": 1,
            "eps": 0.84,
            "eps_growth_year": 127.03,
            "eps_4q": 2.25,
            "eps_4q_growth_year": 94.43,
            "roe": 2.88,
            "roe_4q": 7.92,
            "gross_profit": 553334,
            "gross_margin": 44.38,
            "gross_margin_4q_avg": 43.46,
            "net_income": 395637,
            "net_income_4q": null,
            "revenue": 1246880,
            "revenue_4q": null,
            "common_shares": 4742280,
            "book_valuer_per_share": 29.53,
            "book_valuer_per_share_4q_avg": 28.51,
            "equity": 13969443,
            "current_ratio": 141.38,
            "debt_ratio": 57.87,
            "inventory_turnover_ratio": 0.04,
            "account_receivable_turnover_ratio": 33.22,
            "reinvestment_rate": 11.35,
            "research_to_sale_ratio": null,
            "price_fair": 77,
            "eps_avg_yearly": 2.2,
            "eps_latest_yearly": 3.36,
            "eps_growth_yearly": 37.29
        },
        "20222": {
            "year_quarter": 20222,
            "year": 2022,
            "quarter": 2,
            "eps": 0.51,
            "eps_growth_year": 64.52,
            "eps_4q": 2.46,
            "eps_4q_growth_year": 61.33,
            "roe": 1.75,
            "roe_4q": 8.57,
            "gross_profit": 454487,
            "gross_margin": 46.01,
            "gross_margin_4q_avg": 43.84,
            "net_income": 241223,
            "net_income_4q": null,
            "revenue": 987834,
            "revenue_4q": null,
            "common_shares": 4742280,
            "book_valuer_per_share": 28.75,
            "book_valuer_per_share_4q_avg": 28.64,
            "equity": 13597106,
            "current_ratio": 149.56,
            "debt_ratio": 59.48,
            "inventory_turnover_ratio": 0.03,
            "account_receivable_turnover_ratio": 29.15,
            "reinvestment_rate": 14,
            "research_to_sale_ratio": null,
            "price_fair": 67.5,
            "eps_avg_yearly": 1.93,
            "eps_latest_yearly": 2.04,
            "eps_growth_yearly": 38.15
        },
        "20223": {
            "year_quarter": 20223,
            "year": 2022,
            "quarter": 3,
            "eps": 0.52,
            "eps_growth_year": 0,
            "eps_4q": 2.45,
            "eps_4q_growth_year": 38.11,
            "roe": 1.78,
            "roe_4q": 8.51,
            "gross_profit": 415520,
            "gross_margin": 41.84,
            "gross_margin_4q_avg": 44.35,
            "net_income": 244290,
            "net_income_4q": null,
            "revenue": 993195,
            "revenue_4q": null,
            "common_shares": 4742280,
            "book_valuer_per_share": 29.29,
            "book_valuer_per_share_4q_avg": 29.01,
            "equity": 13852039,
            "current_ratio": 164.77,
            "debt_ratio": 58.57,
            "inventory_turnover_ratio": 0.04,
            "account_receivable_turnover_ratio": 29.41,
            "reinvestment_rate": 15.65,
            "research_to_sale_ratio": null,
            "price_fair": 69,
            "eps_avg_yearly": 1.97,
            "eps_latest_yearly": 2.08,
            "eps_growth_yearly": 60.04
        },
        "20224": {
            "year_quarter": 20224,
            "year": 2022,
            "quarter": 4,
            "eps": 2.29,
            "eps_growth_year": 287.35,
            "eps_4q": 4.15,
            "eps_4q_growth_year": 132.85,
            "roe": 7.53,
            "roe_4q": 13.940000000000001,
            "gross_profit": 1576118,
            "gross_margin": 42.14,
            "gross_margin_4q_avg": 43.59,
            "net_income": 1084089,
            "net_income_4q": null,
            "revenue": 3740242,
            "revenue_4q": null,
            "common_shares": 4742280,
            "book_valuer_per_share": 31.56,
            "book_valuer_per_share_4q_avg": 29.78,
            "equity": 14926679,
            "current_ratio": 157.35,
            "debt_ratio": 51.42,
            "inventory_turnover_ratio": 0.16,
            "account_receivable_turnover_ratio": 251.6,
            "reinvestment_rate": 2.72,
            "research_to_sale_ratio": null,
            "price_fair": 88.3,
            "eps_avg_yearly": 2.52,
            "eps_latest_yearly": 9.16,
            "eps_growth_yearly": 158.07
        },
        "20231": {
            "year_quarter": 20231,
            "year": 2023,
            "quarter": 1,
            "eps": 0.74,
            "eps_growth_year": -11.9,
            "eps_4q": 4.06,
            "eps_4q_growth_year": 80.13,
            "roe": 2.31,
            "roe_4q": 13.37,
            "gross_profit": 530381,
            "gross_margin": 43.33,
            "gross_margin_4q_avg": 43.33,
            "net_income": 349943,
            "net_income_4q": null,
            "revenue": 1224009,
            "revenue_4q": null,
            "common_shares": 4742280,
            "book_valuer_per_share": 32.38,
            "book_valuer_per_share_4q_avg": 30.5,
            "equity": 15315143,
            "current_ratio": 176.32,
            "debt_ratio": 49.62,
            "inventory_turnover_ratio": 0.05,
            "account_receivable_turnover_ratio": 225.64,
            "reinvestment_rate": 2.66,
            "research_to_sale_ratio": null,
            "price_fair": 92.2,
            "eps_avg_yearly": 2.63,
            "eps_latest_yearly": 2.96,
            "eps_growth_yearly": 139.52
        },
        "20232": {
            "year_quarter": 20232,
            "year": 2023,
            "quarter": 2,
            "eps": -0.12,
            "eps_growth_year": -123.53,
            "eps_4q": 3.43,
            "eps_4q_growth_year": 39.64,
            "roe": -0.38,
            "roe_4q": 11.24,
            "gross_profit": 169463,
            "gross_margin": 44.33,
            "gross_margin_4q_avg": 42.91,
            "net_income": -56833,
            "net_income_4q": null,
            "revenue": 382267,
            "revenue_4q": null,
            "common_shares": 4742280,
            "book_valuer_per_share": 30.57,
            "book_valuer_per_share_4q_avg": 30.95,
            "equity": 14458972,
            "current_ratio": 125.8,
            "debt_ratio": 51.59,
            "inventory_turnover_ratio": 0.02,
            "account_receivable_turnover_ratio": 31.09,
            "reinvestment_rate": 3.17,
            "research_to_sale_ratio": null,
            "price_fair": 94.45,
            "eps_avg_yearly": 2.7,
            "eps_latest_yearly": 2.96,
            "eps_growth_yearly": 141.46
        },
        "20233": {
            "year_quarter": 20233,
            "year": 2023,
            "quarter": 3,
            "eps": 0.19,
            "eps_growth_year": -63.46,
            "eps_4q": 3.1,
            "eps_4q_growth_year": 26.49,
            "roe": 0.63,
            "roe_4q": 10.09,
            "gross_profit": 216712,
            "gross_margin": 42.49,
            "gross_margin_4q_avg": 43.07,
            "net_income": 91366,
            "net_income_4q": null,
            "revenue": 510039,
            "revenue_4q": null,
            "common_shares": 4742280,
            "book_valuer_per_share": 30.8,
            "book_valuer_per_share_4q_avg": 31.33,
            "equity": 14566821,
            "current_ratio": 134.21,
            "debt_ratio": 52.21,
            "inventory_turnover_ratio": 0.02,
            "account_receivable_turnover_ratio": 16.66,
            "reinvestment_rate": 4.34,
            "research_to_sale_ratio": null,
            "price_fair": 94.85,
            "eps_avg_yearly": 2.71,
            "eps_latest_yearly": 2.96,
            "eps_growth_yearly": 139.18
        }
    },
    "months": {
        "2001-06": {
            "month": "2001-06",
            "price": "7.90",
            "revenue": 272393
        },
        "2001-07": {
            "month": "2001-07",
            "price": "6.35",
            "revenue": 100345
        },
        "2001-08": {
            "month": "2001-08",
            "price": "6.56",
            "revenue": 109124
        },
        "2001-09": {
            "month": "2001-09",
            "price": "5.81",
            "revenue": 835661
        },
        "2001-10": {
            "month": "2001-10",
            "price": "5.14",
            "revenue": 106795
        },
        "2001-11": {
            "month": "2001-11",
            "price": "4.82",
            "revenue": 70403
        },
        "2001-12": {
            "month": "2001-12",
            "price": "5.73",
            "revenue": 222999
        },
        "2002-01": {
            "month": "2002-01",
            "price": "5.87",
            "revenue": 97007
        },
        "2002-02": {
            "month": "2002-02",
            "price": "5.78",
            "revenue": 67195
        },
        "2002-03": {
            "month": "2002-03",
            "price": "6.22",
            "revenue": 81171
        },
        "2002-04": {
            "month": "2002-04",
            "price": "8.22",
            "revenue": 10143
        },
        "2002-05": {
            "month": "2002-05",
            "price": "7.67",
            "revenue": 135607
        },
        "2002-06": {
            "month": "2002-06",
            "price": "7.66",
            "revenue": 820986
        },
        "2002-07": {
            "month": "2002-07",
            "price": "6.59",
            "revenue": 217716
        },
        "2002-08": {
            "month": "2002-08",
            "price": "5.59",
            "revenue": 216327
        },
        "2002-09": {
            "month": "2002-09",
            "price": "4.65",
            "revenue": 170415
        },
        "2002-10": {
            "month": "2002-10",
            "price": "4.05",
            "revenue": 6511
        },
        "2002-11": {
            "month": "2002-11",
            "price": "4.60",
            "revenue": 8857
        },
        "2002-12": {
            "month": "2002-12",
            "price": "5.52",
            "revenue": 42179
        },
        "2003-01": {
            "month": "2003-01",
            "price": "5.69",
            "revenue": 18744
        },
        "2003-02": {
            "month": "2003-02",
            "price": "4.58",
            "revenue": 199
        },
        "2003-03": {
            "month": "2003-03",
            "price": "4.04",
            "revenue": 31839
        },
        "2003-04": {
            "month": "2003-04",
            "price": "4.58",
            "revenue": 6249
        },
        "2003-05": {
            "month": "2003-05",
            "price": "4.14",
            "revenue": 5226
        },
        "2003-06": {
            "month": "2003-06",
            "price": "4.90",
            "revenue": 63068
        },
        "2003-07": {
            "month": "2003-07",
            "price": "6.85",
            "revenue": 46621
        },
        "2003-08": {
            "month": "2003-08",
            "price": "7.85",
            "revenue": 52109
        },
        "2003-09": {
            "month": "2003-09",
            "price": "9.89",
            "revenue": 78531
        },
        "2003-10": {
            "month": "2003-10",
            "price": "15.85",
            "revenue": 13270
        },
        "2003-11": {
            "month": "2003-11",
            "price": "13.84",
            "revenue": 200078
        },
        "2003-12": {
            "month": "2003-12",
            "price": "13.60",
            "revenue": 335591
        },
        "2004-01": {
            "month": "2004-01",
            "price": "16.96",
            "revenue": 883
        },
        "2004-02": {
            "month": "2004-02",
            "price": "20.12",
            "revenue": 17141
        },
        "2004-03": {
            "month": "2004-03",
            "price": "22.01",
            "revenue": 386657
        },
        "2004-04": {
            "month": "2004-04",
            "price": "19.18",
            "revenue": 54786
        },
        "2004-05": {
            "month": "2004-05",
            "price": "14.55",
            "revenue": 852
        },
        "2004-06": {
            "month": "2004-06",
            "price": "16.17",
            "revenue": 13717
        },
        "2004-07": {
            "month": "2004-07",
            "price": "15.09",
            "revenue": 859
        },
        "2004-08": {
            "month": "2004-08",
            "price": "15.84",
            "revenue": 9775
        },
        "2004-09": {
            "month": "2004-09",
            "price": "18.44",
            "revenue": 3078
        },
        "2004-10": {
            "month": "2004-10",
            "price": "17.58",
            "revenue": 169536
        },
        "2004-11": {
            "month": "2004-11",
            "price": "14.05",
            "revenue": 864
        },
        "2004-12": {
            "month": "2004-12",
            "price": "15.65",
            "revenue": 3372
        },
        "2005-01": {
            "month": "2005-01",
            "price": "16.00",
            "revenue": 880
        },
        "2005-02": {
            "month": "2005-02",
            "price": "15.30",
            "revenue": 78028
        },
        "2005-03": {
            "month": "2005-03",
            "price": "17.02",
            "revenue": 354950
        },
        "2005-04": {
            "month": "2005-04",
            "price": "16.60",
            "revenue": 137722
        },
        "2005-05": {
            "month": "2005-05",
            "price": "16.54",
            "revenue": 84877
        },
        "2005-06": {
            "month": "2005-06",
            "price": "19.50",
            "revenue": 804
        },
        "2005-07": {
            "month": "2005-07",
            "price": "18.70",
            "revenue": 777
        },
        "2005-08": {
            "month": "2005-08",
            "price": "18.51",
            "revenue": 777
        },
        "2005-09": {
            "month": "2005-09",
            "price": "18.76",
            "revenue": 777
        },
        "2005-10": {
            "month": "2005-10",
            "price": "19.99",
            "revenue": 782
        },
        "2005-11": {
            "month": "2005-11",
            "price": "19.36",
            "revenue": 777
        },
        "2005-12": {
            "month": "2005-12",
            "price": "22.99",
            "revenue": 2509746
        },
        "2006-01": {
            "month": "2006-01",
            "price": "22.17",
            "revenue": 432063
        },
        "2006-02": {
            "month": "2006-02",
            "price": "21.19",
            "revenue": 1062986
        },
        "2006-03": {
            "month": "2006-03",
            "price": "19.06",
            "revenue": 2266464
        },
        "2006-04": {
            "month": "2006-04",
            "price": "21.52",
            "revenue": 1136506
        },
        "2006-05": {
            "month": "2006-05",
            "price": "26.81",
            "revenue": 1414871
        },
        "2006-06": {
            "month": "2006-06",
            "price": "22.56",
            "revenue": 698427
        },
        "2006-07": {
            "month": "2006-07",
            "price": "23.43",
            "revenue": 884074
        },
        "2006-08": {
            "month": "2006-08",
            "price": "23.27",
            "revenue": 478488
        },
        "2006-09": {
            "month": "2006-09",
            "price": "22.16",
            "revenue": 390503
        },
        "2006-10": {
            "month": "2006-10",
            "price": "23.30",
            "revenue": 954594
        },
        "2006-11": {
            "month": "2006-11",
            "price": "25.63",
            "revenue": 460549
        },
        "2006-12": {
            "month": "2006-12",
            "price": "26.52",
            "revenue": 752216
        },
        "2007-01": {
            "month": "2007-01",
            "price": "24.17",
            "revenue": 586796
        },
        "2007-02": {
            "month": "2007-02",
            "price": "23.90",
            "revenue": 745679
        },
        "2007-03": {
            "month": "2007-03",
            "price": "23.33",
            "revenue": 962117
        },
        "2007-04": {
            "month": "2007-04",
            "price": "25.64",
            "revenue": 813829
        },
        "2007-05": {
            "month": "2007-05",
            "price": "25.22",
            "revenue": 1139318
        },
        "2007-06": {
            "month": "2007-06",
            "price": "26.04",
            "revenue": 994445
        },
        "2007-07": {
            "month": "2007-07",
            "price": "27.08",
            "revenue": 283172
        },
        "2007-08": {
            "month": "2007-08",
            "price": "25.54",
            "revenue": 149388
        },
        "2007-09": {
            "month": "2007-09",
            "price": "21.61",
            "revenue": 1353239
        },
        "2007-10": {
            "month": "2007-10",
            "price": "22.64",
            "revenue": 496862
        },
        "2007-11": {
            "month": "2007-11",
            "price": "24.31",
            "revenue": 704604
        },
        "2007-12": {
            "month": "2007-12",
            "price": "22.24",
            "revenue": 403638
        },
        "2008-01": {
            "month": "2008-01",
            "price": "23.22",
            "revenue": 134328
        },
        "2008-02": {
            "month": "2008-02",
            "price": "24.85",
            "revenue": 6736
        },
        "2008-03": {
            "month": "2008-03",
            "price": "27.29",
            "revenue": 353151
        },
        "2008-04": {
            "month": "2008-04",
            "price": "33.42",
            "revenue": 1691
        },
        "2008-05": {
            "month": "2008-05",
            "price": "32.62",
            "revenue": 231767
        },
        "2008-06": {
            "month": "2008-06",
            "price": "29.14",
            "revenue": 1688
        },
        "2008-07": {
            "month": "2008-07",
            "price": "24.22",
            "revenue": 1686
        },
        "2008-08": {
            "month": "2008-08",
            "price": "16.23",
            "revenue": 1370
        },
        "2008-09": {
            "month": "2008-09",
            "price": "11.59",
            "revenue": 23145
        },
        "2008-10": {
            "month": "2008-10",
            "price": "7.29",
            "revenue": 4208
        },
        "2008-11": {
            "month": "2008-11",
            "price": "6.72",
            "revenue": 297984
        },
        "2008-12": {
            "month": "2008-12",
            "price": "7.21",
            "revenue": 1541
        },
        "2009-01": {
            "month": "2009-01",
            "price": "7.32",
            "revenue": 6746
        },
        "2009-02": {
            "month": "2009-02",
            "price": "6.64",
            "revenue": 1503
        },
        "2009-03": {
            "month": "2009-03",
            "price": "7.50",
            "revenue": 1507
        },
        "2009-04": {
            "month": "2009-04",
            "price": "10.79",
            "revenue": 183896
        },
        "2009-05": {
            "month": "2009-05",
            "price": "13.82",
            "revenue": 186764
        },
        "2009-06": {
            "month": "2009-06",
            "price": "14.27",
            "revenue": 1973
        },
        "2009-07": {
            "month": "2009-07",
            "price": "15.13",
            "revenue": 690053
        },
        "2009-08": {
            "month": "2009-08",
            "price": "13.96",
            "revenue": 373308
        },
        "2009-09": {
            "month": "2009-09",
            "price": "14.28",
            "revenue": 1578
        },
        "2009-10": {
            "month": "2009-10",
            "price": "15.10",
            "revenue": 733062
        },
        "2009-11": {
            "month": "2009-11",
            "price": "15.02",
            "revenue": 371231
        },
        "2009-12": {
            "month": "2009-12",
            "price": "15.27",
            "revenue": 2342
        },
        "2010-01": {
            "month": "2010-01",
            "price": "19.05",
            "revenue": 203557
        },
        "2010-02": {
            "month": "2010-02",
            "price": "17.59",
            "revenue": 438245
        },
        "2010-03": {
            "month": "2010-03",
            "price": "18.77",
            "revenue": 408890
        },
        "2010-04": {
            "month": "2010-04",
            "price": "18.78",
            "revenue": 538697
        },
        "2010-05": {
            "month": "2010-05",
            "price": "17.12",
            "revenue": 349883
        },
        "2010-06": {
            "month": "2010-06",
            "price": "16.49",
            "revenue": 195269
        },
        "2010-07": {
            "month": "2010-07",
            "price": "16.99",
            "revenue": 75435
        },
        "2010-08": {
            "month": "2010-08",
            "price": "17.12",
            "revenue": 98662
        },
        "2010-09": {
            "month": "2010-09",
            "price": "17.57",
            "revenue": 1900
        },
        "2010-10": {
            "month": "2010-10",
            "price": "18.03",
            "revenue": 153781
        },
        "2010-11": {
            "month": "2010-11",
            "price": "18.14",
            "revenue": 55889
        },
        "2010-12": {
            "month": "2010-12",
            "price": "19.49",
            "revenue": 15080
        },
        "2011-01": {
            "month": "2011-01",
            "price": "20.02",
            "revenue": 9315
        },
        "2011-02": {
            "month": "2011-02",
            "price": "18.66",
            "revenue": 2341
        },
        "2011-03": {
            "month": "2011-03",
            "price": "16.18",
            "revenue": 108009
        },
        "2011-04": {
            "month": "2011-04",
            "price": "16.87",
            "revenue": 57839
        },
        "2011-05": {
            "month": "2011-05",
            "price": "16.68",
            "revenue": 39997
        },
        "2011-06": {
            "month": "2011-06",
            "price": "16.56",
            "revenue": 84665
        },
        "2011-07": {
            "month": "2011-07",
            "price": "17.55",
            "revenue": 82509
        },
        "2011-08": {
            "month": "2011-08",
            "price": "15.73",
            "revenue": 86433
        },
        "2011-09": {
            "month": "2011-09",
            "price": "13.24",
            "revenue": 27393
        },
        "2011-10": {
            "month": "2011-10",
            "price": "12.97",
            "revenue": 15434
        },
        "2011-11": {
            "month": "2011-11",
            "price": "14.03",
            "revenue": 21856
        },
        "2011-12": {
            "month": "2011-12",
            "price": "13.21",
            "revenue": 16047
        },
        "2012-01": {
            "month": "2012-01",
            "price": "13.12",
            "revenue": 1761
        },
        "2012-02": {
            "month": "2012-02",
            "price": "14.26",
            "revenue": 17826
        },
        "2012-03": {
            "month": "2012-03",
            "price": "14.35",
            "revenue": 14394
        },
        "2012-04": {
            "month": "2012-04",
            "price": "14.52",
            "revenue": 19008
        },
        "2012-05": {
            "month": "2012-05",
            "price": "14.78",
            "revenue": 2464
        },
        "2012-06": {
            "month": "2012-06",
            "price": "14.85",
            "revenue": 2489
        },
        "2012-07": {
            "month": "2012-07",
            "price": "15.01",
            "revenue": 2517
        },
        "2012-08": {
            "month": "2012-08",
            "price": "14.74",
            "revenue": 2123
        },
        "2012-09": {
            "month": "2012-09",
            "price": "16.66",
            "revenue": 2115
        },
        "2012-10": {
            "month": "2012-10",
            "price": "16.75",
            "revenue": 2511
        },
        "2012-11": {
            "month": "2012-11",
            "price": "16.21",
            "revenue": 2490
        },
        "2012-12": {
            "month": "2012-12",
            "price": "16.71",
            "revenue": 15706
        },
        "2013-01": {
            "month": "2013-01",
            "price": "18.45",
            "revenue": 2550
        },
        "2013-02": {
            "month": "2013-02",
            "price": "20.67",
            "revenue": 2522
        },
        "2013-03": {
            "month": "2013-03",
            "price": "21.17",
            "revenue": 2584
        },
        "2013-04": {
            "month": "2013-04",
            "price": "22.12",
            "revenue": 2480
        },
        "2013-05": {
            "month": "2013-05",
            "price": "25.64",
            "revenue": 23086
        },
        "2013-06": {
            "month": "2013-06",
            "price": "25.63",
            "revenue": 2704
        },
        "2013-07": {
            "month": "2013-07",
            "price": "27.25",
            "revenue": 2536
        },
        "2013-08": {
            "month": "2013-08",
            "price": "26.27",
            "revenue": 24101
        },
        "2013-09": {
            "month": "2013-09",
            "price": "23.96",
            "revenue": 2405
        },
        "2013-10": {
            "month": "2013-10",
            "price": "24.62",
            "revenue": 2522
        },
        "2013-11": {
            "month": "2013-11",
            "price": "24.64",
            "revenue": 759909
        },
        "2013-12": {
            "month": "2013-12",
            "price": "24.59",
            "revenue": 2488
        },
        "2014-01": {
            "month": "2014-01",
            "price": "23.66",
            "revenue": 2229
        },
        "2014-02": {
            "month": "2014-02",
            "price": "23.84",
            "revenue": 2273
        },
        "2014-03": {
            "month": "2014-03",
            "price": "22.95",
            "revenue": 3246
        },
        "2014-04": {
            "month": "2014-04",
            "price": "21.77",
            "revenue": 3200
        },
        "2014-05": {
            "month": "2014-05",
            "price": "19.93",
            "revenue": 3222
        },
        "2014-06": {
            "month": "2014-06",
            "price": "19.64",
            "revenue": 145903
        },
        "2014-07": {
            "month": "2014-07",
            "price": "20.32",
            "revenue": 3220
        },
        "2014-08": {
            "month": "2014-08",
            "price": "20.18",
            "revenue": 2860
        },
        "2014-09": {
            "month": "2014-09",
            "price": "21.08",
            "revenue": 2932
        },
        "2014-10": {
            "month": "2014-10",
            "price": "18.86",
            "revenue": 3207
        },
        "2014-11": {
            "month": "2014-11",
            "price": "18.46",
            "revenue": 402205
        },
        "2014-12": {
            "month": "2014-12",
            "price": "19.48",
            "revenue": 398640
        },
        "2015-01": {
            "month": "2015-01",
            "price": "19.58",
            "revenue": 111438
        },
        "2015-02": {
            "month": "2015-02",
            "price": "19.28",
            "revenue": 80478
        },
        "2015-03": {
            "month": "2015-03",
            "price": "19.27",
            "revenue": 3100
        },
        "2015-04": {
            "month": "2015-04",
            "price": "20.16",
            "revenue": 2982
        },
        "2015-05": {
            "month": "2015-05",
            "price": "21.54",
            "revenue": 153186
        },
        "2015-06": {
            "month": "2015-06",
            "price": "19.60",
            "revenue": 811868
        },
        "2015-07": {
            "month": "2015-07",
            "price": "17.01",
            "revenue": 36745
        },
        "2015-08": {
            "month": "2015-08",
            "price": "15.02",
            "revenue": 2664
        },
        "2015-09": {
            "month": "2015-09",
            "price": "14.86",
            "revenue": 2473
        },
        "2015-10": {
            "month": "2015-10",
            "price": "15.58",
            "revenue": 2977
        },
        "2015-11": {
            "month": "2015-11",
            "price": "16.90",
            "revenue": 293043
        },
        "2015-12": {
            "month": "2015-12",
            "price": "17.38",
            "revenue": 3057
        },
        "2016-01": {
            "month": "2016-01",
            "price": "15.11",
            "revenue": 191125
        },
        "2016-02": {
            "month": "2016-02",
            "price": "14.25",
            "revenue": 2918
        },
        "2016-03": {
            "month": "2016-03",
            "price": "15.49",
            "revenue": 10138
        },
        "2016-04": {
            "month": "2016-04",
            "price": "15.84",
            "revenue": 228618
        },
        "2016-05": {
            "month": "2016-05",
            "price": "15.89",
            "revenue": 144959
        },
        "2016-06": {
            "month": "2016-06",
            "price": "15.94",
            "revenue": 635296
        },
        "2016-07": {
            "month": "2016-07",
            "price": "16.51",
            "revenue": 29054
        },
        "2016-08": {
            "month": "2016-08",
            "price": "16.56",
            "revenue": 140741
        },
        "2016-09": {
            "month": "2016-09",
            "price": "16.47",
            "revenue": 136976
        },
        "2016-10": {
            "month": "2016-10",
            "price": "16.96",
            "revenue": 144499
        },
        "2016-11": {
            "month": "2016-11",
            "price": "16.85",
            "revenue": 275634
        },
        "2016-12": {
            "month": "2016-12",
            "price": "18.14",
            "revenue": 1292106
        },
        "2017-01": {
            "month": "2017-01",
            "price": "18.91",
            "revenue": 489914
        },
        "2017-02": {
            "month": "2017-02",
            "price": "19.75",
            "revenue": 663630
        },
        "2017-03": {
            "month": "2017-03",
            "price": "19.31",
            "revenue": 969666
        },
        "2017-04": {
            "month": "2017-04",
            "price": "19.62",
            "revenue": 382601
        },
        "2017-05": {
            "month": "2017-05",
            "price": "18.89",
            "revenue": 520293
        },
        "2017-06": {
            "month": "2017-06",
            "price": "19.17",
            "revenue": 542696
        },
        "2017-07": {
            "month": "2017-07",
            "price": "19.75",
            "revenue": 284250
        },
        "2017-08": {
            "month": "2017-08",
            "price": "21.06",
            "revenue": 152127
        },
        "2017-09": {
            "month": "2017-09",
            "price": "22.89",
            "revenue": 165783
        },
        "2017-10": {
            "month": "2017-10",
            "price": "23.81",
            "revenue": 39954
        },
        "2017-11": {
            "month": "2017-11",
            "price": "24.07",
            "revenue": 973031
        },
        "2017-12": {
            "month": "2017-12",
            "price": "25.48",
            "revenue": 1308662
        },
        "2018-01": {
            "month": "2018-01",
            "price": "26.96",
            "revenue": 1946171
        },
        "2018-02": {
            "month": "2018-02",
            "price": "27.99",
            "revenue": 562421
        },
        "2018-03": {
            "month": "2018-03",
            "price": "29.60",
            "revenue": 1129112
        },
        "2018-04": {
            "month": "2018-04",
            "price": "34.11",
            "revenue": 950889
        },
        "2018-05": {
            "month": "2018-05",
            "price": "37.12",
            "revenue": 1093478
        },
        "2018-06": {
            "month": "2018-06",
            "price": "39.76",
            "revenue": 478831
        },
        "2018-07": {
            "month": "2018-07",
            "price": "39.00",
            "revenue": 345771
        },
        "2018-08": {
            "month": "2018-08",
            "price": "35.72",
            "revenue": 306530
        },
        "2018-09": {
            "month": "2018-09",
            "price": "30.74",
            "revenue": 298858
        },
        "2018-10": {
            "month": "2018-10",
            "price": "28.03",
            "revenue": 338914
        },
        "2018-11": {
            "month": "2018-11",
            "price": "26.72",
            "revenue": 296909
        },
        "2018-12": {
            "month": "2018-12",
            "price": "25.99",
            "revenue": 425610
        },
        "2019-01": {
            "month": "2019-01",
            "price": "26.79",
            "revenue": 495334
        },
        "2019-02": {
            "month": "2019-02",
            "price": "28.13",
            "revenue": 276424
        },
        "2019-03": {
            "month": "2019-03",
            "price": "28.91",
            "revenue": 335560
        },
        "2019-04": {
            "month": "2019-04",
            "price": "27.05",
            "revenue": 145572
        },
        "2019-05": {
            "month": "2019-05",
            "price": "21.49",
            "revenue": 709845
        },
        "2019-06": {
            "month": "2019-06",
            "price": "20.93",
            "revenue": 782119
        },
        "2019-07": {
            "month": "2019-07",
            "price": "20.71",
            "revenue": 1237787
        },
        "2019-08": {
            "month": "2019-08",
            "price": "20.16",
            "revenue": 299132
        },
        "2019-09": {
            "month": "2019-09",
            "price": "20.08",
            "revenue": 431413
        },
        "2019-10": {
            "month": "2019-10",
            "price": "20.57",
            "revenue": 602365
        },
        "2019-11": {
            "month": "2019-11",
            "price": "21.95",
            "revenue": 361767
        },
        "2019-12": {
            "month": "2019-12",
            "price": "24.51",
            "revenue": 236735
        },
        "2020-01": {
            "month": "2020-01",
            "price": "24.20",
            "revenue": 115067
        },
        "2020-02": {
            "month": "2020-02",
            "price": "21.70",
            "revenue": 299720
        },
        "2020-03": {
            "month": "2020-03",
            "price": "16.99",
            "revenue": 228860
        },
        "2020-04": {
            "month": "2020-04",
            "price": "16.71",
            "revenue": 144191
        },
        "2020-05": {
            "month": "2020-05",
            "price": "17.14",
            "revenue": 100807
        },
        "2020-06": {
            "month": "2020-06",
            "price": "18.37",
            "revenue": 112291
        },
        "2020-07": {
            "month": "2020-07",
            "price": "17.66",
            "revenue": 82830
        },
        "2020-08": {
            "month": "2020-08",
            "price": "17.35",
            "revenue": 304711
        },
        "2020-09": {
            "month": "2020-09",
            "price": "17.80",
            "revenue": 271881
        },
        "2020-10": {
            "month": "2020-10",
            "price": "17.36",
            "revenue": 474802
        },
        "2020-11": {
            "month": "2020-11",
            "price": "17.65",
            "revenue": 305115
        },
        "2020-12": {
            "month": "2020-12",
            "price": "19.72",
            "revenue": 331630
        },
        "2021-01": {
            "month": "2021-01",
            "price": "18.85",
            "revenue": 299337
        },
        "2021-02": {
            "month": "2021-02",
            "price": "18.41",
            "revenue": 250754
        },
        "2021-03": {
            "month": "2021-03",
            "price": "18.98",
            "revenue": 338729
        },
        "2021-04": {
            "month": "2021-04",
            "price": "21.85",
            "revenue": 168323
        },
        "2021-05": {
            "month": "2021-05",
            "price": "20.26",
            "revenue": 252098
        },
        "2021-06": {
            "month": "2021-06",
            "price": "19.85",
            "revenue": 393907
        },
        "2021-07": {
            "month": "2021-07",
            "price": "20.28",
            "revenue": 327765
        },
        "2021-08": {
            "month": "2021-08",
            "price": "20.15",
            "revenue": 335209
        },
        "2021-09": {
            "month": "2021-09",
            "price": "21.34",
            "revenue": 375740
        },
        "2021-10": {
            "month": "2021-10",
            "price": "23.36",
            "revenue": 433740
        },
        "2021-11": {
            "month": "2021-11",
            "price": "23.57",
            "revenue": 372300
        },
        "2021-12": {
            "month": "2021-12",
            "price": "23.36",
            "revenue": 327517
        },
        "2022-01": {
            "month": "2022-01",
            "price": "23.91",
            "revenue": 425699
        },
        "2022-02": {
            "month": "2022-02",
            "price": "24.43",
            "revenue": 288711
        },
        "2022-03": {
            "month": "2022-03",
            "price": "24.52",
            "revenue": 532470
        },
        "2022-04": {
            "month": "2022-04",
            "price": "25.23",
            "revenue": 242901
        },
        "2022-05": {
            "month": "2022-05",
            "price": "24.64",
            "revenue": 396495
        },
        "2022-06": {
            "month": "2022-06",
            "price": "25.32",
            "revenue": 348438
        },
        "2022-07": {
            "month": "2022-07",
            "price": "24.55",
            "revenue": 465493
        },
        "2022-08": {
            "month": "2022-08",
            "price": "24.72",
            "revenue": 290440
        },
        "2022-09": {
            "month": "2022-09",
            "price": "25.46",
            "revenue": 237262
        },
        "2022-10": {
            "month": "2022-10",
            "price": "24.55",
            "revenue": 1256375
        },
        "2022-11": {
            "month": "2022-11",
            "price": "25.39",
            "revenue": 1745013
        },
        "2022-12": {
            "month": "2022-12",
            "price": "24.15",
            "revenue": 738855
        },
        "2023-01": {
            "month": "2023-01",
            "price": "23.01",
            "revenue": 678009
        },
        "2023-02": {
            "month": "2023-02",
            "price": "23.19",
            "revenue": 321082
        },
        "2023-03": {
            "month": "2023-03",
            "price": "23.71",
            "revenue": 224917
        },
        "2023-04": {
            "month": "2023-04",
            "price": "22.71",
            "revenue": 133925
        },
        "2023-05": {
            "month": "2023-05",
            "price": "22.59",
            "revenue": 159303
        },
        "2023-06": {
            "month": "2023-06",
            "price": "22.52",
            "revenue": 89039
        },
        "2023-07": {
            "month": "2023-07",
            "price": "21.31",
            "revenue": 153477
        },
        "2023-08": {
            "month": "2023-08",
            "price": "19.50",
            "revenue": 191874
        },
        "2023-09": {
            "month": "2023-09",
            "price": "19.20",
            "revenue": 164687
        },
        "2023-10": {
            "month": "2023-10",
            "price": "18.50",
            "revenue": 164483
        },
        "2023-11": {
            "month": "2023-11",
            "price": "19.53",
            "revenue": 149641
        },
        "2023-12": {
            "month": "2023-12",
            "price": "20.34",
            "revenue": 122678
        }
    }
}
