{
    "summary": {
        "stock_name": "達欣工",
        "stock_id": "2535",
        "category": "建材營造",
        "main_business": "集合住宅商辦大樓等建築工程總承包<br>晶圓廠、封測廠等高科技廠房工程總承包<br>捷運、道路等交通工程統包及總承包",
        "website_url": "http://www.dacin.com.tw",
        "ceo": "執行長：廖肇邦",
        "pe_ratio": 10,
        "report_year_from": 2001,
        "report_year_to": 2023,
        "age": 23,
        "eps_negative_percentage": 9,
        "eps_growth_avg": {
            "last_all": 10.81,
            "last_2y": -9.81,
            "last_4y": 6.58,
            "last_8y": 7.78,
            "last_12y": 8.23,
            "last_16y": 8.67,
            "last_20y": 10.81,
            "at_2006_last_3y": 22.9,
            "at_2007_last_3y": -9.24,
            "at_2008_last_3y": 15.62,
            "at_2009_last_3y": 16.56,
            "at_2010_last_3y": 10.1,
            "at_2011_last_3y": 10.22,
            "at_2012_last_3y": 19.42,
            "at_2013_last_3y": 29.28,
            "at_2014_last_3y": 9.25,
            "at_2015_last_3y": -1.23,
            "at_2016_last_3y": 20.3,
            "at_2017_last_3y": -2.26,
            "at_2018_last_3y": 9.29,
            "at_2019_last_3y": 17.88,
            "at_2020_last_3y": 9.95,
            "at_2021_last_3y": 18.14,
            "at_2022_last_3y": 15.13,
            "at_2023_last_3y": 9.09,
            "at_2024_last_3y": 9.09,
            "at_2006_last_all": 22.9,
            "at_2007_last_all": 18.07,
            "at_2008_last_all": 9.37,
            "at_2009_last_all": 11.04,
            "at_2010_last_all": 15.58,
            "at_2011_last_all": 14.15,
            "at_2012_last_all": 13.84,
            "at_2013_last_all": 18.34,
            "at_2014_last_all": 13.28,
            "at_2015_last_all": 9.02,
            "at_2016_last_all": 15.83,
            "at_2017_last_all": 12.45,
            "at_2018_last_all": 12.21,
            "at_2019_last_all": 11.24,
            "at_2020_last_all": 14.44,
            "at_2021_last_all": 13.72,
            "at_2022_last_all": 12.83,
            "at_2023_last_all": 10.81,
            "at_2024_last_all": 10.81
        },
        "latest_eps": 4.9,
        "latest_price": 49.45,
        "latest_roe": 13.73,
        "latest_gross_margin": 12.96,
        "latest_equity": 8956763,
        "latest_revenue": 3766138,
        "latest_gross_profit": 487935,
        "latest_net_income": 216431,
        "latest_debt_ratio": 61.59,
        "latest_current_ratio": 204.95,
        "latest_account_receivable_turnover_ratio": 2.39,
        "latest_inventory_turnover_ratio": 0.43,
        "latest_reinvestment_rate": 8.68,
        "latest_research_to_sale_ratio": null
    },
    "eps_dividends": {
        "1994": {
            "cash": 0,
            "stock": 3,
            "eps": 0
        },
        "1995": {
            "cash": 0,
            "stock": 2,
            "eps": 0
        },
        "1996": {
            "cash": 0,
            "stock": 2,
            "eps": 0
        },
        "1997": {
            "cash": 0,
            "stock": 1.8,
            "eps": 0
        },
        "1998": {
            "cash": 0,
            "stock": 1.5,
            "eps": 0
        },
        "2001": {
            "cash": 0,
            "stock": 0,
            "eps": -0.29
        },
        "2002": {
            "cash": 0,
            "stock": 0,
            "eps": 0.13
        },
        "2003": {
            "cash": 0,
            "stock": 0,
            "eps": 0.37
        },
        "2004": {
            "cash": 0,
            "stock": 0,
            "eps": -0.44
        },
        "2005": {
            "cash": 0,
            "stock": 0.3,
            "eps": 0.99
        },
        "2006": {
            "cash": 0,
            "stock": 0.5,
            "eps": 1.67
        },
        "2007": {
            "cash": 0.7,
            "stock": 0,
            "eps": 1.73
        },
        "2008": {
            "cash": 1.2,
            "stock": 0,
            "eps": 1.29
        },
        "2009": {
            "cash": 0.9,
            "stock": 0,
            "eps": 1.54
        },
        "2010": {
            "cash": 1.2,
            "stock": 1.2,
            "eps": 2.2
        },
        "2011": {
            "cash": 3.2,
            "stock": 0,
            "eps": 2.29
        },
        "2012": {
            "cash": 0,
            "stock": 0,
            "eps": 2.55
        },
        "2013": {
            "cash": 2.1,
            "stock": 0,
            "eps": 4.05
        },
        "2014": {
            "cash": 2.5,
            "stock": 0,
            "eps": 2.54
        },
        "2015": {
            "cash": 1.5,
            "stock": 0,
            "eps": 1.58
        },
        "2016": {
            "cash": 1,
            "stock": 0,
            "eps": 3.12
        },
        "2017": {
            "cash": 1.65,
            "stock": 0,
            "eps": 2.14
        },
        "2018": {
            "cash": 1.78,
            "stock": 0,
            "eps": 2.33
        },
        "2019": {
            "cash": 1.74,
            "stock": 0,
            "eps": 2.25
        },
        "2020": {
            "cash": 1.42,
            "stock": 0,
            "eps": 3.73
        },
        "2021": {
            "cash": 2.51,
            "stock": 0,
            "eps": 3.78
        },
        "2022": {
            "cash": 2.5,
            "stock": 0,
            "eps": 3.66
        },
        "2023": {
            "cash": 2.5,
            "stock": 0,
            "eps": 2.65
        }
    },
    "dividends": {
        "1994-04-30": {
            "cash": 0,
            "stock": 3
        },
        "1995-05-13": {
            "cash": 0,
            "stock": 2
        },
        "1996-05-11": {
            "cash": 0,
            "stock": 2
        },
        "1997-05-22": {
            "cash": 0,
            "stock": 1.8
        },
        "1998-04-30": {
            "cash": 0,
            "stock": 1.5
        },
        "2005-04-06": {
            "cash": 0,
            "stock": 0.3
        },
        "2006-03-24": {
            "cash": 0,
            "stock": 0.5
        },
        "2007-03-27": {
            "cash": 0.7,
            "stock": 0
        },
        "2008-03-25": {
            "cash": 1.2,
            "stock": 0
        },
        "2009-03-27": {
            "cash": 0.9,
            "stock": 0
        },
        "2010-03-26": {
            "cash": 1.2,
            "stock": 1.2
        },
        "2011-01-01": {
            "cash": 1.6,
            "stock": 0
        },
        "2011-03-18": {
            "cash": 1.6,
            "stock": 0
        },
        "2013-03-20": {
            "cash": 2.1,
            "stock": 0
        },
        "2014-08-20": {
            "cash": 2.5,
            "stock": 0
        },
        "2015-08-05": {
            "cash": 1.5,
            "stock": 0
        },
        "2016-03-22": {
            "cash": 1,
            "stock": 0
        },
        "2017-08-15": {
            "cash": 1.65,
            "stock": 0
        },
        "2018-08-03": {
            "cash": 1.78,
            "stock": 0
        },
        "2019-08-14": {
            "cash": 1.74,
            "stock": 0
        },
        "2020-08-28": {
            "cash": 1.42,
            "stock": 0
        },
        "2021-07-30": {
            "cash": 2.51,
            "stock": 0
        },
        "2022-05-13": {
            "cash": 2.5,
            "stock": 0
        },
        "2023-05-19": {
            "cash": 2.5,
            "stock": 0
        }
    },
    "prices": {
        "200101": "7.05",
        "200102": "7.71",
        "200103": "6.90",
        "200104": "6.00",
        "200105": "5.75",
        "200106": "5.69",
        "200107": "5.56",
        "200108": "5.45",
        "200109": "5.30",
        "200110": "5.57",
        "200111": "5.57",
        "200112": "6.14",
        "200201": "6.25",
        "200202": "5.89",
        "200203": "6.10",
        "200204": "7.45",
        "200205": "8.39",
        "200206": "6.66",
        "200207": "5.80",
        "200208": "5.09",
        "200209": "4.28",
        "200210": "4.09",
        "200211": "4.32",
        "200212": "5.27",
        "200301": "6.46",
        "200302": "5.72",
        "200303": "5.24",
        "200304": "5.84",
        "200305": "4.84",
        "200306": "5.46",
        "200307": "6.07",
        "200308": "6.47",
        "200309": "6.35",
        "200310": "7.20",
        "200311": "7.36",
        "200312": "7.40",
        "200401": "9.11",
        "200402": "10.43",
        "200403": "10.41",
        "200404": "10.39",
        "200405": "9.44",
        "200406": "10.01",
        "200407": "8.56",
        "200408": "7.88",
        "200409": "12.58",
        "200410": "13.64",
        "200411": "14.24",
        "200412": "13.18",
        "200501": "10.49",
        "200502": "10.17",
        "200503": "9.50",
        "200504": "9.18",
        "200505": "8.09",
        "200506": "9.52",
        "200507": "9.11",
        "200508": "8.41",
        "200509": "7.88",
        "200510": "6.84",
        "200511": "6.93",
        "200512": "7.35",
        "200601": "7.56",
        "200602": "7.85",
        "200603": "7.80",
        "200604": "9.56",
        "200605": "10.58",
        "200606": "9.08",
        "200607": "9.20",
        "200608": "9.17",
        "200609": "9.14",
        "200610": "10.42",
        "200611": "13.39",
        "200612": "14.21",
        "200701": "12.97",
        "200702": "12.46",
        "200703": "11.94",
        "200704": "12.28",
        "200705": "12.08",
        "200706": "12.34",
        "200707": "14.80",
        "200708": "15.37",
        "200709": "15.22",
        "200710": "15.04",
        "200711": "14.02",
        "200712": "14.79",
        "200801": "14.83",
        "200802": "14.23",
        "200803": "17.60",
        "200804": "24.99",
        "200805": "25.31",
        "200806": "23.25",
        "200807": "20.60",
        "200808": "17.38",
        "200809": "13.55",
        "200810": "10.81",
        "200811": "11.65",
        "200812": "12.24",
        "200901": "11.69",
        "200902": "11.11",
        "200903": "12.30",
        "200904": "15.77",
        "200905": "20.56",
        "200906": "23.64",
        "200907": "23.59",
        "200908": "22.12",
        "200909": "22.86",
        "200910": "22.86",
        "200911": "20.79",
        "200912": "20.85",
        "201001": "21.34",
        "201002": "17.83",
        "201003": "18.29",
        "201004": "19.49",
        "201005": "17.47",
        "201006": "18.34",
        "201007": "17.63",
        "201008": "17.91",
        "201009": "17.29",
        "201010": "17.44",
        "201011": "18.37",
        "201012": "18.80",
        "201101": "19.47",
        "201102": "17.83",
        "201103": "17.37",
        "201104": "19.09",
        "201105": "19.32",
        "201106": "19.20",
        "201107": "18.43",
        "201108": "16.39",
        "201109": "17.30",
        "201110": "17.56",
        "201111": "17.10",
        "201112": "16.56",
        "201201": "16.73",
        "201202": "17.95",
        "201203": "19.00",
        "201204": "18.78",
        "201205": "18.95",
        "201206": "19.15",
        "201207": "17.57",
        "201208": "17.85",
        "201209": "18.84",
        "201210": "18.74",
        "201211": "19.16",
        "201212": "19.51",
        "201301": "20.58",
        "201302": "21.77",
        "201303": "22.99",
        "201304": "24.97",
        "201305": "26.79",
        "201306": "28.96",
        "201307": "28.23",
        "201308": "27.04",
        "201309": "26.32",
        "201310": "26.39",
        "201311": "26.93",
        "201312": "28.48",
        "201401": "27.29",
        "201402": "27.22",
        "201403": "28.05",
        "201404": "28.65",
        "201405": "28.20",
        "201406": "27.58",
        "201407": "25.42",
        "201408": "21.88",
        "201409": "22.17",
        "201410": "21.12",
        "201411": "20.69",
        "201412": "20.26",
        "201501": "20.00",
        "201502": "19.90",
        "201503": "20.18",
        "201504": "20.30",
        "201505": "19.88",
        "201506": "18.67",
        "201507": "17.26",
        "201508": "14.71",
        "201509": "14.09",
        "201510": "14.60",
        "201511": "14.58",
        "201512": "14.28",
        "201601": "14.10",
        "201602": "15.27",
        "201603": "16.40",
        "201604": "15.91",
        "201605": "15.85",
        "201606": "16.58",
        "201607": "16.45",
        "201608": "16.83",
        "201609": "17.13",
        "201610": "17.96",
        "201611": "19.01",
        "201612": "20.03",
        "201701": "19.48",
        "201702": "19.47",
        "201703": "20.03",
        "201704": "19.59",
        "201705": "19.29",
        "201706": "19.74",
        "201707": "18.83",
        "201708": "17.40",
        "201709": "17.45",
        "201710": "17.52",
        "201711": "17.72",
        "201712": "17.62",
        "201801": "18.47",
        "201802": "18.02",
        "201803": "19.07",
        "201804": "23.18",
        "201805": "25.17",
        "201806": "24.95",
        "201807": "22.28",
        "201808": "21.75",
        "201809": "21.14",
        "201810": "19.63",
        "201811": "19.23",
        "201812": "19.28",
        "201901": "19.80",
        "201902": "20.19",
        "201903": "20.88",
        "201904": "21.27",
        "201905": "21.25",
        "201906": "21.77",
        "201907": "21.08",
        "201908": "19.75",
        "201909": "20.29",
        "201910": "20.22",
        "201911": "20.72",
        "201912": "21.01",
        "202001": "21.43",
        "202002": "21.80",
        "202003": "20.38",
        "202004": "20.56",
        "202005": "21.58",
        "202006": "22.43",
        "202007": "23.26",
        "202008": "24.21",
        "202009": "24.72",
        "202010": "25.66",
        "202011": "27.21",
        "202012": "26.57",
        "202101": "26.20",
        "202102": "25.59",
        "202103": "29.23",
        "202104": "34.99",
        "202105": "33.59",
        "202106": "33.80",
        "202107": "31.52",
        "202108": "30.12",
        "202109": "30.21",
        "202110": "29.72",
        "202111": "31.71",
        "202112": "32.18",
        "202201": "33.02",
        "202202": "33.32",
        "202203": "34.34",
        "202204": "31.95",
        "202205": "31.26",
        "202206": "30.55",
        "202207": "29.29",
        "202208": "30.23",
        "202209": "31.40",
        "202210": "30.24",
        "202211": "29.85",
        "202212": "29.83",
        "202301": "30.02",
        "202302": "31.07",
        "202303": "33.10",
        "202304": "32.44",
        "202305": "32.46",
        "202306": "33.06",
        "202307": "32.65",
        "202308": "32.79",
        "202309": "33.74",
        "202310": "34.78",
        "202311": "41.19",
        "202312": "43.77"
    },
    "quarters": {
        "20011": {
            "year_quarter": 20011,
            "year": 2001,
            "quarter": 1,
            "eps": 0.05,
            "eps_growth_year": 0,
            "eps_4q": 0.4,
            "eps_4q_growth_year": null,
            "roe": 0.39,
            "roe_4q": 0.39,
            "gross_profit": 53556,
            "gross_margin": 6.4,
            "gross_margin_4q_avg": 6.4,
            "net_income": 12225,
            "net_income_4q": null,
            "revenue": 837135,
            "revenue_4q": null,
            "common_shares": 2705151,
            "book_valuer_per_share": 11.93,
            "book_valuer_per_share_4q_avg": 11.93,
            "equity": 3227078,
            "current_ratio": 130.71,
            "debt_ratio": 45.34,
            "inventory_turnover_ratio": 0.4,
            "account_receivable_turnover_ratio": null,
            "reinvestment_rate": null,
            "research_to_sale_ratio": null,
            "price_fair": 0,
            "eps_avg_yearly": 0,
            "eps_latest_yearly": 0,
            "eps_growth_yearly": 0
        },
        "20012": {
            "year_quarter": 20012,
            "year": 2001,
            "quarter": 2,
            "eps": -0.03,
            "eps_growth_year": -107.89,
            "eps_4q": -0.07,
            "eps_4q_growth_year": null,
            "roe": -0.23,
            "roe_4q": 0.16,
            "gross_profit": 62666,
            "gross_margin": 5.5,
            "gross_margin_4q_avg": 5.95,
            "net_income": -7191,
            "net_income_4q": null,
            "revenue": 1139410,
            "revenue_4q": null,
            "common_shares": 2705151,
            "book_valuer_per_share": 11.57,
            "book_valuer_per_share_4q_avg": 11.75,
            "equity": 3129247,
            "current_ratio": 126.31,
            "debt_ratio": 48.71,
            "inventory_turnover_ratio": 1.09,
            "account_receivable_turnover_ratio": null,
            "reinvestment_rate": null,
            "research_to_sale_ratio": null,
            "price_fair": 0,
            "eps_avg_yearly": 0,
            "eps_latest_yearly": 0,
            "eps_growth_yearly": 0
        },
        "20013": {
            "year_quarter": 20013,
            "year": 2001,
            "quarter": 3,
            "eps": -0.07,
            "eps_growth_year": -216.67,
            "eps_4q": -0.19,
            "eps_4q_growth_year": null,
            "roe": -0.55,
            "roe_4q": -0.39,
            "gross_profit": 48616,
            "gross_margin": 4.55,
            "gross_margin_4q_avg": 5.48,
            "net_income": -17082,
            "net_income_4q": null,
            "revenue": 1067601,
            "revenue_4q": null,
            "common_shares": 2705151,
            "book_valuer_per_share": 11.38,
            "book_valuer_per_share_4q_avg": 11.63,
            "equity": 3077292,
            "current_ratio": 128.66,
            "debt_ratio": 47.44,
            "inventory_turnover_ratio": 1,
            "account_receivable_turnover_ratio": null,
            "reinvestment_rate": null,
            "research_to_sale_ratio": null,
            "price_fair": 0,
            "eps_avg_yearly": 0,
            "eps_latest_yearly": 0,
            "eps_growth_yearly": 0
        },
        "20014": {
            "year_quarter": 20014,
            "year": 2001,
            "quarter": 4,
            "eps": -0.24,
            "eps_growth_year": null,
            "eps_4q": -0.33,
            "eps_4q_growth_year": -162.29,
            "roe": -2.03,
            "roe_4q": -2.42,
            "gross_profit": 87641,
            "gross_margin": 13,
            "gross_margin_4q_avg": 7.36,
            "net_income": -61476,
            "net_income_4q": null,
            "revenue": 674240,
            "revenue_4q": null,
            "common_shares": 2705151,
            "book_valuer_per_share": 10.67,
            "book_valuer_per_share_4q_avg": 11.39,
            "equity": 2985226,
            "current_ratio": 134.22,
            "debt_ratio": 51.48,
            "inventory_turnover_ratio": 0.45,
            "account_receivable_turnover_ratio": null,
            "reinvestment_rate": null,
            "research_to_sale_ratio": null,
            "price_fair": 0,
            "eps_avg_yearly": 0,
            "eps_latest_yearly": 0,
            "eps_growth_yearly": 0
        },
        "20021": {
            "year_quarter": 20021,
            "year": 2002,
            "quarter": 1,
            "eps": 0.07,
            "eps_growth_year": 40,
            "eps_4q": -0.41,
            "eps_4q_growth_year": -202.81,
            "roe": 0.44,
            "roe_4q": -2.3699999999999997,
            "gross_profit": 37107,
            "gross_margin": 6.99,
            "gross_margin_4q_avg": 7.51,
            "net_income": 12499,
            "net_income_4q": null,
            "revenue": 530582,
            "revenue_4q": null,
            "common_shares": 2705151,
            "book_valuer_per_share": 10.2,
            "book_valuer_per_share_4q_avg": 10.96,
            "equity": 2759930,
            "current_ratio": 134.04,
            "debt_ratio": 43.81,
            "inventory_turnover_ratio": 0.42,
            "account_receivable_turnover_ratio": null,
            "reinvestment_rate": null,
            "research_to_sale_ratio": null,
            "price_fair": 0,
            "eps_avg_yearly": 0,
            "eps_latest_yearly": 0,
            "eps_growth_yearly": 0
        },
        "20022": {
            "year_quarter": 20022,
            "year": 2002,
            "quarter": 2,
            "eps": -0.05,
            "eps_growth_year": null,
            "eps_4q": -0.28,
            "eps_4q_growth_year": null,
            "roe": -0.37,
            "roe_4q": -2.51,
            "gross_profit": 77579,
            "gross_margin": 10.01,
            "gross_margin_4q_avg": 8.64,
            "net_income": -10378,
            "net_income_4q": null,
            "revenue": 775390,
            "revenue_4q": null,
            "common_shares": 2705151,
            "book_valuer_per_share": 10.65,
            "book_valuer_per_share_4q_avg": 10.73,
            "equity": 2880338,
            "current_ratio": 135.28,
            "debt_ratio": 42.92,
            "inventory_turnover_ratio": 0.9,
            "account_receivable_turnover_ratio": null,
            "reinvestment_rate": null,
            "research_to_sale_ratio": null,
            "price_fair": 0,
            "eps_avg_yearly": 0,
            "eps_latest_yearly": 0,
            "eps_growth_yearly": 0
        },
        "20023": {
            "year_quarter": 20023,
            "year": 2002,
            "quarter": 3,
            "eps": 0.01,
            "eps_growth_year": null,
            "eps_4q": -0.21,
            "eps_4q_growth_year": null,
            "roe": 0.07,
            "roe_4q": -1.8899999999999997,
            "gross_profit": 75795,
            "gross_margin": 9.79,
            "gross_margin_4q_avg": 9.95,
            "net_income": 2007,
            "net_income_4q": null,
            "revenue": 773850,
            "revenue_4q": null,
            "common_shares": 2705151,
            "book_valuer_per_share": 10.39,
            "book_valuer_per_share_4q_avg": 10.48,
            "equity": 2809412,
            "current_ratio": 137.88,
            "debt_ratio": 49.2,
            "inventory_turnover_ratio": 0.89,
            "account_receivable_turnover_ratio": null,
            "reinvestment_rate": null,
            "research_to_sale_ratio": null,
            "price_fair": 0,
            "eps_avg_yearly": 0,
            "eps_latest_yearly": 0,
            "eps_growth_yearly": 0
        },
        "20024": {
            "year_quarter": 20024,
            "year": 2002,
            "quarter": 4,
            "eps": 0.1,
            "eps_growth_year": null,
            "eps_4q": 0.12,
            "eps_4q_growth_year": null,
            "roe": 0.66,
            "roe_4q": 0.8,
            "gross_profit": 135158,
            "gross_margin": 10.98,
            "gross_margin_4q_avg": 9.44,
            "net_income": 19068,
            "net_income_4q": null,
            "revenue": 1231448,
            "revenue_4q": null,
            "common_shares": 2705151,
            "book_valuer_per_share": 10.61,
            "book_valuer_per_share_4q_avg": 10.46,
            "equity": 2949153,
            "current_ratio": 156.23,
            "debt_ratio": 58.36,
            "inventory_turnover_ratio": 0.9,
            "account_receivable_turnover_ratio": null,
            "reinvestment_rate": null,
            "research_to_sale_ratio": null,
            "price_fair": 14,
            "eps_avg_yearly": 0.4,
            "eps_latest_yearly": 0.4,
            "eps_growth_yearly": 3600
        },
        "20031": {
            "year_quarter": 20031,
            "year": 2003,
            "quarter": 1,
            "eps": 0.04,
            "eps_growth_year": -42.86,
            "eps_4q": 0.1,
            "eps_4q_growth_year": null,
            "roe": 0.26,
            "roe_4q": 0.62,
            "gross_profit": 48624,
            "gross_margin": 5.23,
            "gross_margin_4q_avg": 9,
            "net_income": 7564,
            "net_income_4q": null,
            "revenue": 929698,
            "revenue_4q": null,
            "common_shares": 2705151,
            "book_valuer_per_share": 10.5,
            "book_valuer_per_share_4q_avg": 10.54,
            "equity": 2839194,
            "current_ratio": 140.49,
            "debt_ratio": 47.45,
            "inventory_turnover_ratio": 0.78,
            "account_receivable_turnover_ratio": null,
            "reinvestment_rate": null,
            "research_to_sale_ratio": null,
            "price_fair": 9.8,
            "eps_avg_yearly": 0.28,
            "eps_latest_yearly": 0.16,
            "eps_growth_yearly": 1680
        },
        "20032": {
            "year_quarter": 20032,
            "year": 2003,
            "quarter": 2,
            "eps": 0.07,
            "eps_growth_year": null,
            "eps_4q": 0.23,
            "eps_4q_growth_year": null,
            "roe": 0.45,
            "roe_4q": 1.4400000000000002,
            "gross_profit": 104730,
            "gross_margin": 9.27,
            "gross_margin_4q_avg": 8.82,
            "net_income": 12688,
            "net_income_4q": null,
            "revenue": 1129269,
            "revenue_4q": null,
            "common_shares": 2705151,
            "book_valuer_per_share": 10.48,
            "book_valuer_per_share_4q_avg": 10.5,
            "equity": 2834228,
            "current_ratio": 140.24,
            "debt_ratio": 48.8,
            "inventory_turnover_ratio": 1.59,
            "account_receivable_turnover_ratio": null,
            "reinvestment_rate": null,
            "research_to_sale_ratio": null,
            "price_fair": 9.8,
            "eps_avg_yearly": 0.28,
            "eps_latest_yearly": 0.28,
            "eps_growth_yearly": 1220
        },
        "20033": {
            "year_quarter": 20033,
            "year": 2003,
            "quarter": 3,
            "eps": 0.1,
            "eps_growth_year": 900,
            "eps_4q": 0.3,
            "eps_4q_growth_year": null,
            "roe": 0.69,
            "roe_4q": 2.06,
            "gross_profit": 81615,
            "gross_margin": 6.65,
            "gross_margin_4q_avg": 8.03,
            "net_income": 19813,
            "net_income_4q": null,
            "revenue": 1227991,
            "revenue_4q": null,
            "common_shares": 2705151,
            "book_valuer_per_share": 10.78,
            "book_valuer_per_share_4q_avg": 10.59,
            "equity": 2916522,
            "current_ratio": 135.13,
            "debt_ratio": 51.97,
            "inventory_turnover_ratio": 2.1,
            "account_receivable_turnover_ratio": null,
            "reinvestment_rate": null,
            "research_to_sale_ratio": null,
            "price_fair": 10.85,
            "eps_avg_yearly": 0.31,
            "eps_latest_yearly": 0.4,
            "eps_growth_yearly": 957.86
        },
        "20034": {
            "year_quarter": 20034,
            "year": 2003,
            "quarter": 4,
            "eps": 0.16,
            "eps_growth_year": 60,
            "eps_4q": 0.36,
            "eps_4q_growth_year": 197.04,
            "roe": 1.09,
            "roe_4q": 2.49,
            "gross_profit": 131197,
            "gross_margin": 7.55,
            "gross_margin_4q_avg": 7.18,
            "net_income": 31837,
            "net_income_4q": null,
            "revenue": 1737574,
            "revenue_4q": null,
            "common_shares": 2705151,
            "book_valuer_per_share": 10.61,
            "book_valuer_per_share_4q_avg": 10.59,
            "equity": 2951375,
            "current_ratio": 160.28,
            "debt_ratio": 58.98,
            "inventory_turnover_ratio": 1.72,
            "account_receivable_turnover_ratio": null,
            "reinvestment_rate": 108.61,
            "research_to_sale_ratio": null,
            "price_fair": 13.16,
            "eps_avg_yearly": 0.38,
            "eps_latest_yearly": 0.64,
            "eps_growth_yearly": 814.29
        },
        "20041": {
            "year_quarter": 20041,
            "year": 2004,
            "quarter": 1,
            "eps": 0.2,
            "eps_growth_year": 400,
            "eps_4q": 0.52,
            "eps_4q_growth_year": 434.29,
            "roe": 1.32,
            "roe_4q": 3.5500000000000003,
            "gross_profit": 75505,
            "gross_margin": 6.58,
            "gross_margin_4q_avg": 7.51,
            "net_income": 40726,
            "net_income_4q": null,
            "revenue": 1147008,
            "revenue_4q": null,
            "common_shares": 2705151,
            "book_valuer_per_share": 11.83,
            "book_valuer_per_share_4q_avg": 10.93,
            "equity": 3199312,
            "current_ratio": 132.54,
            "debt_ratio": 51.08,
            "inventory_turnover_ratio": 1.06,
            "account_receivable_turnover_ratio": null,
            "reinvestment_rate": 87.3,
            "research_to_sale_ratio": null,
            "price_fair": 15.63,
            "eps_avg_yearly": 0.45,
            "eps_latest_yearly": 0.8,
            "eps_growth_yearly": 695.24
        },
        "20042": {
            "year_quarter": 20042,
            "year": 2004,
            "quarter": 2,
            "eps": 0.02,
            "eps_growth_year": -71.43,
            "eps_4q": 0.57,
            "eps_4q_growth_year": 150.15,
            "roe": 0.11,
            "roe_4q": 3.2100000000000004,
            "gross_profit": 101874,
            "gross_margin": 8.21,
            "gross_margin_4q_avg": 7.25,
            "net_income": 3357,
            "net_income_4q": null,
            "revenue": 1241253,
            "revenue_4q": null,
            "common_shares": 2705151,
            "book_valuer_per_share": 11.62,
            "book_valuer_per_share_4q_avg": 11.21,
            "equity": 3144036,
            "current_ratio": 132.67,
            "debt_ratio": 50.33,
            "inventory_turnover_ratio": 2,
            "account_receivable_turnover_ratio": null,
            "reinvestment_rate": 173.25,
            "research_to_sale_ratio": null,
            "price_fair": 13.8,
            "eps_avg_yearly": 0.39,
            "eps_latest_yearly": 0.08,
            "eps_growth_yearly": 544.49
        },
        "20043": {
            "year_quarter": 20043,
            "year": 2004,
            "quarter": 3,
            "eps": 0.13,
            "eps_growth_year": 30,
            "eps_4q": 0.49,
            "eps_4q_growth_year": 65.39,
            "roe": 0.85,
            "roe_4q": 3.37,
            "gross_profit": 223067,
            "gross_margin": 6.11,
            "gross_margin_4q_avg": 7.11,
            "net_income": 27144,
            "net_income_4q": null,
            "revenue": 3650587,
            "revenue_4q": null,
            "common_shares": 2705151,
            "book_valuer_per_share": 12.08,
            "book_valuer_per_share_4q_avg": 11.54,
            "equity": 3267337,
            "current_ratio": 138.63,
            "debt_ratio": 50.81,
            "inventory_turnover_ratio": 4.27,
            "account_receivable_turnover_ratio": null,
            "reinvestment_rate": 130.97,
            "research_to_sale_ratio": null,
            "price_fair": 14.35,
            "eps_avg_yearly": 0.41,
            "eps_latest_yearly": 0.52,
            "eps_growth_yearly": 751.43
        },
        "20044": {
            "year_quarter": 20044,
            "year": 2004,
            "quarter": 4,
            "eps": -0.79,
            "eps_growth_year": -593.75,
            "eps_4q": -0.44,
            "eps_4q_growth_year": -221.01,
            "roe": -5.17,
            "roe_4q": -2.8899999999999997,
            "gross_profit": 132952,
            "gross_margin": 8.26,
            "gross_margin_4q_avg": 7.29,
            "net_income": -165965,
            "net_income_4q": null,
            "revenue": 1609706,
            "revenue_4q": null,
            "common_shares": 2705151,
            "book_valuer_per_share": 11.34,
            "book_valuer_per_share_4q_avg": 11.72,
            "equity": 3148973,
            "current_ratio": 153.91,
            "debt_ratio": 57.34,
            "inventory_turnover_ratio": 1.21,
            "account_receivable_turnover_ratio": null,
            "reinvestment_rate": null,
            "research_to_sale_ratio": null,
            "price_fair": 14.35,
            "eps_avg_yearly": 0.41,
            "eps_latest_yearly": 0.52,
            "eps_growth_yearly": 751.43
        },
        "20051": {
            "year_quarter": 20051,
            "year": 2005,
            "quarter": 1,
            "eps": 0.22,
            "eps_growth_year": 10,
            "eps_4q": -0.4,
            "eps_4q_growth_year": -178.16,
            "roe": 1.52,
            "roe_4q": -2.69,
            "gross_profit": 61000,
            "gross_margin": 5.49,
            "gross_margin_4q_avg": 7.02,
            "net_income": 47815,
            "net_income_4q": null,
            "revenue": 1111950,
            "revenue_4q": null,
            "common_shares": 2705151,
            "book_valuer_per_share": 11.62,
            "book_valuer_per_share_4q_avg": 11.67,
            "equity": 3142818,
            "current_ratio": 133.91,
            "debt_ratio": 50.8,
            "inventory_turnover_ratio": 0.83,
            "account_receivable_turnover_ratio": null,
            "reinvestment_rate": null,
            "research_to_sale_ratio": null,
            "price_fair": 14.35,
            "eps_avg_yearly": 0.41,
            "eps_latest_yearly": 0.52,
            "eps_growth_yearly": 751.43
        },
        "20052": {
            "year_quarter": 20052,
            "year": 2005,
            "quarter": 2,
            "eps": 0.08,
            "eps_growth_year": 300,
            "eps_4q": -0.35,
            "eps_4q_growth_year": -161.63,
            "roe": 0.54,
            "roe_4q": -2.26,
            "gross_profit": 82461,
            "gross_margin": 4.14,
            "gross_margin_4q_avg": 6,
            "net_income": 16872,
            "net_income_4q": null,
            "revenue": 1993932,
            "revenue_4q": null,
            "common_shares": 2705151,
            "book_valuer_per_share": 11.35,
            "book_valuer_per_share_4q_avg": 11.6,
            "equity": 3070076,
            "current_ratio": 131.59,
            "debt_ratio": 54.02,
            "inventory_turnover_ratio": 1.54,
            "account_receivable_turnover_ratio": null,
            "reinvestment_rate": null,
            "research_to_sale_ratio": null,
            "price_fair": 14,
            "eps_avg_yearly": 0.4,
            "eps_latest_yearly": 0.32,
            "eps_growth_yearly": 639.65
        },
        "20053": {
            "year_quarter": 20053,
            "year": 2005,
            "quarter": 3,
            "eps": 0.24,
            "eps_growth_year": 84.62,
            "eps_4q": -0.23,
            "eps_4q_growth_year": -145.59,
            "roe": 1.69,
            "roe_4q": -1.42,
            "gross_profit": 104274,
            "gross_margin": 4.69,
            "gross_margin_4q_avg": 5.65,
            "net_income": 52268,
            "net_income_4q": null,
            "revenue": 2225379,
            "revenue_4q": null,
            "common_shares": 2786306,
            "book_valuer_per_share": 11.12,
            "book_valuer_per_share_4q_avg": 11.36,
            "equity": 3097767,
            "current_ratio": 131.12,
            "debt_ratio": 57.06,
            "inventory_turnover_ratio": 1.41,
            "account_receivable_turnover_ratio": null,
            "reinvestment_rate": 100.86,
            "research_to_sale_ratio": null,
            "price_fair": 15.96,
            "eps_avg_yearly": 0.46,
            "eps_latest_yearly": 0.96,
            "eps_growth_yearly": 655.69
        },
        "20054": {
            "year_quarter": 20054,
            "year": 2005,
            "quarter": 4,
            "eps": 0.45,
            "eps_growth_year": null,
            "eps_4q": 0.99,
            "eps_4q_growth_year": null,
            "roe": 3.07,
            "roe_4q": 6.82,
            "gross_profit": 180429,
            "gross_margin": 5.53,
            "gross_margin_4q_avg": 4.96,
            "net_income": 96693,
            "net_income_4q": null,
            "revenue": 3261336,
            "revenue_4q": null,
            "common_shares": 2786306,
            "book_valuer_per_share": 11.17,
            "book_valuer_per_share_4q_avg": 11.32,
            "equity": 3198340,
            "current_ratio": 147.15,
            "debt_ratio": 62.71,
            "inventory_turnover_ratio": 1.65,
            "account_receivable_turnover_ratio": null,
            "reinvestment_rate": 120.05,
            "research_to_sale_ratio": null,
            "price_fair": 20.24,
            "eps_avg_yearly": 0.58,
            "eps_latest_yearly": 1.8,
            "eps_growth_yearly": 627.9
        },
        "20061": {
            "year_quarter": 20061,
            "year": 2006,
            "quarter": 1,
            "eps": 0.35,
            "eps_growth_year": 59.09,
            "eps_4q": 1.18,
            "eps_4q_growth_year": null,
            "roe": 2.19,
            "roe_4q": 7.489999999999999,
            "gross_profit": 126885,
            "gross_margin": 4.65,
            "gross_margin_4q_avg": 4.75,
            "net_income": 70332,
            "net_income_4q": null,
            "revenue": 2728487,
            "revenue_4q": null,
            "common_shares": 2786306,
            "book_valuer_per_share": 11.54,
            "book_valuer_per_share_4q_avg": 11.3,
            "equity": 3216374,
            "current_ratio": 132.12,
            "debt_ratio": 55.13,
            "inventory_turnover_ratio": 1.28,
            "account_receivable_turnover_ratio": null,
            "reinvestment_rate": 5.22,
            "research_to_sale_ratio": null,
            "price_fair": 22.63,
            "eps_avg_yearly": 0.65,
            "eps_latest_yearly": 1.4,
            "eps_growth_yearly": 568.17
        },
        "20062": {
            "year_quarter": 20062,
            "year": 2006,
            "quarter": 2,
            "eps": 0.23,
            "eps_growth_year": 187.5,
            "eps_4q": 1.32,
            "eps_4q_growth_year": null,
            "roe": 1.44,
            "roe_4q": 8.389999999999999,
            "gross_profit": 132474,
            "gross_margin": 5.57,
            "gross_margin_4q_avg": 5.11,
            "net_income": 46237,
            "net_income_4q": null,
            "revenue": 2376831,
            "revenue_4q": null,
            "common_shares": 2786306,
            "book_valuer_per_share": 11.52,
            "book_valuer_per_share_4q_avg": 11.34,
            "equity": 3209629,
            "current_ratio": 139.3,
            "debt_ratio": 55.02,
            "inventory_turnover_ratio": 1.19,
            "account_receivable_turnover_ratio": null,
            "reinvestment_rate": 1.29,
            "research_to_sale_ratio": null,
            "price_fair": 23.37,
            "eps_avg_yearly": 0.67,
            "eps_latest_yearly": 0.92,
            "eps_growth_yearly": 513.91
        },
        "20063": {
            "year_quarter": 20063,
            "year": 2006,
            "quarter": 3,
            "eps": 0.73,
            "eps_growth_year": 204.17,
            "eps_4q": 1.74,
            "eps_4q_growth_year": null,
            "roe": 4.72,
            "roe_4q": 11.42,
            "gross_profit": 251666,
            "gross_margin": 9.47,
            "gross_margin_4q_avg": 6.31,
            "net_income": 154439,
            "net_income_4q": null,
            "revenue": 2656574,
            "revenue_4q": null,
            "common_shares": 2845621,
            "book_valuer_per_share": 11.7,
            "book_valuer_per_share_4q_avg": 11.48,
            "equity": 3329937,
            "current_ratio": 133.57,
            "debt_ratio": 57.77,
            "inventory_turnover_ratio": 1.43,
            "account_receivable_turnover_ratio": null,
            "reinvestment_rate": 0.98,
            "research_to_sale_ratio": null,
            "price_fair": 29,
            "eps_avg_yearly": 0.83,
            "eps_latest_yearly": 2.92,
            "eps_growth_yearly": 539.32
        },
        "20064": {
            "year_quarter": 20064,
            "year": 2006,
            "quarter": 4,
            "eps": 0.36,
            "eps_growth_year": -20,
            "eps_4q": 1.66,
            "eps_4q_growth_year": 67.01,
            "roe": 2.15,
            "roe_4q": 10.499999999999998,
            "gross_profit": 150941,
            "gross_margin": 5.42,
            "gross_margin_4q_avg": 6.28,
            "net_income": 75015,
            "net_income_4q": null,
            "revenue": 2784909,
            "revenue_4q": null,
            "common_shares": 2845621,
            "book_valuer_per_share": 12.51,
            "book_valuer_per_share_4q_avg": 11.82,
            "equity": 3651836,
            "current_ratio": 149.22,
            "debt_ratio": 61.29,
            "inventory_turnover_ratio": 1.5,
            "account_receivable_turnover_ratio": null,
            "reinvestment_rate": 45.3,
            "research_to_sale_ratio": null,
            "price_fair": 31.6,
            "eps_avg_yearly": 0.9,
            "eps_latest_yearly": 1.44,
            "eps_growth_yearly": 267.69
        },
        "20071": {
            "year_quarter": 20071,
            "year": 2007,
            "quarter": 1,
            "eps": 0.33,
            "eps_growth_year": -5.71,
            "eps_4q": 1.58,
            "eps_4q_growth_year": 34.55,
            "roe": 1.99,
            "roe_4q": 10.299999999999999,
            "gross_profit": 122597,
            "gross_margin": 5.71,
            "gross_margin_4q_avg": 6.54,
            "net_income": 72707,
            "net_income_4q": null,
            "revenue": 2145517,
            "revenue_4q": null,
            "common_shares": 2845621,
            "book_valuer_per_share": 12.82,
            "book_valuer_per_share_4q_avg": 12.14,
            "equity": 3647711,
            "current_ratio": 153.05,
            "debt_ratio": 49.55,
            "inventory_turnover_ratio": 1.23,
            "account_receivable_turnover_ratio": null,
            "reinvestment_rate": -3.1,
            "research_to_sale_ratio": null,
            "price_fair": 34.5,
            "eps_avg_yearly": 0.99,
            "eps_latest_yearly": 1.32,
            "eps_growth_yearly": 282.45
        },
        "20072": {
            "year_quarter": 20072,
            "year": 2007,
            "quarter": 2,
            "eps": 0.49,
            "eps_growth_year": 113.04,
            "eps_4q": 1.85,
            "eps_4q_growth_year": 40.07,
            "roe": 3.04,
            "roe_4q": 11.899999999999999,
            "gross_profit": 220021,
            "gross_margin": 13.37,
            "gross_margin_4q_avg": 8.49,
            "net_income": 108854,
            "net_income_4q": null,
            "revenue": 1645062,
            "revenue_4q": null,
            "common_shares": 2845621,
            "book_valuer_per_share": 12.39,
            "book_valuer_per_share_4q_avg": 12.36,
            "equity": 3525237,
            "current_ratio": 151.73,
            "debt_ratio": 49.71,
            "inventory_turnover_ratio": 0.94,
            "account_receivable_turnover_ratio": null,
            "reinvestment_rate": -2.9,
            "research_to_sale_ratio": null,
            "price_fair": 38.7,
            "eps_avg_yearly": 1.11,
            "eps_latest_yearly": 1.96,
            "eps_growth_yearly": 274.88
        },
        "20073": {
            "year_quarter": 20073,
            "year": 2007,
            "quarter": 3,
            "eps": 0.45,
            "eps_growth_year": -38.36,
            "eps_4q": 1.6,
            "eps_4q_growth_year": -7.96,
            "roe": 2.8,
            "roe_4q": 9.98,
            "gross_profit": 133046,
            "gross_margin": 8.36,
            "gross_margin_4q_avg": 8.22,
            "net_income": 100431,
            "net_income_4q": null,
            "revenue": 1592251,
            "revenue_4q": null,
            "common_shares": 2845621,
            "book_valuer_per_share": 12.82,
            "book_valuer_per_share_4q_avg": 12.64,
            "equity": 3649246,
            "current_ratio": 161.97,
            "debt_ratio": 45.49,
            "inventory_turnover_ratio": 0.84,
            "account_receivable_turnover_ratio": null,
            "reinvestment_rate": -2.6,
            "research_to_sale_ratio": null,
            "price_fair": 42.2,
            "eps_avg_yearly": 1.21,
            "eps_latest_yearly": 1.8,
            "eps_growth_yearly": 260.3
        },
        "20074": {
            "year_quarter": 20074,
            "year": 2007,
            "quarter": 4,
            "eps": 0.46,
            "eps_growth_year": 27.78,
            "eps_4q": 1.71,
            "eps_4q_growth_year": 3.07,
            "roe": 2.77,
            "roe_4q": 10.6,
            "gross_profit": 257514,
            "gross_margin": 13.15,
            "gross_margin_4q_avg": 10.15,
            "net_income": 103640,
            "net_income_4q": null,
            "revenue": 1958836,
            "revenue_4q": null,
            "common_shares": 2845621,
            "book_valuer_per_share": 13.13,
            "book_valuer_per_share_4q_avg": 12.79,
            "equity": 3832741,
            "current_ratio": 168.85,
            "debt_ratio": 52.97,
            "inventory_turnover_ratio": 1.02,
            "account_receivable_turnover_ratio": null,
            "reinvestment_rate": 16.67,
            "research_to_sale_ratio": null,
            "price_fair": 45.2,
            "eps_avg_yearly": 1.29,
            "eps_latest_yearly": 1.84,
            "eps_growth_yearly": 243.79
        },
        "20081": {
            "year_quarter": 20081,
            "year": 2008,
            "quarter": 1,
            "eps": 0.4,
            "eps_growth_year": 21.21,
            "eps_4q": 1.82,
            "eps_4q_growth_year": 15.2,
            "roe": 2.27,
            "roe_4q": 10.879999999999999,
            "gross_profit": 173617,
            "gross_margin": 7.26,
            "gross_margin_4q_avg": 10.54,
            "net_income": 88182,
            "net_income_4q": null,
            "revenue": 2390518,
            "revenue_4q": null,
            "common_shares": 2845621,
            "book_valuer_per_share": 13.54,
            "book_valuer_per_share_4q_avg": 12.97,
            "equity": 3946790,
            "current_ratio": 172.01,
            "debt_ratio": 52,
            "inventory_turnover_ratio": 1.27,
            "account_receivable_turnover_ratio": null,
            "reinvestment_rate": 20.18,
            "research_to_sale_ratio": null,
            "price_fair": 47.2,
            "eps_avg_yearly": 1.35,
            "eps_latest_yearly": 1.6,
            "eps_growth_yearly": 232.92
        },
        "20082": {
            "year_quarter": 20082,
            "year": 2008,
            "quarter": 2,
            "eps": 0.34,
            "eps_growth_year": -30.61,
            "eps_4q": 1.6,
            "eps_4q_growth_year": -13.76,
            "roe": 2.07,
            "roe_4q": 9.91,
            "gross_profit": 196508,
            "gross_margin": 6.92,
            "gross_margin_4q_avg": 8.92,
            "net_income": 78545,
            "net_income_4q": null,
            "revenue": 2840514,
            "revenue_4q": null,
            "common_shares": 2845621,
            "book_valuer_per_share": 12.44,
            "book_valuer_per_share_4q_avg": 12.98,
            "equity": 3628522,
            "current_ratio": 163.95,
            "debt_ratio": 56.59,
            "inventory_turnover_ratio": 1.38,
            "account_receivable_turnover_ratio": null,
            "reinvestment_rate": 21.13,
            "research_to_sale_ratio": null,
            "price_fair": 50.4,
            "eps_avg_yearly": 1.44,
            "eps_latest_yearly": 1.36,
            "eps_growth_yearly": 254.35
        },
        "20083": {
            "year_quarter": 20083,
            "year": 2008,
            "quarter": 3,
            "eps": 0.26,
            "eps_growth_year": -42.22,
            "eps_4q": 1.42,
            "eps_4q_growth_year": -11.17,
            "roe": 1.63,
            "roe_4q": 8.74,
            "gross_profit": 167926,
            "gross_margin": 7.73,
            "gross_margin_4q_avg": 8.77,
            "net_income": 59644,
            "net_income_4q": null,
            "revenue": 2173562,
            "revenue_4q": null,
            "common_shares": 2845621,
            "book_valuer_per_share": 12.66,
            "book_valuer_per_share_4q_avg": 12.94,
            "equity": 3692065,
            "current_ratio": 181.67,
            "debt_ratio": 55.08,
            "inventory_turnover_ratio": 0.94,
            "account_receivable_turnover_ratio": null,
            "reinvestment_rate": -1.96,
            "research_to_sale_ratio": null,
            "price_fair": 51.7,
            "eps_avg_yearly": 1.48,
            "eps_latest_yearly": 1.04,
            "eps_growth_yearly": 90.49
        },
        "20084": {
            "year_quarter": 20084,
            "year": 2008,
            "quarter": 4,
            "eps": 0.29,
            "eps_growth_year": -36.96,
            "eps_4q": 1.16,
            "eps_4q_growth_year": -32.01,
            "roe": 1.92,
            "roe_4q": 7.889999999999999,
            "gross_profit": 266410,
            "gross_margin": 9.77,
            "gross_margin_4q_avg": 7.92,
            "net_income": 71244,
            "net_income_4q": null,
            "revenue": 2726471,
            "revenue_4q": null,
            "common_shares": 2765621,
            "book_valuer_per_share": 13.17,
            "book_valuer_per_share_4q_avg": 12.95,
            "equity": 3740306,
            "current_ratio": 176.58,
            "debt_ratio": 55.01,
            "inventory_turnover_ratio": 1.06,
            "account_receivable_turnover_ratio": 2.24,
            "reinvestment_rate": -20.84,
            "research_to_sale_ratio": null,
            "price_fair": 50.96,
            "eps_avg_yearly": 1.46,
            "eps_latest_yearly": 1.16,
            "eps_growth_yearly": 87.53
        },
        "20091": {
            "year_quarter": 20091,
            "year": 2009,
            "quarter": 1,
            "eps": 0.45,
            "eps_growth_year": 12.5,
            "eps_4q": 1.37,
            "eps_4q_growth_year": -24.69,
            "roe": 2.54,
            "roe_4q": 8.16,
            "gross_profit": 176939,
            "gross_margin": 8.71,
            "gross_margin_4q_avg": 8.28,
            "net_income": 96488,
            "net_income_4q": null,
            "revenue": 2031420,
            "revenue_4q": null,
            "common_shares": 2765621,
            "book_valuer_per_share": 13.57,
            "book_valuer_per_share_4q_avg": 12.96,
            "equity": 3848719,
            "current_ratio": 190.72,
            "debt_ratio": 52.92,
            "inventory_turnover_ratio": 0.75,
            "account_receivable_turnover_ratio": 0.87,
            "reinvestment_rate": 0.52,
            "research_to_sale_ratio": null,
            "price_fair": 51.71,
            "eps_avg_yearly": 1.48,
            "eps_latest_yearly": 1.8,
            "eps_growth_yearly": 95.85
        },
        "20092": {
            "year_quarter": 20092,
            "year": 2009,
            "quarter": 2,
            "eps": 0.47,
            "eps_growth_year": 38.24,
            "eps_4q": 1.45,
            "eps_4q_growth_year": -9,
            "roe": 2.73,
            "roe_4q": 8.82,
            "gross_profit": 201859,
            "gross_margin": 6.19,
            "gross_margin_4q_avg": 8.1,
            "net_income": 103828,
            "net_income_4q": null,
            "revenue": 3261659,
            "revenue_4q": null,
            "common_shares": 2765621,
            "book_valuer_per_share": 13.2,
            "book_valuer_per_share_4q_avg": 13.15,
            "equity": 3748471,
            "current_ratio": 160.36,
            "debt_ratio": 59.73,
            "inventory_turnover_ratio": 1.16,
            "account_receivable_turnover_ratio": 1.43,
            "reinvestment_rate": 0.3,
            "research_to_sale_ratio": null,
            "price_fair": 55.13,
            "eps_avg_yearly": 1.58,
            "eps_latest_yearly": 1.88,
            "eps_growth_yearly": 112.87
        },
        "20093": {
            "year_quarter": 20093,
            "year": 2009,
            "quarter": 3,
            "eps": 0.33,
            "eps_growth_year": 26.92,
            "eps_4q": 1.55,
            "eps_4q_growth_year": 8.74,
            "roe": 1.86,
            "roe_4q": 9.05,
            "gross_profit": 154109,
            "gross_margin": 5.35,
            "gross_margin_4q_avg": 7.51,
            "net_income": 71242,
            "net_income_4q": null,
            "revenue": 2883031,
            "revenue_4q": null,
            "common_shares": 2765621,
            "book_valuer_per_share": 13.74,
            "book_valuer_per_share_4q_avg": 13.42,
            "equity": 3900140,
            "current_ratio": 165.66,
            "debt_ratio": 58.74,
            "inventory_turnover_ratio": 1.03,
            "account_receivable_turnover_ratio": 1.12,
            "reinvestment_rate": -2.06,
            "research_to_sale_ratio": null,
            "price_fair": 55.91,
            "eps_avg_yearly": 1.6,
            "eps_latest_yearly": 1.32,
            "eps_growth_yearly": 55.43
        },
        "20094": {
            "year_quarter": 20094,
            "year": 2009,
            "quarter": 4,
            "eps": 0.29,
            "eps_growth_year": 0,
            "eps_4q": 1.54,
            "eps_4q_growth_year": 32.14,
            "roe": 1.85,
            "roe_4q": 8.98,
            "gross_profit": 177307,
            "gross_margin": 5.86,
            "gross_margin_4q_avg": 6.53,
            "net_income": 72706,
            "net_income_4q": null,
            "revenue": 3023117,
            "revenue_4q": null,
            "common_shares": 2765621,
            "book_valuer_per_share": 17.91,
            "book_valuer_per_share_4q_avg": 14.61,
            "equity": 3978780,
            "current_ratio": 167.76,
            "debt_ratio": 58.32,
            "inventory_turnover_ratio": 1.39,
            "account_receivable_turnover_ratio": 2.45,
            "reinvestment_rate": 1.12,
            "research_to_sale_ratio": null,
            "price_fair": 54.51,
            "eps_avg_yearly": 1.56,
            "eps_latest_yearly": 1.16,
            "eps_growth_yearly": 30.52
        },
        "20101": {
            "year_quarter": 20101,
            "year": 2010,
            "quarter": 1,
            "eps": 0.25,
            "eps_growth_year": -44.44,
            "eps_4q": 1.34,
            "eps_4q_growth_year": -2.21,
            "roe": 1.39,
            "roe_4q": 7.83,
            "gross_profit": 144741,
            "gross_margin": 5.81,
            "gross_margin_4q_avg": 5.8,
            "net_income": 55549,
            "net_income_4q": null,
            "revenue": 2491789,
            "revenue_4q": null,
            "common_shares": 2765621,
            "book_valuer_per_share": 18.12,
            "book_valuer_per_share_4q_avg": 15.74,
            "equity": 4025228,
            "current_ratio": 165.46,
            "debt_ratio": 58.56,
            "inventory_turnover_ratio": 1.52,
            "account_receivable_turnover_ratio": 0.95,
            "reinvestment_rate": 27.47,
            "research_to_sale_ratio": null,
            "price_fair": 53.64,
            "eps_avg_yearly": 1.53,
            "eps_latest_yearly": 1,
            "eps_growth_yearly": 32.63
        },
        "20102": {
            "year_quarter": 20102,
            "year": 2010,
            "quarter": 2,
            "eps": 0.4,
            "eps_growth_year": -14.61,
            "eps_4q": 1.27,
            "eps_4q_growth_year": -12.65,
            "roe": 2.33,
            "roe_4q": 7.430000000000001,
            "gross_profit": 229287,
            "gross_margin": 7.27,
            "gross_margin_4q_avg": 6.07,
            "net_income": 91626,
            "net_income_4q": null,
            "revenue": 3152622,
            "revenue_4q": null,
            "common_shares": 2765621,
            "book_valuer_per_share": 16.93,
            "book_valuer_per_share_4q_avg": 16.68,
            "equity": 3841460,
            "current_ratio": 155.69,
            "debt_ratio": 63.2,
            "inventory_turnover_ratio": 1.64,
            "account_receivable_turnover_ratio": 1.19,
            "reinvestment_rate": 29.87,
            "research_to_sale_ratio": null,
            "price_fair": 55.13,
            "eps_avg_yearly": 1.58,
            "eps_latest_yearly": 1.6,
            "eps_growth_yearly": 56.2
        },
        "20103": {
            "year_quarter": 20103,
            "year": 2010,
            "quarter": 3,
            "eps": 0.41,
            "eps_growth_year": 25.5,
            "eps_4q": 1.36,
            "eps_4q_growth_year": -12.28,
            "roe": 2.54,
            "roe_4q": 8.11,
            "gross_profit": 295708,
            "gross_margin": 9.76,
            "gross_margin_4q_avg": 7.18,
            "net_income": 100045,
            "net_income_4q": null,
            "revenue": 3030345,
            "revenue_4q": null,
            "common_shares": 2765621,
            "book_valuer_per_share": 17.76,
            "book_valuer_per_share_4q_avg": 17.68,
            "equity": 4051736,
            "current_ratio": 168.7,
            "debt_ratio": 60.21,
            "inventory_turnover_ratio": 1.35,
            "account_receivable_turnover_ratio": 1.1,
            "reinvestment_rate": 37.22,
            "research_to_sale_ratio": null,
            "price_fair": 18.65,
            "eps_avg_yearly": 1.5,
            "eps_latest_yearly": 1.64,
            "eps_growth_yearly": 2.48
        },
        "20104": {
            "year_quarter": 20104,
            "year": 2010,
            "quarter": 4,
            "eps": 1.14,
            "eps_growth_year": 294.8,
            "eps_4q": 2.21,
            "eps_4q_growth_year": 43.89,
            "roe": 6.15,
            "roe_4q": 12.410000000000002,
            "gross_profit": 458894,
            "gross_margin": 12.43,
            "gross_margin_4q_avg": 8.82,
            "net_income": 257374,
            "net_income_4q": null,
            "revenue": 3691679,
            "revenue_4q": null,
            "common_shares": 2765621,
            "book_valuer_per_share": 18.96,
            "book_valuer_per_share_4q_avg": 17.94,
            "equity": 4312644,
            "current_ratio": 160.41,
            "debt_ratio": 61.7,
            "inventory_turnover_ratio": 1.59,
            "account_receivable_turnover_ratio": 1.23,
            "reinvestment_rate": 14.03,
            "research_to_sale_ratio": null,
            "price_fair": 59.15,
            "eps_avg_yearly": 1.69,
            "eps_latest_yearly": 4.56,
            "eps_growth_yearly": 59.66
        },
        "20111": {
            "year_quarter": 20111,
            "year": 2011,
            "quarter": 1,
            "eps": 0.5,
            "eps_growth_year": 100,
            "eps_4q": 2.47,
            "eps_4q_growth_year": 83.76,
            "roe": 2.66,
            "roe_4q": 13.680000000000001,
            "gross_profit": 286666,
            "gross_margin": 10.17,
            "gross_margin_4q_avg": 9.91,
            "net_income": 116250,
            "net_income_4q": null,
            "revenue": 2820076,
            "revenue_4q": null,
            "common_shares": 2765621,
            "book_valuer_per_share": 19.38,
            "book_valuer_per_share_4q_avg": 18.26,
            "equity": 4412639,
            "current_ratio": 172.04,
            "debt_ratio": 58.82,
            "inventory_turnover_ratio": 1.2,
            "account_receivable_turnover_ratio": 1.01,
            "reinvestment_rate": 34.55,
            "research_to_sale_ratio": null,
            "price_fair": 60.64,
            "eps_avg_yearly": 1.73,
            "eps_latest_yearly": 2,
            "eps_growth_yearly": 47.71
        },
        "20112": {
            "year_quarter": 20112,
            "year": 2011,
            "quarter": 2,
            "eps": 0.67,
            "eps_growth_year": 66.04,
            "eps_4q": 2.73,
            "eps_4q_growth_year": 115.25,
            "roe": 3.44,
            "roe_4q": 14.79,
            "gross_profit": 429024,
            "gross_margin": 13.1,
            "gross_margin_4q_avg": 11.37,
            "net_income": 145141,
            "net_income_4q": null,
            "revenue": 3274558,
            "revenue_4q": null,
            "common_shares": 2765621,
            "book_valuer_per_share": 17.99,
            "book_valuer_per_share_4q_avg": 18.52,
            "equity": 4025282,
            "current_ratio": 149.38,
            "debt_ratio": 62.13,
            "inventory_turnover_ratio": 1.16,
            "account_receivable_turnover_ratio": 1.21,
            "reinvestment_rate": 26.4,
            "research_to_sale_ratio": null,
            "price_fair": 62.21,
            "eps_avg_yearly": 1.78,
            "eps_latest_yearly": 2.68,
            "eps_growth_yearly": 44.09
        },
        "20113": {
            "year_quarter": 20113,
            "year": 2011,
            "quarter": 3,
            "eps": 0.91,
            "eps_growth_year": 118.74,
            "eps_4q": 3.33,
            "eps_4q_growth_year": 146,
            "roe": 4.48,
            "roe_4q": 16.73,
            "gross_profit": 287263,
            "gross_margin": 6.99,
            "gross_margin_4q_avg": 10.67,
            "net_income": 182502,
            "net_income_4q": null,
            "revenue": 4108895,
            "revenue_4q": null,
            "common_shares": 2765621,
            "book_valuer_per_share": 19.29,
            "book_valuer_per_share_4q_avg": 18.91,
            "equity": 4122433,
            "current_ratio": 156.71,
            "debt_ratio": 59.13,
            "inventory_turnover_ratio": 1.41,
            "account_receivable_turnover_ratio": 1.5,
            "reinvestment_rate": 22.18,
            "research_to_sale_ratio": null,
            "price_fair": 66.24,
            "eps_avg_yearly": 1.89,
            "eps_latest_yearly": 3.64,
            "eps_growth_yearly": 55.08
        },
        "20114": {
            "year_quarter": 20114,
            "year": 2011,
            "quarter": 4,
            "eps": 0.21,
            "eps_growth_year": -81.55,
            "eps_4q": 2.35,
            "eps_4q_growth_year": 5.98,
            "roe": 1.27,
            "roe_4q": 11.85,
            "gross_profit": 239402,
            "gross_margin": 10.65,
            "gross_margin_4q_avg": 10.23,
            "net_income": 53220,
            "net_income_4q": null,
            "revenue": 2248502,
            "revenue_4q": null,
            "common_shares": 2665621,
            "book_valuer_per_share": 19.86,
            "book_valuer_per_share_4q_avg": 19.13,
            "equity": 4290519,
            "current_ratio": 144.73,
            "debt_ratio": 62.82,
            "inventory_turnover_ratio": 0.63,
            "account_receivable_turnover_ratio": 0.93,
            "reinvestment_rate": 8.59,
            "research_to_sale_ratio": null,
            "price_fair": 64.05,
            "eps_avg_yearly": 1.83,
            "eps_latest_yearly": 0.84,
            "eps_growth_yearly": 35.3
        },
        "20121": {
            "year_quarter": 20121,
            "year": 2012,
            "quarter": 1,
            "eps": 0.51,
            "eps_growth_year": 2,
            "eps_4q": 2.33,
            "eps_4q_growth_year": -5.65,
            "roe": 2.34,
            "roe_4q": 11.53,
            "gross_profit": 137089,
            "gross_margin": 5.22,
            "gross_margin_4q_avg": 8.99,
            "net_income": 102740,
            "net_income_4q": null,
            "revenue": 2627090,
            "revenue_4q": null,
            "common_shares": 2665621,
            "book_valuer_per_share": 20.35,
            "book_valuer_per_share_4q_avg": 19.37,
            "equity": 4481933,
            "current_ratio": 137.08,
            "debt_ratio": 63.35,
            "inventory_turnover_ratio": 0.69,
            "account_receivable_turnover_ratio": 1.04,
            "reinvestment_rate": 39.71,
            "research_to_sale_ratio": null,
            "price_fair": 65.01,
            "eps_avg_yearly": 1.86,
            "eps_latest_yearly": 2.04,
            "eps_growth_yearly": 74.27
        },
        "20122": {
            "year_quarter": 20122,
            "year": 2012,
            "quarter": 2,
            "eps": 0.75,
            "eps_growth_year": 12.08,
            "eps_4q": 2.37,
            "eps_4q_growth_year": -13.05,
            "roe": 3.68,
            "roe_4q": 11.77,
            "gross_profit": 342673,
            "gross_margin": 9.4,
            "gross_margin_4q_avg": 8.07,
            "net_income": 158906,
            "net_income_4q": null,
            "revenue": 3646326,
            "revenue_4q": null,
            "common_shares": 2665621,
            "book_valuer_per_share": 18.96,
            "book_valuer_per_share_4q_avg": 19.62,
            "equity": 4148819,
            "current_ratio": 131.8,
            "debt_ratio": 67.17,
            "inventory_turnover_ratio": 0.89,
            "account_receivable_turnover_ratio": 1.21,
            "reinvestment_rate": 34.34,
            "research_to_sale_ratio": null,
            "price_fair": 68.6,
            "eps_avg_yearly": 1.96,
            "eps_latest_yearly": 3,
            "eps_growth_yearly": 89.79
        },
        "20123": {
            "year_quarter": 20123,
            "year": 2012,
            "quarter": 3,
            "eps": 0.92,
            "eps_growth_year": 1.89,
            "eps_4q": 2.39,
            "eps_4q_growth_year": -28.29,
            "roe": 4.59,
            "roe_4q": 11.879999999999999,
            "gross_profit": 303301,
            "gross_margin": 8.56,
            "gross_margin_4q_avg": 8.46,
            "net_income": 196112,
            "net_income_4q": null,
            "revenue": 3544391,
            "revenue_4q": null,
            "common_shares": 2665621,
            "book_valuer_per_share": 20.28,
            "book_valuer_per_share_4q_avg": 19.86,
            "equity": 4395151,
            "current_ratio": 136.09,
            "debt_ratio": 66.43,
            "inventory_turnover_ratio": 0.83,
            "account_receivable_turnover_ratio": 1.09,
            "reinvestment_rate": 43.42,
            "research_to_sale_ratio": null,
            "price_fair": 74.38,
            "eps_avg_yearly": 2.13,
            "eps_latest_yearly": 3.68,
            "eps_growth_yearly": 101.34
        },
        "20124": {
            "year_quarter": 20124,
            "year": 2012,
            "quarter": 4,
            "eps": 0.37,
            "eps_growth_year": 73.71,
            "eps_4q": 2.55,
            "eps_4q_growth_year": 8.59,
            "roe": 1.8,
            "roe_4q": 12.41,
            "gross_profit": 191798,
            "gross_margin": 4.94,
            "gross_margin_4q_avg": 7.03,
            "net_income": 79596,
            "net_income_4q": null,
            "revenue": 3883719,
            "revenue_4q": null,
            "common_shares": 2665621,
            "book_valuer_per_share": 20.55,
            "book_valuer_per_share_4q_avg": 20.04,
            "equity": 4452997,
            "current_ratio": 150.44,
            "debt_ratio": 60.82,
            "inventory_turnover_ratio": 1.32,
            "account_receivable_turnover_ratio": 1.06,
            "reinvestment_rate": 43.01,
            "research_to_sale_ratio": null,
            "price_fair": 75.08,
            "eps_avg_yearly": 2.15,
            "eps_latest_yearly": 1.48,
            "eps_growth_yearly": 83.51
        },
        "20131": {
            "year_quarter": 20131,
            "year": 2013,
            "quarter": 1,
            "eps": 1.66,
            "eps_growth_year": 225.49,
            "eps_4q": 3.7,
            "eps_4q_growth_year": 59.15,
            "roe": 8.05,
            "roe_4q": 18.12,
            "gross_profit": 642703,
            "gross_margin": 13.6,
            "gross_margin_4q_avg": 9.13,
            "net_income": 361553,
            "net_income_4q": null,
            "revenue": 4726794,
            "revenue_4q": null,
            "common_shares": 2196229,
            "book_valuer_per_share": 20.89,
            "book_valuer_per_share_4q_avg": 20.17,
            "equity": 4528924,
            "current_ratio": 163.13,
            "debt_ratio": 55.82,
            "inventory_turnover_ratio": 2.5,
            "account_receivable_turnover_ratio": 1.47,
            "reinvestment_rate": 42.3,
            "research_to_sale_ratio": null,
            "price_fair": 85.66,
            "eps_avg_yearly": 2.45,
            "eps_latest_yearly": 6.64,
            "eps_growth_yearly": 156.87
        },
        "20132": {
            "year_quarter": 20132,
            "year": 2013,
            "quarter": 2,
            "eps": 0.13,
            "eps_growth_year": -82.59,
            "eps_4q": 3.09,
            "eps_4q_growth_year": 30.12,
            "roe": 0.64,
            "roe_4q": 15.080000000000002,
            "gross_profit": 133891,
            "gross_margin": 4.53,
            "gross_margin_4q_avg": 7.91,
            "net_income": 27611,
            "net_income_4q": null,
            "revenue": 2954431,
            "revenue_4q": null,
            "common_shares": 2196229,
            "book_valuer_per_share": 18.79,
            "book_valuer_per_share_4q_avg": 20.13,
            "equity": 4097645,
            "current_ratio": 141.29,
            "debt_ratio": 62.43,
            "inventory_turnover_ratio": 1.73,
            "account_receivable_turnover_ratio": 1.03,
            "reinvestment_rate": 42.86,
            "research_to_sale_ratio": null,
            "price_fair": 82.69,
            "eps_avg_yearly": 2.36,
            "eps_latest_yearly": 0.52,
            "eps_growth_yearly": 132.72
        },
        "20133": {
            "year_quarter": 20133,
            "year": 2013,
            "quarter": 3,
            "eps": 1.75,
            "eps_growth_year": 89.6,
            "eps_4q": 3.92,
            "eps_4q_growth_year": 63.97,
            "roe": 8.41,
            "roe_4q": 18.900000000000002,
            "gross_profit": 557296,
            "gross_margin": 14.01,
            "gross_margin_4q_avg": 9.27,
            "net_income": 360599,
            "net_income_4q": null,
            "revenue": 3979239,
            "revenue_4q": null,
            "common_shares": 2196229,
            "book_valuer_per_share": 20.64,
            "book_valuer_per_share_4q_avg": 20.22,
            "equity": 4474182,
            "current_ratio": 145.89,
            "debt_ratio": 63.91,
            "inventory_turnover_ratio": 2.37,
            "account_receivable_turnover_ratio": 1.15,
            "reinvestment_rate": 40.82,
            "research_to_sale_ratio": 0,
            "price_fair": 95.11,
            "eps_avg_yearly": 2.72,
            "eps_latest_yearly": 7,
            "eps_growth_yearly": 451.71
        },
        "20134": {
            "year_quarter": 20134,
            "year": 2013,
            "quarter": 4,
            "eps": 0.51,
            "eps_growth_year": 37.81,
            "eps_4q": 4.06,
            "eps_4q_growth_year": 59.39,
            "roe": 2.28,
            "roe_4q": 19.380000000000003,
            "gross_profit": 281866,
            "gross_margin": 8.08,
            "gross_margin_4q_avg": 10.06,
            "net_income": 103413,
            "net_income_4q": null,
            "revenue": 3487647,
            "revenue_4q": null,
            "common_shares": 2196229,
            "book_valuer_per_share": 21.12,
            "book_valuer_per_share_4q_avg": 20.36,
            "equity": 4595512,
            "current_ratio": 147.74,
            "debt_ratio": 64.53,
            "inventory_turnover_ratio": 2.47,
            "account_receivable_turnover_ratio": 0.99,
            "reinvestment_rate": 28.76,
            "research_to_sale_ratio": null,
            "price_fair": 97.04,
            "eps_avg_yearly": 2.77,
            "eps_latest_yearly": 2.04,
            "eps_growth_yearly": 437.02
        },
        "20141": {
            "year_quarter": 20141,
            "year": 2014,
            "quarter": 1,
            "eps": 0.48,
            "eps_growth_year": -71.08,
            "eps_4q": 2.87,
            "eps_4q_growth_year": -22.35,
            "roe": 2.09,
            "roe_4q": 13.42,
            "gross_profit": 198652,
            "gross_margin": 6.48,
            "gross_margin_4q_avg": 8.28,
            "net_income": 98210,
            "net_income_4q": null,
            "revenue": 3063780,
            "revenue_4q": null,
            "common_shares": 2196229,
            "book_valuer_per_share": 22.15,
            "book_valuer_per_share_4q_avg": 20.68,
            "equity": 4811526,
            "current_ratio": 183.59,
            "debt_ratio": 62.66,
            "inventory_turnover_ratio": 2.19,
            "account_receivable_turnover_ratio": 0.91,
            "reinvestment_rate": 25.22,
            "research_to_sale_ratio": null,
            "price_fair": 99.05,
            "eps_avg_yearly": 2.83,
            "eps_latest_yearly": 1.92,
            "eps_growth_yearly": 439
        },
        "20142": {
            "year_quarter": 20142,
            "year": 2014,
            "quarter": 2,
            "eps": 1.53,
            "eps_growth_year": 1076.92,
            "eps_4q": 4.27,
            "eps_4q_growth_year": 38.12,
            "roe": 6.7,
            "roe_4q": 19.479999999999997,
            "gross_profit": 424787,
            "gross_margin": 14.73,
            "gross_margin_4q_avg": 10.83,
            "net_income": 313984,
            "net_income_4q": null,
            "revenue": 2883591,
            "revenue_4q": null,
            "common_shares": 2196229,
            "book_valuer_per_share": 20.95,
            "book_valuer_per_share_4q_avg": 21.22,
            "equity": 4558261,
            "current_ratio": 182.41,
            "debt_ratio": 65.98,
            "inventory_turnover_ratio": 1.53,
            "account_receivable_turnover_ratio": 0.86,
            "reinvestment_rate": 20.88,
            "research_to_sale_ratio": null,
            "price_fair": 108.94,
            "eps_avg_yearly": 3.11,
            "eps_latest_yearly": 6.12,
            "eps_growth_yearly": 478.69
        },
        "20143": {
            "year_quarter": 20143,
            "year": 2014,
            "quarter": 3,
            "eps": 0.12,
            "eps_growth_year": -93.14,
            "eps_4q": 2.64,
            "eps_4q_growth_year": -32.75,
            "roe": 0.51,
            "roe_4q": 11.58,
            "gross_profit": 159464,
            "gross_margin": 6.5,
            "gross_margin_4q_avg": 8.95,
            "net_income": 23571,
            "net_income_4q": null,
            "revenue": 2452401,
            "revenue_4q": null,
            "common_shares": 2196229,
            "book_valuer_per_share": 21.15,
            "book_valuer_per_share_4q_avg": 21.34,
            "equity": 4602105,
            "current_ratio": 208.1,
            "debt_ratio": 67.06,
            "inventory_turnover_ratio": 0.83,
            "account_receivable_turnover_ratio": 0.71,
            "reinvestment_rate": 18.66,
            "research_to_sale_ratio": null,
            "price_fair": 106.4,
            "eps_avg_yearly": 3.04,
            "eps_latest_yearly": 0.48,
            "eps_growth_yearly": 455.02
        },
        "20144": {
            "year_quarter": 20144,
            "year": 2014,
            "quarter": 4,
            "eps": 0.41,
            "eps_growth_year": -19.1,
            "eps_4q": 2.54,
            "eps_4q_growth_year": -37.43,
            "roe": 1.78,
            "roe_4q": 11.08,
            "gross_profit": 222588,
            "gross_margin": 7.47,
            "gross_margin_4q_avg": 8.8,
            "net_income": 82322,
            "net_income_4q": null,
            "revenue": 2981708,
            "revenue_4q": null,
            "common_shares": 2196229,
            "book_valuer_per_share": 21.68,
            "book_valuer_per_share_4q_avg": 21.48,
            "equity": 4670670,
            "current_ratio": 198.8,
            "debt_ratio": 68.66,
            "inventory_turnover_ratio": 0.71,
            "account_receivable_turnover_ratio": 0.84,
            "reinvestment_rate": 24.83,
            "research_to_sale_ratio": null,
            "price_fair": 100.01,
            "eps_avg_yearly": 2.86,
            "eps_latest_yearly": 1.64,
            "eps_growth_yearly": 470.93
        },
        "20151": {
            "year_quarter": 20151,
            "year": 2015,
            "quarter": 1,
            "eps": 0.41,
            "eps_growth_year": -14.58,
            "eps_4q": 2.47,
            "eps_4q_growth_year": -13.94,
            "roe": 1.8,
            "roe_4q": 10.79,
            "gross_profit": 228738,
            "gross_margin": 9.2,
            "gross_margin_4q_avg": 9.48,
            "net_income": 84535,
            "net_income_4q": null,
            "revenue": 2485591,
            "revenue_4q": null,
            "common_shares": 2196229,
            "book_valuer_per_share": 21.99,
            "book_valuer_per_share_4q_avg": 21.44,
            "equity": 4731926,
            "current_ratio": 216.62,
            "debt_ratio": 66.78,
            "inventory_turnover_ratio": 0.56,
            "account_receivable_turnover_ratio": 0.71,
            "reinvestment_rate": 21.2,
            "research_to_sale_ratio": null,
            "price_fair": 99.23,
            "eps_avg_yearly": 2.84,
            "eps_latest_yearly": 1.64,
            "eps_growth_yearly": 484.96
        },
        "20152": {
            "year_quarter": 20152,
            "year": 2015,
            "quarter": 2,
            "eps": 0.18,
            "eps_growth_year": -88.24,
            "eps_4q": 1.13,
            "eps_4q_growth_year": -73.62,
            "roe": 0.79,
            "roe_4q": 4.88,
            "gross_profit": 211056,
            "gross_margin": 8.04,
            "gross_margin_4q_avg": 7.8,
            "net_income": 36402,
            "net_income_4q": null,
            "revenue": 2624873,
            "revenue_4q": null,
            "common_shares": 2196229,
            "book_valuer_per_share": 20.59,
            "book_valuer_per_share_4q_avg": 21.35,
            "equity": 4439518,
            "current_ratio": 202.46,
            "debt_ratio": 68.96,
            "inventory_turnover_ratio": 0.61,
            "account_receivable_turnover_ratio": 0.74,
            "reinvestment_rate": 26.67,
            "research_to_sale_ratio": null,
            "price_fair": 94.94,
            "eps_avg_yearly": 2.71,
            "eps_latest_yearly": 0.72,
            "eps_growth_yearly": 462.44
        },
        "20153": {
            "year_quarter": 20153,
            "year": 2015,
            "quarter": 3,
            "eps": 0.5,
            "eps_growth_year": 316.67,
            "eps_4q": 1.5,
            "eps_4q_growth_year": -43.13,
            "roe": 2.26,
            "roe_4q": 6.63,
            "gross_profit": 246475,
            "gross_margin": 7.77,
            "gross_margin_4q_avg": 8.12,
            "net_income": 102304,
            "net_income_4q": null,
            "revenue": 3173740,
            "revenue_4q": null,
            "common_shares": 2196229,
            "book_valuer_per_share": 21.3,
            "book_valuer_per_share_4q_avg": 21.39,
            "equity": 4597413,
            "current_ratio": 200.61,
            "debt_ratio": 68.82,
            "inventory_turnover_ratio": 0.72,
            "account_receivable_turnover_ratio": 0.83,
            "reinvestment_rate": 30.8,
            "research_to_sale_ratio": null,
            "price_fair": 91.35,
            "eps_avg_yearly": 2.61,
            "eps_latest_yearly": 2,
            "eps_growth_yearly": 497.93
        },
        "20154": {
            "year_quarter": 20154,
            "year": 2015,
            "quarter": 4,
            "eps": 0.49,
            "eps_growth_year": 20.9,
            "eps_4q": 1.58,
            "eps_4q_growth_year": -37.6,
            "roe": 2.2,
            "roe_4q": 7.05,
            "gross_profit": 202644,
            "gross_margin": 5.65,
            "gross_margin_4q_avg": 7.67,
            "net_income": 102310,
            "net_income_4q": null,
            "revenue": 3586057,
            "revenue_4q": null,
            "common_shares": 2196229,
            "book_valuer_per_share": 21.74,
            "book_valuer_per_share_4q_avg": 21.41,
            "equity": 4688964,
            "current_ratio": 186.9,
            "debt_ratio": 69.3,
            "inventory_turnover_ratio": 0.8,
            "account_receivable_turnover_ratio": 0.88,
            "reinvestment_rate": 28.92,
            "research_to_sale_ratio": null,
            "price_fair": 93.8,
            "eps_avg_yearly": 2.68,
            "eps_latest_yearly": 1.96,
            "eps_growth_yearly": 516.66
        },
        "20161": {
            "year_quarter": 20161,
            "year": 2016,
            "quarter": 1,
            "eps": 0.71,
            "eps_growth_year": 73.17,
            "eps_4q": 1.88,
            "eps_4q_growth_year": -23.81,
            "roe": 3.04,
            "roe_4q": 8.29,
            "gross_profit": 227207,
            "gross_margin": 7.52,
            "gross_margin_4q_avg": 7.25,
            "net_income": 144711,
            "net_income_4q": null,
            "revenue": 3021009,
            "revenue_4q": null,
            "common_shares": 2196229,
            "book_valuer_per_share": 22.47,
            "book_valuer_per_share_4q_avg": 21.53,
            "equity": 4833807,
            "current_ratio": 158.81,
            "debt_ratio": 68.68,
            "inventory_turnover_ratio": 0.64,
            "account_receivable_turnover_ratio": 0.75,
            "reinvestment_rate": 6.71,
            "research_to_sale_ratio": null,
            "price_fair": 95.55,
            "eps_avg_yearly": 2.73,
            "eps_latest_yearly": 2.84,
            "eps_growth_yearly": 492.17
        },
        "20162": {
            "year_quarter": 20162,
            "year": 2016,
            "quarter": 2,
            "eps": 0.72,
            "eps_growth_year": 300,
            "eps_4q": 2.43,
            "eps_4q_growth_year": 115.49,
            "roe": 3.12,
            "roe_4q": 10.62,
            "gross_profit": 262933,
            "gross_margin": 7,
            "gross_margin_4q_avg": 6.99,
            "net_income": 149579,
            "net_income_4q": null,
            "revenue": 3753986,
            "revenue_4q": null,
            "common_shares": 2196229,
            "book_valuer_per_share": 22.01,
            "book_valuer_per_share_4q_avg": 21.88,
            "equity": 4740640,
            "current_ratio": 149.59,
            "debt_ratio": 70.93,
            "inventory_turnover_ratio": 0.78,
            "account_receivable_turnover_ratio": 0.91,
            "reinvestment_rate": 8.12,
            "research_to_sale_ratio": null,
            "price_fair": 95.29,
            "eps_avg_yearly": 2.72,
            "eps_latest_yearly": 2.88,
            "eps_growth_yearly": 480.76
        },
        "20163": {
            "year_quarter": 20163,
            "year": 2016,
            "quarter": 3,
            "eps": 0.31,
            "eps_growth_year": -38,
            "eps_4q": 2.24,
            "eps_4q_growth_year": 49.3,
            "roe": 1.34,
            "roe_4q": 9.7,
            "gross_profit": 229537,
            "gross_margin": 8.34,
            "gross_margin_4q_avg": 7.13,
            "net_income": 63810,
            "net_income_4q": null,
            "revenue": 2752067,
            "revenue_4q": null,
            "common_shares": 2196229,
            "book_valuer_per_share": 22.17,
            "book_valuer_per_share_4q_avg": 22.1,
            "equity": 4766034,
            "current_ratio": 140.46,
            "debt_ratio": 69.05,
            "inventory_turnover_ratio": 0.55,
            "account_receivable_turnover_ratio": 0.68,
            "reinvestment_rate": 7.47,
            "research_to_sale_ratio": null,
            "price_fair": 89.95,
            "eps_avg_yearly": 2.57,
            "eps_latest_yearly": 1.24,
            "eps_growth_yearly": 460.85
        },
        "20164": {
            "year_quarter": 20164,
            "year": 2016,
            "quarter": 4,
            "eps": 1.38,
            "eps_growth_year": 179.09,
            "eps_4q": 3.12,
            "eps_4q_growth_year": 97.13,
            "roe": 5.82,
            "roe_4q": 13.32,
            "gross_profit": -102146,
            "gross_margin": -3.49,
            "gross_margin_4q_avg": 4.84,
            "net_income": 285982,
            "net_income_4q": null,
            "revenue": 2925358,
            "revenue_4q": null,
            "common_shares": 2196229,
            "book_valuer_per_share": 23.59,
            "book_valuer_per_share_4q_avg": 22.56,
            "equity": 5066635,
            "current_ratio": 148.02,
            "debt_ratio": 66.68,
            "inventory_turnover_ratio": 0.65,
            "account_receivable_turnover_ratio": 0.69,
            "reinvestment_rate": 7.09,
            "research_to_sale_ratio": null,
            "price_fair": 98.79,
            "eps_avg_yearly": 2.82,
            "eps_latest_yearly": 5.52,
            "eps_growth_yearly": 562.09
        },
        "20171": {
            "year_quarter": 20171,
            "year": 2017,
            "quarter": 1,
            "eps": 0.49,
            "eps_growth_year": -30.99,
            "eps_4q": 2.75,
            "eps_4q_growth_year": 45.81,
            "roe": 1.94,
            "roe_4q": 12.219999999999999,
            "gross_profit": 316227,
            "gross_margin": 12,
            "gross_margin_4q_avg": 5.96,
            "net_income": 101513,
            "net_income_4q": null,
            "revenue": 2636315,
            "revenue_4q": null,
            "common_shares": 2314074,
            "book_valuer_per_share": 23.78,
            "book_valuer_per_share_4q_avg": 22.89,
            "equity": 5374504,
            "current_ratio": 180.11,
            "debt_ratio": 63.64,
            "inventory_turnover_ratio": 0.49,
            "account_receivable_turnover_ratio": 0.59,
            "reinvestment_rate": -5.69,
            "research_to_sale_ratio": null,
            "price_fair": 88.55,
            "eps_avg_yearly": 2.53,
            "eps_latest_yearly": 1.96,
            "eps_growth_yearly": 458.8
        },
        "20172": {
            "year_quarter": 20172,
            "year": 2017,
            "quarter": 2,
            "eps": 0.53,
            "eps_growth_year": -26.39,
            "eps_4q": 2.59,
            "eps_4q_growth_year": 6.95,
            "roe": 2.24,
            "roe_4q": 11.34,
            "gross_profit": 221847,
            "gross_margin": 7.6,
            "gross_margin_4q_avg": 6.11,
            "net_income": 118119,
            "net_income_4q": null,
            "revenue": 2919594,
            "revenue_4q": null,
            "common_shares": 2317613,
            "book_valuer_per_share": 22.76,
            "book_valuer_per_share_4q_avg": 23.08,
            "equity": 5163118,
            "current_ratio": 166.37,
            "debt_ratio": 66.83,
            "inventory_turnover_ratio": 0.55,
            "account_receivable_turnover_ratio": 0.69,
            "reinvestment_rate": -11.51,
            "research_to_sale_ratio": null,
            "price_fair": 92.05,
            "eps_avg_yearly": 2.63,
            "eps_latest_yearly": 2.12,
            "eps_growth_yearly": 483.89
        },
        "20173": {
            "year_quarter": 20173,
            "year": 2017,
            "quarter": 3,
            "eps": 0.37,
            "eps_growth_year": 19.35,
            "eps_4q": 2.67,
            "eps_4q_growth_year": 19.32,
            "roe": 1.57,
            "roe_4q": 11.57,
            "gross_profit": 183143,
            "gross_margin": 7.6,
            "gross_margin_4q_avg": 5.93,
            "net_income": 81630,
            "net_income_4q": null,
            "revenue": 2409164,
            "revenue_4q": null,
            "common_shares": 2317724,
            "book_valuer_per_share": 23.03,
            "book_valuer_per_share_4q_avg": 23.29,
            "equity": 5221584,
            "current_ratio": 193.88,
            "debt_ratio": 65.57,
            "inventory_turnover_ratio": 0.44,
            "account_receivable_turnover_ratio": 0.59,
            "reinvestment_rate": -19.15,
            "research_to_sale_ratio": null,
            "price_fair": 79.98,
            "eps_avg_yearly": 2.29,
            "eps_latest_yearly": 1.48,
            "eps_growth_yearly": 164.8
        },
        "20174": {
            "year_quarter": 20174,
            "year": 2017,
            "quarter": 4,
            "eps": 0.75,
            "eps_growth_year": -45.55,
            "eps_4q": 2.12,
            "eps_4q_growth_year": -32.16,
            "roe": 3.28,
            "roe_4q": 9.03,
            "gross_profit": 318077,
            "gross_margin": 10.11,
            "gross_margin_4q_avg": 9.33,
            "net_income": 173176,
            "net_income_4q": null,
            "revenue": 3147149,
            "revenue_4q": null,
            "common_shares": 2317724,
            "book_valuer_per_share": 23.6,
            "book_valuer_per_share_4q_avg": 23.29,
            "equity": 5334113,
            "current_ratio": 182.16,
            "debt_ratio": 67.41,
            "inventory_turnover_ratio": 0.57,
            "account_receivable_turnover_ratio": 0.79,
            "reinvestment_rate": -22.72,
            "research_to_sale_ratio": null,
            "price_fair": 82.08,
            "eps_avg_yearly": 2.35,
            "eps_latest_yearly": 3,
            "eps_growth_yearly": 208.19
        },
        "20181": {
            "year_quarter": 20181,
            "year": 2018,
            "quarter": 1,
            "eps": 0.69,
            "eps_growth_year": 40.82,
            "eps_4q": 2.31,
            "eps_4q_growth_year": -15.8,
            "roe": 2.94,
            "roe_4q": 10.030000000000001,
            "gross_profit": 296286,
            "gross_margin": 8.45,
            "gross_margin_4q_avg": 8.44,
            "net_income": 161964,
            "net_income_4q": null,
            "revenue": 3507356,
            "revenue_4q": null,
            "common_shares": 2343835,
            "book_valuer_per_share": 24.92,
            "book_valuer_per_share_4q_avg": 23.58,
            "equity": 5679184,
            "current_ratio": 165.26,
            "debt_ratio": 67.31,
            "inventory_turnover_ratio": 0.66,
            "account_receivable_turnover_ratio": 1.38,
            "reinvestment_rate": -32.14,
            "research_to_sale_ratio": null,
            "price_fair": 83.91,
            "eps_avg_yearly": 2.4,
            "eps_latest_yearly": 2.76,
            "eps_growth_yearly": 207.66
        },
        "20182": {
            "year_quarter": 20182,
            "year": 2018,
            "quarter": 2,
            "eps": 0.82,
            "eps_growth_year": 54.72,
            "eps_4q": 2.4,
            "eps_4q_growth_year": -7.66,
            "roe": 3.34,
            "roe_4q": 11.129999999999999,
            "gross_profit": 328030,
            "gross_margin": 8.17,
            "gross_margin_4q_avg": 8.58,
            "net_income": 193536,
            "net_income_4q": null,
            "revenue": 4015986,
            "revenue_4q": null,
            "common_shares": 2578987,
            "book_valuer_per_share": 23.39,
            "book_valuer_per_share_4q_avg": 23.74,
            "equity": 5915357,
            "current_ratio": 163.66,
            "debt_ratio": 65.46,
            "inventory_turnover_ratio": 0.76,
            "account_receivable_turnover_ratio": 3.06,
            "reinvestment_rate": -36.02,
            "research_to_sale_ratio": null,
            "price_fair": 77.7,
            "eps_avg_yearly": 2.22,
            "eps_latest_yearly": 3.28,
            "eps_growth_yearly": 157.68
        },
        "20183": {
            "year_quarter": 20183,
            "year": 2018,
            "quarter": 3,
            "eps": 0.47,
            "eps_growth_year": 27.03,
            "eps_4q": 2.45,
            "eps_4q_growth_year": -8.17,
            "roe": 1.75,
            "roe_4q": 11.309999999999999,
            "gross_profit": 253586,
            "gross_margin": 7.59,
            "gross_margin_4q_avg": 8.58,
            "net_income": 106845,
            "net_income_4q": null,
            "revenue": 3339254,
            "revenue_4q": null,
            "common_shares": 2663366,
            "book_valuer_per_share": 23.65,
            "book_valuer_per_share_4q_avg": 23.89,
            "equity": 6280422,
            "current_ratio": 172.02,
            "debt_ratio": 65.46,
            "inventory_turnover_ratio": 0.57,
            "account_receivable_turnover_ratio": 2.13,
            "reinvestment_rate": -35.22,
            "research_to_sale_ratio": null,
            "price_fair": 80.76,
            "eps_avg_yearly": 2.31,
            "eps_latest_yearly": 1.88,
            "eps_growth_yearly": 170.05
        },
        "20184": {
            "year_quarter": 20184,
            "year": 2018,
            "quarter": 4,
            "eps": 0.35,
            "eps_growth_year": -53.99,
            "eps_4q": 2.1,
            "eps_4q_growth_year": -0.87,
            "roe": 1.33,
            "roe_4q": 9.36,
            "gross_profit": 315694,
            "gross_margin": 8.72,
            "gross_margin_4q_avg": 8.23,
            "net_income": 85528,
            "net_income_4q": null,
            "revenue": 3622181,
            "revenue_4q": null,
            "common_shares": 2733848,
            "book_valuer_per_share": 24.01,
            "book_valuer_per_share_4q_avg": 23.99,
            "equity": 6537190,
            "current_ratio": 198.68,
            "debt_ratio": 63.14,
            "inventory_turnover_ratio": 0.56,
            "account_receivable_turnover_ratio": 2.59,
            "reinvestment_rate": -39.8,
            "research_to_sale_ratio": null,
            "price_fair": 80.24,
            "eps_avg_yearly": 2.29,
            "eps_latest_yearly": 1.4,
            "eps_growth_yearly": 103.25
        },
        "20191": {
            "year_quarter": 20191,
            "year": 2019,
            "quarter": 1,
            "eps": 0.6,
            "eps_growth_year": -13.04,
            "eps_4q": 2.02,
            "eps_4q_growth_year": -12.57,
            "roe": 2.34,
            "roe_4q": 8.76,
            "gross_profit": 267703,
            "gross_margin": 11.72,
            "gross_margin_4q_avg": 9.05,
            "net_income": 157232,
            "net_income_4q": null,
            "revenue": 2284098,
            "revenue_4q": null,
            "common_shares": 2874870,
            "book_valuer_per_share": 24.21,
            "book_valuer_per_share_4q_avg": 23.82,
            "equity": 6930292,
            "current_ratio": 180.91,
            "debt_ratio": 60.63,
            "inventory_turnover_ratio": 0.34,
            "account_receivable_turnover_ratio": 1.89,
            "reinvestment_rate": -40.94,
            "research_to_sale_ratio": null,
            "price_fair": 81.9,
            "eps_avg_yearly": 2.34,
            "eps_latest_yearly": 2.4,
            "eps_growth_yearly": 121.11
        },
        "20192": {
            "year_quarter": 20192,
            "year": 2019,
            "quarter": 2,
            "eps": 0.58,
            "eps_growth_year": -29.27,
            "eps_4q": 1.86,
            "eps_4q_growth_year": -22.37,
            "roe": 2.33,
            "roe_4q": 7.75,
            "gross_profit": 287362,
            "gross_margin": 10.84,
            "gross_margin_4q_avg": 9.72,
            "net_income": 159940,
            "net_income_4q": null,
            "revenue": 2650861,
            "revenue_4q": null,
            "common_shares": 2960925,
            "book_valuer_per_share": 22.95,
            "book_valuer_per_share_4q_avg": 23.71,
            "equity": 6782975,
            "current_ratio": 181.23,
            "debt_ratio": 61.06,
            "inventory_turnover_ratio": 0.4,
            "account_receivable_turnover_ratio": 2.39,
            "reinvestment_rate": -37.94,
            "research_to_sale_ratio": null,
            "price_fair": 85.4,
            "eps_avg_yearly": 2.44,
            "eps_latest_yearly": 2.32,
            "eps_growth_yearly": 134.3
        },
        "20193": {
            "year_quarter": 20193,
            "year": 2019,
            "quarter": 3,
            "eps": 0.56,
            "eps_growth_year": 19.15,
            "eps_4q": 1.98,
            "eps_4q_growth_year": -19.22,
            "roe": 2.32,
            "roe_4q": 8.32,
            "gross_profit": 331976,
            "gross_margin": 11.8,
            "gross_margin_4q_avg": 10.77,
            "net_income": 159979,
            "net_income_4q": null,
            "revenue": 2813329,
            "revenue_4q": null,
            "common_shares": 3005626,
            "book_valuer_per_share": 23.44,
            "book_valuer_per_share_4q_avg": 23.65,
            "equity": 7029459,
            "current_ratio": 186.46,
            "debt_ratio": 58.66,
            "inventory_turnover_ratio": 0.41,
            "account_receivable_turnover_ratio": 2.26,
            "reinvestment_rate": -38.12,
            "research_to_sale_ratio": null,
            "price_fair": 85.93,
            "eps_avg_yearly": 2.46,
            "eps_latest_yearly": 2.24,
            "eps_growth_yearly": 89
        },
        "20194": {
            "year_quarter": 20194,
            "year": 2019,
            "quarter": 4,
            "eps": 0.51,
            "eps_growth_year": 47.31,
            "eps_4q": 2.12,
            "eps_4q_growth_year": 0.73,
            "roe": 2.05,
            "roe_4q": 9.04,
            "gross_profit": 330041,
            "gross_margin": 10.96,
            "gross_margin_4q_avg": 11.33,
            "net_income": 147306,
            "net_income_4q": null,
            "revenue": 3012689,
            "revenue_4q": null,
            "common_shares": 3115376,
            "book_valuer_per_share": 23.71,
            "book_valuer_per_share_4q_avg": 23.58,
            "equity": 7351050,
            "current_ratio": 193.72,
            "debt_ratio": 56.95,
            "inventory_turnover_ratio": 0.43,
            "account_receivable_turnover_ratio": 2.24,
            "reinvestment_rate": -37.23,
            "research_to_sale_ratio": null,
            "price_fair": 86.1,
            "eps_avg_yearly": 2.46,
            "eps_latest_yearly": 2.04,
            "eps_growth_yearly": 87.26
        },
        "20201": {
            "year_quarter": 20201,
            "year": 2020,
            "quarter": 1,
            "eps": 0.46,
            "eps_growth_year": -23.33,
            "eps_4q": 2,
            "eps_4q_growth_year": -1.16,
            "roe": 1.78,
            "roe_4q": 8.48,
            "gross_profit": 332474,
            "gross_margin": 14.31,
            "gross_margin_4q_avg": 11.98,
            "net_income": 132448,
            "net_income_4q": null,
            "revenue": 2323584,
            "revenue_4q": null,
            "common_shares": 3194615,
            "book_valuer_per_share": 23.78,
            "book_valuer_per_share_4q_avg": 23.47,
            "equity": 7553860,
            "current_ratio": 199.87,
            "debt_ratio": 55.72,
            "inventory_turnover_ratio": 0.3,
            "account_receivable_turnover_ratio": 1.91,
            "reinvestment_rate": -38.88,
            "research_to_sale_ratio": null,
            "price_fair": 83.91,
            "eps_avg_yearly": 2.4,
            "eps_latest_yearly": 1.84,
            "eps_growth_yearly": 73.59
        },
        "20202": {
            "year_quarter": 20202,
            "year": 2020,
            "quarter": 2,
            "eps": 1.72,
            "eps_growth_year": 196.55,
            "eps_4q": 3.17,
            "eps_4q_growth_year": 70.72,
            "roe": 6.88,
            "roe_4q": 13.030000000000001,
            "gross_profit": 670095,
            "gross_margin": 13.22,
            "gross_margin_4q_avg": 12.57,
            "net_income": 523897,
            "net_income_4q": null,
            "revenue": 5068015,
            "revenue_4q": null,
            "common_shares": 3211856,
            "book_valuer_per_share": 24.08,
            "book_valuer_per_share_4q_avg": 23.75,
            "equity": 7680538,
            "current_ratio": 191.63,
            "debt_ratio": 57.91,
            "inventory_turnover_ratio": 0.72,
            "account_receivable_turnover_ratio": 3.02,
            "reinvestment_rate": -32.41,
            "research_to_sale_ratio": null,
            "price_fair": 92.66,
            "eps_avg_yearly": 2.65,
            "eps_latest_yearly": 6.88,
            "eps_growth_yearly": 141.71
        },
        "20203": {
            "year_quarter": 20203,
            "year": 2020,
            "quarter": 3,
            "eps": 0.37,
            "eps_growth_year": -33.93,
            "eps_4q": 2.94,
            "eps_4q_growth_year": 48.29,
            "roe": 1.48,
            "roe_4q": 12.189999999999998,
            "gross_profit": 206548,
            "gross_margin": 6.29,
            "gross_margin_4q_avg": 11.2,
            "net_income": 116003,
            "net_income_4q": null,
            "revenue": 3281375,
            "revenue_4q": null,
            "common_shares": 3316719,
            "book_valuer_per_share": 24.35,
            "book_valuer_per_share_4q_avg": 23.98,
            "equity": 8011576,
            "current_ratio": 188.5,
            "debt_ratio": 57.7,
            "inventory_turnover_ratio": 0.56,
            "account_receivable_turnover_ratio": 1.77,
            "reinvestment_rate": -30.61,
            "research_to_sale_ratio": null,
            "price_fair": 93.19,
            "eps_avg_yearly": 2.66,
            "eps_latest_yearly": 1.48,
            "eps_growth_yearly": 136.33
        },
        "20204": {
            "year_quarter": 20204,
            "year": 2020,
            "quarter": 4,
            "eps": 1.18,
            "eps_growth_year": 131.36,
            "eps_4q": 3.62,
            "eps_4q_growth_year": 71.15,
            "roe": 4.26,
            "roe_4q": 14.4,
            "gross_profit": 586375,
            "gross_margin": 13.22,
            "gross_margin_4q_avg": 11.76,
            "net_income": 348883,
            "net_income_4q": null,
            "revenue": 4435109,
            "revenue_4q": null,
            "common_shares": 3339707,
            "book_valuer_per_share": 25.38,
            "book_valuer_per_share_4q_avg": 24.4,
            "equity": 8363767,
            "current_ratio": 187.07,
            "debt_ratio": 57.73,
            "inventory_turnover_ratio": 0.67,
            "account_receivable_turnover_ratio": 3.21,
            "reinvestment_rate": -30.66,
            "research_to_sale_ratio": null,
            "price_fair": 91.44,
            "eps_avg_yearly": 2.61,
            "eps_latest_yearly": 4.72,
            "eps_growth_yearly": 104.77
        },
        "20211": {
            "year_quarter": 20211,
            "year": 2021,
            "quarter": 1,
            "eps": 0.68,
            "eps_growth_year": 47.83,
            "eps_4q": 3.84,
            "eps_4q_growth_year": 92,
            "roe": 2.68,
            "roe_4q": 15.3,
            "gross_profit": 326475,
            "gross_margin": 10.61,
            "gross_margin_4q_avg": 10.84,
            "net_income": 217252,
            "net_income_4q": null,
            "revenue": 3076098,
            "revenue_4q": null,
            "common_shares": 3370377,
            "book_valuer_per_share": 23.45,
            "book_valuer_per_share_4q_avg": 24.32,
            "equity": 7819171,
            "current_ratio": 167.48,
            "debt_ratio": 59.6,
            "inventory_turnover_ratio": 0.47,
            "account_receivable_turnover_ratio": 3.08,
            "reinvestment_rate": -23,
            "research_to_sale_ratio": null,
            "price_fair": 93.1,
            "eps_avg_yearly": 2.66,
            "eps_latest_yearly": 2.72,
            "eps_growth_yearly": 110.3
        },
        "20212": {
            "year_quarter": 20212,
            "year": 2021,
            "quarter": 2,
            "eps": 1.28,
            "eps_growth_year": -25.58,
            "eps_4q": 3.49,
            "eps_4q_growth_year": 10.04,
            "roe": 5.14,
            "roe_4q": 13.56,
            "gross_profit": 728794,
            "gross_margin": 18.46,
            "gross_margin_4q_avg": 12.15,
            "net_income": 411974,
            "net_income_4q": null,
            "revenue": 3948414,
            "revenue_4q": null,
            "common_shares": 3373609,
            "book_valuer_per_share": 24.68,
            "book_valuer_per_share_4q_avg": 24.47,
            "equity": 8216717,
            "current_ratio": 165.48,
            "debt_ratio": 61.18,
            "inventory_turnover_ratio": 0.56,
            "account_receivable_turnover_ratio": 2.25,
            "reinvestment_rate": -15.55,
            "research_to_sale_ratio": null,
            "price_fair": 99.66,
            "eps_avg_yearly": 2.85,
            "eps_latest_yearly": 5.12,
            "eps_growth_yearly": 130.32
        },
        "20213": {
            "year_quarter": 20213,
            "year": 2021,
            "quarter": 3,
            "eps": 0.68,
            "eps_growth_year": 83.78,
            "eps_4q": 3.8,
            "eps_4q_growth_year": 29.28,
            "roe": 2.57,
            "roe_4q": 14.649999999999999,
            "gross_profit": 433338,
            "gross_margin": 12.63,
            "gross_margin_4q_avg": 13.73,
            "net_income": 214284,
            "net_income_4q": null,
            "revenue": 3431287,
            "revenue_4q": null,
            "common_shares": 3380188,
            "book_valuer_per_share": 25.45,
            "book_valuer_per_share_4q_avg": 24.74,
            "equity": 8475802,
            "current_ratio": 193.75,
            "debt_ratio": 61.99,
            "inventory_turnover_ratio": 0.53,
            "account_receivable_turnover_ratio": 1.66,
            "reinvestment_rate": -12.84,
            "research_to_sale_ratio": null,
            "price_fair": 102.38,
            "eps_avg_yearly": 2.93,
            "eps_latest_yearly": 2.72,
            "eps_growth_yearly": 126.14
        },
        "20214": {
            "year_quarter": 20214,
            "year": 2021,
            "quarter": 4,
            "eps": 1.14,
            "eps_growth_year": -3.39,
            "eps_4q": 3.77,
            "eps_4q_growth_year": 4.07,
            "roe": 4.22,
            "roe_4q": 14.61,
            "gross_profit": 566275,
            "gross_margin": 13,
            "gross_margin_4q_avg": 13.68,
            "net_income": 365293,
            "net_income_4q": null,
            "revenue": 4356524,
            "revenue_4q": null,
            "common_shares": 3384925,
            "book_valuer_per_share": 26.51,
            "book_valuer_per_share_4q_avg": 25.02,
            "equity": 8826391,
            "current_ratio": 218.27,
            "debt_ratio": 59.76,
            "inventory_turnover_ratio": 0.71,
            "account_receivable_turnover_ratio": 4.36,
            "reinvestment_rate": -10.86,
            "research_to_sale_ratio": null,
            "price_fair": 105.79,
            "eps_avg_yearly": 3.02,
            "eps_latest_yearly": 4.56,
            "eps_growth_yearly": 117.38
        },
        "20221": {
            "year_quarter": 20221,
            "year": 2022,
            "quarter": 1,
            "eps": 0.86,
            "eps_growth_year": 26.47,
            "eps_4q": 3.95,
            "eps_4q_growth_year": 3,
            "roe": 3.2,
            "roe_4q": 15.129999999999999,
            "gross_profit": 544091,
            "gross_margin": 14.41,
            "gross_margin_4q_avg": 14.63,
            "net_income": 276476,
            "net_income_4q": null,
            "revenue": 3776981,
            "revenue_4q": null,
            "common_shares": 3384925,
            "book_valuer_per_share": 25.36,
            "book_valuer_per_share_4q_avg": 25.5,
            "equity": 8457604,
            "current_ratio": 227.04,
            "debt_ratio": 61.23,
            "inventory_turnover_ratio": 0.63,
            "account_receivable_turnover_ratio": 4.32,
            "reinvestment_rate": -5.35,
            "research_to_sale_ratio": null,
            "price_fair": 107.28,
            "eps_avg_yearly": 3.07,
            "eps_latest_yearly": 3.44,
            "eps_growth_yearly": 113.24
        },
        "20222": {
            "year_quarter": 20222,
            "year": 2022,
            "quarter": 2,
            "eps": 0.98,
            "eps_growth_year": -23.44,
            "eps_4q": 3.65,
            "eps_4q_growth_year": 4.53,
            "roe": 3.58,
            "roe_4q": 13.57,
            "gross_profit": 752333,
            "gross_margin": 17.04,
            "gross_margin_4q_avg": 14.27,
            "net_income": 308712,
            "net_income_4q": null,
            "revenue": 4414259,
            "revenue_4q": null,
            "common_shares": 3384925,
            "book_valuer_per_share": 26.37,
            "book_valuer_per_share_4q_avg": 25.92,
            "equity": 8783557,
            "current_ratio": 248.21,
            "debt_ratio": 59.76,
            "inventory_turnover_ratio": 0.72,
            "account_receivable_turnover_ratio": 3.46,
            "reinvestment_rate": -1.15,
            "research_to_sale_ratio": null,
            "price_fair": 108.68,
            "eps_avg_yearly": 3.11,
            "eps_latest_yearly": 3.92,
            "eps_growth_yearly": 112.02
        },
        "20223": {
            "year_quarter": 20223,
            "year": 2022,
            "quarter": 3,
            "eps": 0.59,
            "eps_growth_year": -13.24,
            "eps_4q": 3.57,
            "eps_4q_growth_year": -6.01,
            "roe": 2.11,
            "roe_4q": 13.11,
            "gross_profit": 467332,
            "gross_margin": 10.33,
            "gross_margin_4q_avg": 13.7,
            "net_income": 187774,
            "net_income_4q": null,
            "revenue": 4525222,
            "revenue_4q": null,
            "common_shares": 3384925,
            "book_valuer_per_share": 27.12,
            "book_valuer_per_share_4q_avg": 26.34,
            "equity": 9034770,
            "current_ratio": 256.6,
            "debt_ratio": 58.9,
            "inventory_turnover_ratio": 0.79,
            "account_receivable_turnover_ratio": 3.06,
            "reinvestment_rate": -0.9,
            "research_to_sale_ratio": null,
            "price_fair": 109.73,
            "eps_avg_yearly": 3.14,
            "eps_latest_yearly": 2.36,
            "eps_growth_yearly": 112.74
        },
        "20224": {
            "year_quarter": 20224,
            "year": 2022,
            "quarter": 4,
            "eps": 1.23,
            "eps_growth_year": 7.71,
            "eps_4q": 3.66,
            "eps_4q_growth_year": -2.96,
            "roe": 4.21,
            "roe_4q": 13.100000000000001,
            "gross_profit": 547871,
            "gross_margin": 12.29,
            "gross_margin_4q_avg": 13.52,
            "net_income": 389084,
            "net_income_4q": null,
            "revenue": 4457970,
            "revenue_4q": null,
            "common_shares": 3384925,
            "book_valuer_per_share": 28.41,
            "book_valuer_per_share_4q_avg": 26.82,
            "equity": 9434095,
            "current_ratio": 245,
            "debt_ratio": 58.5,
            "inventory_turnover_ratio": 0.74,
            "account_receivable_turnover_ratio": 2.8,
            "reinvestment_rate": -0.74,
            "research_to_sale_ratio": null,
            "price_fair": 117.43,
            "eps_avg_yearly": 3.36,
            "eps_latest_yearly": 4.92,
            "eps_growth_yearly": 146.24
        },
        "20231": {
            "year_quarter": 20231,
            "year": 2023,
            "quarter": 1,
            "eps": 0.81,
            "eps_growth_year": -5.81,
            "eps_4q": 3.61,
            "eps_4q_growth_year": -8.69,
            "roe": 2.89,
            "roe_4q": 12.79,
            "gross_profit": 295035,
            "gross_margin": 9.74,
            "gross_margin_4q_avg": 12.35,
            "net_income": 264862,
            "net_income_4q": null,
            "revenue": 3029409,
            "revenue_4q": null,
            "common_shares": 3384925,
            "book_valuer_per_share": 26.71,
            "book_valuer_per_share_4q_avg": 27.15,
            "equity": 8874179,
            "current_ratio": 231.02,
            "debt_ratio": 60.73,
            "inventory_turnover_ratio": 0.46,
            "account_receivable_turnover_ratio": 2.24,
            "reinvestment_rate": 3.46,
            "research_to_sale_ratio": null,
            "price_fair": 119.26,
            "eps_avg_yearly": 3.41,
            "eps_latest_yearly": 3.24,
            "eps_growth_yearly": 119.85
        },
        "20232": {
            "year_quarter": 20232,
            "year": 2023,
            "quarter": 2,
            "eps": 1.14,
            "eps_growth_year": 16.33,
            "eps_4q": 3.77,
            "eps_4q_growth_year": 3.34,
            "roe": 4.02,
            "roe_4q": 13.23,
            "gross_profit": 476674,
            "gross_margin": 13.29,
            "gross_margin_4q_avg": 11.41,
            "net_income": 364837,
            "net_income_4q": null,
            "revenue": 3586418,
            "revenue_4q": null,
            "common_shares": 3384925,
            "book_valuer_per_share": 27.95,
            "book_valuer_per_share_4q_avg": 27.55,
            "equity": 9275427,
            "current_ratio": 226.15,
            "debt_ratio": 58.84,
            "inventory_turnover_ratio": 0.45,
            "account_receivable_turnover_ratio": 2.95,
            "reinvestment_rate": 8.6,
            "research_to_sale_ratio": null,
            "price_fair": 124.16,
            "eps_avg_yearly": 3.55,
            "eps_latest_yearly": 4.56,
            "eps_growth_yearly": 130.87
        },
        "20233": {
            "year_quarter": 20233,
            "year": 2023,
            "quarter": 3,
            "eps": 0.7,
            "eps_growth_year": 18.64,
            "eps_4q": 4.9,
            "eps_4q_growth_year": 37.23,
            "roe": 2.37,
            "roe_4q": 13.489999999999998,
            "gross_profit": 487935,
            "gross_margin": 12.96,
            "gross_margin_4q_avg": 12.07,
            "net_income": 216431,
            "net_income_4q": null,
            "revenue": 3766138,
            "revenue_4q": null,
            "common_shares": 2707940,
            "book_valuer_per_share": 33.84,
            "book_valuer_per_share_4q_avg": 29.23,
            "equity": 8956763,
            "current_ratio": 204.95,
            "debt_ratio": 61.59,
            "inventory_turnover_ratio": 0.43,
            "account_receivable_turnover_ratio": 2.39,
            "reinvestment_rate": 8.68,
            "research_to_sale_ratio": null,
            "price_fair": 125.39,
            "eps_avg_yearly": 3.58,
            "eps_latest_yearly": 2.8,
            "eps_growth_yearly": 122.08
        }
    },
    "months": {
        "2001-06": {
            "month": "2001-06",
            "price": "5.69",
            "revenue": 393892
        },
        "2001-07": {
            "month": "2001-07",
            "price": "5.56",
            "revenue": 349293
        },
        "2001-08": {
            "month": "2001-08",
            "price": "5.45",
            "revenue": 406557
        },
        "2001-09": {
            "month": "2001-09",
            "price": "5.30",
            "revenue": 323864
        },
        "2001-10": {
            "month": "2001-10",
            "price": "5.57",
            "revenue": 229085
        },
        "2001-11": {
            "month": "2001-11",
            "price": "5.57",
            "revenue": 215318
        },
        "2001-12": {
            "month": "2001-12",
            "price": "6.14",
            "revenue": 223742
        },
        "2002-01": {
            "month": "2002-01",
            "price": "6.25",
            "revenue": 212288
        },
        "2002-02": {
            "month": "2002-02",
            "price": "5.89",
            "revenue": 120437
        },
        "2002-03": {
            "month": "2002-03",
            "price": "6.10",
            "revenue": 197858
        },
        "2002-04": {
            "month": "2002-04",
            "price": "7.45",
            "revenue": 234121
        },
        "2002-05": {
            "month": "2002-05",
            "price": "8.39",
            "revenue": 167455
        },
        "2002-06": {
            "month": "2002-06",
            "price": "6.66",
            "revenue": 244141
        },
        "2002-07": {
            "month": "2002-07",
            "price": "5.80",
            "revenue": 172470
        },
        "2002-08": {
            "month": "2002-08",
            "price": "5.09",
            "revenue": 253182
        },
        "2002-09": {
            "month": "2002-09",
            "price": "4.28",
            "revenue": 348197
        },
        "2002-10": {
            "month": "2002-10",
            "price": "4.09",
            "revenue": 259258
        },
        "2002-11": {
            "month": "2002-11",
            "price": "4.32",
            "revenue": 358750
        },
        "2002-12": {
            "month": "2002-12",
            "price": "5.27",
            "revenue": 638772
        },
        "2003-01": {
            "month": "2003-01",
            "price": "6.46",
            "revenue": 200271
        },
        "2003-02": {
            "month": "2003-02",
            "price": "5.72",
            "revenue": 320395
        },
        "2003-03": {
            "month": "2003-03",
            "price": "5.24",
            "revenue": 397700
        },
        "2003-04": {
            "month": "2003-04",
            "price": "5.84",
            "revenue": 313864
        },
        "2003-05": {
            "month": "2003-05",
            "price": "4.84",
            "revenue": 337461
        },
        "2003-06": {
            "month": "2003-06",
            "price": "5.46",
            "revenue": 468577
        },
        "2003-07": {
            "month": "2003-07",
            "price": "6.07",
            "revenue": 495906
        },
        "2003-08": {
            "month": "2003-08",
            "price": "6.47",
            "revenue": 298041
        },
        "2003-09": {
            "month": "2003-09",
            "price": "6.35",
            "revenue": 434044
        },
        "2003-10": {
            "month": "2003-10",
            "price": "7.20",
            "revenue": 351180
        },
        "2003-11": {
            "month": "2003-11",
            "price": "7.36",
            "revenue": 412016
        },
        "2003-12": {
            "month": "2003-12",
            "price": "7.40",
            "revenue": 1741499
        },
        "2004-01": {
            "month": "2004-01",
            "price": "9.11",
            "revenue": 225435
        },
        "2004-02": {
            "month": "2004-02",
            "price": "10.43",
            "revenue": 466603
        },
        "2004-03": {
            "month": "2004-03",
            "price": "10.41",
            "revenue": 457983
        },
        "2004-04": {
            "month": "2004-04",
            "price": "10.39",
            "revenue": 356493
        },
        "2004-05": {
            "month": "2004-05",
            "price": "9.44",
            "revenue": 376572
        },
        "2004-06": {
            "month": "2004-06",
            "price": "10.01",
            "revenue": 478967
        },
        "2004-07": {
            "month": "2004-07",
            "price": "8.56",
            "revenue": 431586
        },
        "2004-08": {
            "month": "2004-08",
            "price": "7.88",
            "revenue": 425466
        },
        "2004-09": {
            "month": "2004-09",
            "price": "12.58",
            "revenue": 2793396
        },
        "2004-10": {
            "month": "2004-10",
            "price": "13.64",
            "revenue": 413850
        },
        "2004-11": {
            "month": "2004-11",
            "price": "14.24",
            "revenue": 415223
        },
        "2004-12": {
            "month": "2004-12",
            "price": "13.18",
            "revenue": 776885
        },
        "2005-01": {
            "month": "2005-01",
            "price": "10.49",
            "revenue": 412304
        },
        "2005-02": {
            "month": "2005-02",
            "price": "10.17",
            "revenue": 259808
        },
        "2005-03": {
            "month": "2005-03",
            "price": "9.50",
            "revenue": 464699
        },
        "2005-04": {
            "month": "2005-04",
            "price": "9.18",
            "revenue": 461929
        },
        "2005-05": {
            "month": "2005-05",
            "price": "8.09",
            "revenue": 347432
        },
        "2005-06": {
            "month": "2005-06",
            "price": "9.52",
            "revenue": 1184572
        },
        "2005-07": {
            "month": "2005-07",
            "price": "9.11",
            "revenue": 383484
        },
        "2005-08": {
            "month": "2005-08",
            "price": "8.41",
            "revenue": 421901
        },
        "2005-09": {
            "month": "2005-09",
            "price": "7.88",
            "revenue": 1416895
        },
        "2005-10": {
            "month": "2005-10",
            "price": "6.84",
            "revenue": 734700
        },
        "2005-11": {
            "month": "2005-11",
            "price": "6.93",
            "revenue": 976336
        },
        "2005-12": {
            "month": "2005-12",
            "price": "7.35",
            "revenue": 1541830
        },
        "2006-01": {
            "month": "2006-01",
            "price": "7.56",
            "revenue": 1075244
        },
        "2006-02": {
            "month": "2006-02",
            "price": "7.85",
            "revenue": 643173
        },
        "2006-03": {
            "month": "2006-03",
            "price": "7.80",
            "revenue": 1051277
        },
        "2006-04": {
            "month": "2006-04",
            "price": "9.56",
            "revenue": 849047
        },
        "2006-05": {
            "month": "2006-05",
            "price": "10.58",
            "revenue": 789238
        },
        "2006-06": {
            "month": "2006-06",
            "price": "9.08",
            "revenue": 716783
        },
        "2006-07": {
            "month": "2006-07",
            "price": "9.20",
            "revenue": 836605
        },
        "2006-08": {
            "month": "2006-08",
            "price": "9.17",
            "revenue": 922353
        },
        "2006-09": {
            "month": "2006-09",
            "price": "9.14",
            "revenue": 890850
        },
        "2006-10": {
            "month": "2006-10",
            "price": "10.42",
            "revenue": 920620
        },
        "2006-11": {
            "month": "2006-11",
            "price": "13.39",
            "revenue": 1236575
        },
        "2006-12": {
            "month": "2006-12",
            "price": "14.21",
            "revenue": 612215
        },
        "2007-01": {
            "month": "2007-01",
            "price": "12.97",
            "revenue": 1269353
        },
        "2007-02": {
            "month": "2007-02",
            "price": "12.46",
            "revenue": 368669
        },
        "2007-03": {
            "month": "2007-03",
            "price": "11.94",
            "revenue": 502937
        },
        "2007-04": {
            "month": "2007-04",
            "price": "12.28",
            "revenue": 477101
        },
        "2007-05": {
            "month": "2007-05",
            "price": "12.08",
            "revenue": 570475
        },
        "2007-06": {
            "month": "2007-06",
            "price": "12.34",
            "revenue": 659856
        },
        "2007-07": {
            "month": "2007-07",
            "price": "14.80",
            "revenue": 554764
        },
        "2007-08": {
            "month": "2007-08",
            "price": "15.37",
            "revenue": 513230
        },
        "2007-09": {
            "month": "2007-09",
            "price": "15.22",
            "revenue": 524259
        },
        "2007-10": {
            "month": "2007-10",
            "price": "15.04",
            "revenue": 700386
        },
        "2007-11": {
            "month": "2007-11",
            "price": "14.02",
            "revenue": 660566
        },
        "2007-12": {
            "month": "2007-12",
            "price": "14.79",
            "revenue": 597883
        },
        "2008-01": {
            "month": "2008-01",
            "price": "14.83",
            "revenue": 602574
        },
        "2008-02": {
            "month": "2008-02",
            "price": "14.23",
            "revenue": 736840
        },
        "2008-03": {
            "month": "2008-03",
            "price": "17.60",
            "revenue": 955201
        },
        "2008-04": {
            "month": "2008-04",
            "price": "24.99",
            "revenue": 1027970
        },
        "2008-05": {
            "month": "2008-05",
            "price": "25.31",
            "revenue": 818679
        },
        "2008-06": {
            "month": "2008-06",
            "price": "23.25",
            "revenue": 885165
        },
        "2008-07": {
            "month": "2008-07",
            "price": "20.60",
            "revenue": 626547
        },
        "2008-08": {
            "month": "2008-08",
            "price": "17.38",
            "revenue": 722306
        },
        "2008-09": {
            "month": "2008-09",
            "price": "13.55",
            "revenue": 673757
        },
        "2008-10": {
            "month": "2008-10",
            "price": "10.81",
            "revenue": 773146
        },
        "2008-11": {
            "month": "2008-11",
            "price": "11.65",
            "revenue": 695524
        },
        "2008-12": {
            "month": "2008-12",
            "price": "12.24",
            "revenue": 813890
        },
        "2009-01": {
            "month": "2009-01",
            "price": "11.69",
            "revenue": 594473
        },
        "2009-02": {
            "month": "2009-02",
            "price": "11.11",
            "revenue": 613536
        },
        "2009-03": {
            "month": "2009-03",
            "price": "12.30",
            "revenue": 797086
        },
        "2009-04": {
            "month": "2009-04",
            "price": "15.77",
            "revenue": 1638728
        },
        "2009-05": {
            "month": "2009-05",
            "price": "20.56",
            "revenue": 770403
        },
        "2009-06": {
            "month": "2009-06",
            "price": "23.64",
            "revenue": 842759
        },
        "2009-07": {
            "month": "2009-07",
            "price": "23.59",
            "revenue": 790149
        },
        "2009-08": {
            "month": "2009-08",
            "price": "22.12",
            "revenue": 935442
        },
        "2009-09": {
            "month": "2009-09",
            "price": "22.86",
            "revenue": 942208
        },
        "2009-10": {
            "month": "2009-10",
            "price": "22.86",
            "revenue": 907012
        },
        "2009-11": {
            "month": "2009-11",
            "price": "20.79",
            "revenue": 857193
        },
        "2009-12": {
            "month": "2009-12",
            "price": "20.85",
            "revenue": 856109
        },
        "2010-01": {
            "month": "2010-01",
            "price": "21.34",
            "revenue": 832085
        },
        "2010-02": {
            "month": "2010-02",
            "price": "17.83",
            "revenue": 586902
        },
        "2010-03": {
            "month": "2010-03",
            "price": "18.29",
            "revenue": 996467
        },
        "2010-04": {
            "month": "2010-04",
            "price": "19.49",
            "revenue": 826126
        },
        "2010-05": {
            "month": "2010-05",
            "price": "17.47",
            "revenue": 1231761
        },
        "2010-06": {
            "month": "2010-06",
            "price": "18.34",
            "revenue": 1233525
        },
        "2010-07": {
            "month": "2010-07",
            "price": "17.63",
            "revenue": 829069
        },
        "2010-08": {
            "month": "2010-08",
            "price": "17.91",
            "revenue": 686092
        },
        "2010-09": {
            "month": "2010-09",
            "price": "17.29",
            "revenue": 1116406
        },
        "2010-10": {
            "month": "2010-10",
            "price": "17.44",
            "revenue": 875640
        },
        "2010-11": {
            "month": "2010-11",
            "price": "18.37",
            "revenue": 1114191
        },
        "2010-12": {
            "month": "2010-12",
            "price": "18.80",
            "revenue": 1350186
        },
        "2011-01": {
            "month": "2011-01",
            "price": "19.47",
            "revenue": 1030016
        },
        "2011-02": {
            "month": "2011-02",
            "price": "17.83",
            "revenue": 787433
        },
        "2011-03": {
            "month": "2011-03",
            "price": "17.37",
            "revenue": 767180
        },
        "2011-04": {
            "month": "2011-04",
            "price": "19.09",
            "revenue": 829029
        },
        "2011-05": {
            "month": "2011-05",
            "price": "19.32",
            "revenue": 1274623
        },
        "2011-06": {
            "month": "2011-06",
            "price": "19.20",
            "revenue": 826153
        },
        "2011-07": {
            "month": "2011-07",
            "price": "18.43",
            "revenue": 776924
        },
        "2011-08": {
            "month": "2011-08",
            "price": "16.39",
            "revenue": 959553
        },
        "2011-09": {
            "month": "2011-09",
            "price": "17.30",
            "revenue": 2331371
        },
        "2011-10": {
            "month": "2011-10",
            "price": "17.56",
            "revenue": 673458
        },
        "2011-11": {
            "month": "2011-11",
            "price": "17.10",
            "revenue": 798703
        },
        "2011-12": {
            "month": "2011-12",
            "price": "16.56",
            "revenue": 611376
        },
        "2012-01": {
            "month": "2012-01",
            "price": "16.73",
            "revenue": 858976
        },
        "2012-02": {
            "month": "2012-02",
            "price": "17.95",
            "revenue": 804924
        },
        "2012-03": {
            "month": "2012-03",
            "price": "19.00",
            "revenue": 915397
        },
        "2012-04": {
            "month": "2012-04",
            "price": "18.78",
            "revenue": 1131688
        },
        "2012-05": {
            "month": "2012-05",
            "price": "18.95",
            "revenue": 1255021
        },
        "2012-06": {
            "month": "2012-06",
            "price": "19.15",
            "revenue": 1231496
        },
        "2012-07": {
            "month": "2012-07",
            "price": "17.57",
            "revenue": 1154846
        },
        "2012-08": {
            "month": "2012-08",
            "price": "17.85",
            "revenue": 992204
        },
        "2012-09": {
            "month": "2012-09",
            "price": "18.84",
            "revenue": 1268437
        },
        "2012-10": {
            "month": "2012-10",
            "price": "18.74",
            "revenue": 1116223
        },
        "2012-11": {
            "month": "2012-11",
            "price": "19.16",
            "revenue": 1410232
        },
        "2012-12": {
            "month": "2012-12",
            "price": "19.51",
            "revenue": 709013
        },
        "2013-01": {
            "month": "2013-01",
            "price": "20.58",
            "revenue": 2599563
        },
        "2013-02": {
            "month": "2013-02",
            "price": "21.77",
            "revenue": 1066930
        },
        "2013-03": {
            "month": "2013-03",
            "price": "22.99",
            "revenue": 1002476
        },
        "2013-04": {
            "month": "2013-04",
            "price": "24.97",
            "revenue": 928248
        },
        "2013-05": {
            "month": "2013-05",
            "price": "26.79",
            "revenue": 1006801
        },
        "2013-06": {
            "month": "2013-06",
            "price": "28.96",
            "revenue": 1019435
        },
        "2013-07": {
            "month": "2013-07",
            "price": "28.23",
            "revenue": 1757294
        },
        "2013-08": {
            "month": "2013-08",
            "price": "27.04",
            "revenue": 1214269
        },
        "2013-09": {
            "month": "2013-09",
            "price": "26.32",
            "revenue": 1058198
        },
        "2013-10": {
            "month": "2013-10",
            "price": "26.39",
            "revenue": 1325823
        },
        "2013-11": {
            "month": "2013-11",
            "price": "26.93",
            "revenue": 1022522
        },
        "2013-12": {
            "month": "2013-12",
            "price": "28.48",
            "revenue": 1148611
        },
        "2014-01": {
            "month": "2014-01",
            "price": "27.29",
            "revenue": 992050
        },
        "2014-02": {
            "month": "2014-02",
            "price": "27.22",
            "revenue": 1014707
        },
        "2014-03": {
            "month": "2014-03",
            "price": "28.05",
            "revenue": 1057023
        },
        "2014-04": {
            "month": "2014-04",
            "price": "28.65",
            "revenue": 1309335
        },
        "2014-05": {
            "month": "2014-05",
            "price": "28.20",
            "revenue": 810463
        },
        "2014-06": {
            "month": "2014-06",
            "price": "27.58",
            "revenue": 763793
        },
        "2014-07": {
            "month": "2014-07",
            "price": "25.42",
            "revenue": 862887
        },
        "2014-08": {
            "month": "2014-08",
            "price": "21.88",
            "revenue": 850829
        },
        "2014-09": {
            "month": "2014-09",
            "price": "22.17",
            "revenue": 738685
        },
        "2014-10": {
            "month": "2014-10",
            "price": "21.12",
            "revenue": 970121
        },
        "2014-11": {
            "month": "2014-11",
            "price": "20.69",
            "revenue": 1015328
        },
        "2014-12": {
            "month": "2014-12",
            "price": "20.26",
            "revenue": 996259
        },
        "2015-01": {
            "month": "2015-01",
            "price": "20.00",
            "revenue": 894850
        },
        "2015-02": {
            "month": "2015-02",
            "price": "19.90",
            "revenue": 571451
        },
        "2015-03": {
            "month": "2015-03",
            "price": "20.18",
            "revenue": 1019290
        },
        "2015-04": {
            "month": "2015-04",
            "price": "20.30",
            "revenue": 835083
        },
        "2015-05": {
            "month": "2015-05",
            "price": "19.88",
            "revenue": 795314
        },
        "2015-06": {
            "month": "2015-06",
            "price": "18.67",
            "revenue": 994475
        },
        "2015-07": {
            "month": "2015-07",
            "price": "17.26",
            "revenue": 840995
        },
        "2015-08": {
            "month": "2015-08",
            "price": "14.71",
            "revenue": 1078820
        },
        "2015-09": {
            "month": "2015-09",
            "price": "14.09",
            "revenue": 1253926
        },
        "2015-10": {
            "month": "2015-10",
            "price": "14.60",
            "revenue": 1261800
        },
        "2015-11": {
            "month": "2015-11",
            "price": "14.58",
            "revenue": 1129115
        },
        "2015-12": {
            "month": "2015-12",
            "price": "14.28",
            "revenue": 1195142
        },
        "2016-01": {
            "month": "2016-01",
            "price": "14.10",
            "revenue": 1129441
        },
        "2016-02": {
            "month": "2016-02",
            "price": "15.27",
            "revenue": 747960
        },
        "2016-03": {
            "month": "2016-03",
            "price": "16.40",
            "revenue": 1143608
        },
        "2016-04": {
            "month": "2016-04",
            "price": "15.91",
            "revenue": 1269429
        },
        "2016-05": {
            "month": "2016-05",
            "price": "15.85",
            "revenue": 1360280
        },
        "2016-06": {
            "month": "2016-06",
            "price": "16.58",
            "revenue": 1124277
        },
        "2016-07": {
            "month": "2016-07",
            "price": "16.45",
            "revenue": 995344
        },
        "2016-08": {
            "month": "2016-08",
            "price": "16.83",
            "revenue": 995841
        },
        "2016-09": {
            "month": "2016-09",
            "price": "17.13",
            "revenue": 760882
        },
        "2016-10": {
            "month": "2016-10",
            "price": "17.96",
            "revenue": 903211
        },
        "2016-11": {
            "month": "2016-11",
            "price": "19.01",
            "revenue": 1066701
        },
        "2016-12": {
            "month": "2016-12",
            "price": "20.03",
            "revenue": 955446
        },
        "2017-01": {
            "month": "2017-01",
            "price": "19.48",
            "revenue": 887060
        },
        "2017-02": {
            "month": "2017-02",
            "price": "19.47",
            "revenue": 763093
        },
        "2017-03": {
            "month": "2017-03",
            "price": "20.03",
            "revenue": 986162
        },
        "2017-04": {
            "month": "2017-04",
            "price": "19.59",
            "revenue": 888824
        },
        "2017-05": {
            "month": "2017-05",
            "price": "19.29",
            "revenue": 1036924
        },
        "2017-06": {
            "month": "2017-06",
            "price": "19.74",
            "revenue": 993846
        },
        "2017-07": {
            "month": "2017-07",
            "price": "18.83",
            "revenue": 777591
        },
        "2017-08": {
            "month": "2017-08",
            "price": "17.40",
            "revenue": 818071
        },
        "2017-09": {
            "month": "2017-09",
            "price": "17.45",
            "revenue": 813502
        },
        "2017-10": {
            "month": "2017-10",
            "price": "17.52",
            "revenue": 776718
        },
        "2017-11": {
            "month": "2017-11",
            "price": "17.72",
            "revenue": 974730
        },
        "2017-12": {
            "month": "2017-12",
            "price": "17.62",
            "revenue": 1427611
        },
        "2018-01": {
            "month": "2018-01",
            "price": "18.47",
            "revenue": 1109825
        },
        "2018-02": {
            "month": "2018-02",
            "price": "18.02",
            "revenue": 892528
        },
        "2018-03": {
            "month": "2018-03",
            "price": "19.07",
            "revenue": 1505003
        },
        "2018-04": {
            "month": "2018-04",
            "price": "23.18",
            "revenue": 1264943
        },
        "2018-05": {
            "month": "2018-05",
            "price": "25.17",
            "revenue": 1370373
        },
        "2018-06": {
            "month": "2018-06",
            "price": "24.95",
            "revenue": 1380670
        },
        "2018-07": {
            "month": "2018-07",
            "price": "22.28",
            "revenue": 1177588
        },
        "2018-08": {
            "month": "2018-08",
            "price": "21.75",
            "revenue": 1138100
        },
        "2018-09": {
            "month": "2018-09",
            "price": "21.14",
            "revenue": 1023566
        },
        "2018-10": {
            "month": "2018-10",
            "price": "19.63",
            "revenue": 1334116
        },
        "2018-11": {
            "month": "2018-11",
            "price": "19.23",
            "revenue": 1205916
        },
        "2018-12": {
            "month": "2018-12",
            "price": "19.28",
            "revenue": 1019951
        },
        "2019-01": {
            "month": "2019-01",
            "price": "19.80",
            "revenue": 790057
        },
        "2019-02": {
            "month": "2019-02",
            "price": "20.19",
            "revenue": 688680
        },
        "2019-03": {
            "month": "2019-03",
            "price": "20.88",
            "revenue": 805361
        },
        "2019-04": {
            "month": "2019-04",
            "price": "21.27",
            "revenue": 889346
        },
        "2019-05": {
            "month": "2019-05",
            "price": "21.25",
            "revenue": 953323
        },
        "2019-06": {
            "month": "2019-06",
            "price": "21.77",
            "revenue": 808192
        },
        "2019-07": {
            "month": "2019-07",
            "price": "21.08",
            "revenue": 969766
        },
        "2019-08": {
            "month": "2019-08",
            "price": "19.75",
            "revenue": 1002389
        },
        "2019-09": {
            "month": "2019-09",
            "price": "20.29",
            "revenue": 841174
        },
        "2019-10": {
            "month": "2019-10",
            "price": "20.22",
            "revenue": 868528
        },
        "2019-11": {
            "month": "2019-11",
            "price": "20.72",
            "revenue": 939853
        },
        "2019-12": {
            "month": "2019-12",
            "price": "21.01",
            "revenue": 1197475
        },
        "2020-01": {
            "month": "2020-01",
            "price": "21.43",
            "revenue": 658537
        },
        "2020-02": {
            "month": "2020-02",
            "price": "21.80",
            "revenue": 786237
        },
        "2020-03": {
            "month": "2020-03",
            "price": "20.38",
            "revenue": 878810
        },
        "2020-04": {
            "month": "2020-04",
            "price": "20.56",
            "revenue": 734826
        },
        "2020-05": {
            "month": "2020-05",
            "price": "21.58",
            "revenue": 3233435
        },
        "2020-06": {
            "month": "2020-06",
            "price": "22.43",
            "revenue": 1099754
        },
        "2020-07": {
            "month": "2020-07",
            "price": "23.26",
            "revenue": 987748
        },
        "2020-08": {
            "month": "2020-08",
            "price": "24.21",
            "revenue": 1215211
        },
        "2020-09": {
            "month": "2020-09",
            "price": "24.72",
            "revenue": 1078416
        },
        "2020-10": {
            "month": "2020-10",
            "price": "25.66",
            "revenue": 1368727
        },
        "2020-11": {
            "month": "2020-11",
            "price": "27.21",
            "revenue": 1250035
        },
        "2020-12": {
            "month": "2020-12",
            "price": "26.57",
            "revenue": 1816347
        },
        "2021-01": {
            "month": "2021-01",
            "price": "26.20",
            "revenue": 1059761
        },
        "2021-02": {
            "month": "2021-02",
            "price": "25.59",
            "revenue": 793819
        },
        "2021-03": {
            "month": "2021-03",
            "price": "29.23",
            "revenue": 1222518
        },
        "2021-04": {
            "month": "2021-04",
            "price": "34.99",
            "revenue": 1176113
        },
        "2021-05": {
            "month": "2021-05",
            "price": "33.59",
            "revenue": 1624893
        },
        "2021-06": {
            "month": "2021-06",
            "price": "33.80",
            "revenue": 1147408
        },
        "2021-07": {
            "month": "2021-07",
            "price": "31.52",
            "revenue": 1167274
        },
        "2021-08": {
            "month": "2021-08",
            "price": "30.12",
            "revenue": 997117
        },
        "2021-09": {
            "month": "2021-09",
            "price": "30.21",
            "revenue": 1266896
        },
        "2021-10": {
            "month": "2021-10",
            "price": "29.72",
            "revenue": 1560361
        },
        "2021-11": {
            "month": "2021-11",
            "price": "31.71",
            "revenue": 1567738
        },
        "2021-12": {
            "month": "2021-12",
            "price": "32.18",
            "revenue": 1228425
        },
        "2022-01": {
            "month": "2022-01",
            "price": "33.02",
            "revenue": 1130765
        },
        "2022-02": {
            "month": "2022-02",
            "price": "33.32",
            "revenue": 1458847
        },
        "2022-03": {
            "month": "2022-03",
            "price": "34.34",
            "revenue": 1187369
        },
        "2022-04": {
            "month": "2022-04",
            "price": "31.95",
            "revenue": 1537012
        },
        "2022-05": {
            "month": "2022-05",
            "price": "31.26",
            "revenue": 1318772
        },
        "2022-06": {
            "month": "2022-06",
            "price": "30.55",
            "revenue": 1558475
        },
        "2022-07": {
            "month": "2022-07",
            "price": "29.29",
            "revenue": 1324551
        },
        "2022-08": {
            "month": "2022-08",
            "price": "30.23",
            "revenue": 1529560
        },
        "2022-09": {
            "month": "2022-09",
            "price": "31.40",
            "revenue": 1671111
        },
        "2022-10": {
            "month": "2022-10",
            "price": "30.24",
            "revenue": 1606570
        },
        "2022-11": {
            "month": "2022-11",
            "price": "29.85",
            "revenue": 1302736
        },
        "2022-12": {
            "month": "2022-12",
            "price": "29.83",
            "revenue": 1548664
        },
        "2023-01": {
            "month": "2023-01",
            "price": "30.02",
            "revenue": 906132
        },
        "2023-02": {
            "month": "2023-02",
            "price": "31.07",
            "revenue": 1155911
        },
        "2023-03": {
            "month": "2023-03",
            "price": "33.10",
            "revenue": 967366
        },
        "2023-04": {
            "month": "2023-04",
            "price": "32.44",
            "revenue": 1298726
        },
        "2023-05": {
            "month": "2023-05",
            "price": "32.46",
            "revenue": 1218853
        },
        "2023-06": {
            "month": "2023-06",
            "price": "33.06",
            "revenue": 1068839
        },
        "2023-07": {
            "month": "2023-07",
            "price": "32.65",
            "revenue": 1101869
        },
        "2023-08": {
            "month": "2023-08",
            "price": "32.79",
            "revenue": 1289082
        },
        "2023-09": {
            "month": "2023-09",
            "price": "33.74",
            "revenue": 1375187
        },
        "2023-10": {
            "month": "2023-10",
            "price": "34.78",
            "revenue": 1319972
        },
        "2023-11": {
            "month": "2023-11",
            "price": "41.19",
            "revenue": 1301370
        },
        "2023-12": {
            "month": "2023-12",
            "price": "43.77",
            "revenue": 1503217
        }
    }
}
