{
    "summary": {
        "stock_name": "宏普",
        "stock_id": "2536",
        "category": "建材營造",
        "main_business": "營建",
        "website_url": "http://www.hong-pu.com.tw",
        "ceo": "游武龍",
        "pe_ratio": -25,
        "report_year_from": 2001,
        "report_year_to": 2023,
        "age": 23,
        "eps_negative_percentage": 22,
        "eps_growth_avg": {
            "last_all": 3.52,
            "last_2y": -100,
            "last_4y": -20.96,
            "last_8y": -18.91,
            "last_12y": -10.59,
            "last_16y": -6.41,
            "last_20y": 3.52,
            "at_2006_last_3y": 53.2,
            "at_2007_last_3y": 47.6,
            "at_2008_last_3y": 29.59,
            "at_2009_last_3y": 17.61,
            "at_2010_last_3y": 5.08,
            "at_2011_last_3y": -9.47,
            "at_2012_last_3y": -7.22,
            "at_2013_last_3y": -11.76,
            "at_2014_last_3y": 3.96,
            "at_2015_last_3y": 17.68,
            "at_2016_last_3y": 1.64,
            "at_2017_last_3y": -0.22,
            "at_2018_last_3y": -17.36,
            "at_2019_last_3y": -15.09,
            "at_2020_last_3y": -8.15,
            "at_2021_last_3y": -26.53,
            "at_2022_last_3y": -20.96,
            "at_2023_last_3y": -49.73,
            "at_2024_last_3y": -49.73,
            "at_2006_last_all": 53.2,
            "at_2007_last_all": 47.6,
            "at_2008_last_all": 43.67,
            "at_2009_last_all": 36.24,
            "at_2010_last_all": 25.7,
            "at_2011_last_all": 19.06,
            "at_2012_last_all": 21.05,
            "at_2013_last_all": 17.04,
            "at_2014_last_all": 17.8,
            "at_2015_last_all": 18.6,
            "at_2016_last_all": 15.08,
            "at_2017_last_all": 12.11,
            "at_2018_last_all": 8.42,
            "at_2019_last_all": 10.18,
            "at_2020_last_all": 9.61,
            "at_2021_last_all": 3.52,
            "at_2022_last_all": 3.52,
            "at_2023_last_all": 3.52,
            "at_2024_last_all": 3.52
        },
        "latest_eps": -1.17,
        "latest_price": 29.25,
        "latest_roe": -3.31,
        "latest_gross_margin": 56.69,
        "latest_equity": 11790381,
        "latest_revenue": 45455,
        "latest_gross_profit": 25768,
        "latest_net_income": -114189,
        "latest_debt_ratio": 71.76,
        "latest_current_ratio": 148.65,
        "latest_account_receivable_turnover_ratio": 0.59,
        "latest_inventory_turnover_ratio": 0,
        "latest_reinvestment_rate": -1.75,
        "latest_research_to_sale_ratio": null
    },
    "eps_dividends": {
        "1993": {
            "cash": 0.4,
            "stock": 0,
            "eps": 0
        },
        "1994": {
            "cash": 0,
            "stock": 2,
            "eps": 0
        },
        "1995": {
            "cash": 0,
            "stock": 1.5,
            "eps": 0
        },
        "1996": {
            "cash": 0,
            "stock": 1.5,
            "eps": 0
        },
        "1997": {
            "cash": 0,
            "stock": 2,
            "eps": 0
        },
        "1998": {
            "cash": 0,
            "stock": 2.5,
            "eps": 0
        },
        "1999": {
            "cash": 1,
            "stock": 0.3,
            "eps": 0
        },
        "2001": {
            "cash": 0.5,
            "stock": 0,
            "eps": -2.09
        },
        "2002": {
            "cash": 0,
            "stock": 0,
            "eps": -0.18
        },
        "2003": {
            "cash": 0,
            "stock": 0,
            "eps": 0.24
        },
        "2004": {
            "cash": 0.15,
            "stock": 0,
            "eps": 2
        },
        "2005": {
            "cash": 1.4,
            "stock": 0,
            "eps": 2.94
        },
        "2006": {
            "cash": 1.7,
            "stock": 0,
            "eps": 3.31
        },
        "2007": {
            "cash": 2.1,
            "stock": 0.1,
            "eps": 4.33
        },
        "2008": {
            "cash": 2.7,
            "stock": 0.1,
            "eps": 5.54
        },
        "2009": {
            "cash": 2.5,
            "stock": 0,
            "eps": 5.49
        },
        "2010": {
            "cash": 3.3,
            "stock": 0,
            "eps": 3.43
        },
        "2011": {
            "cash": 2.5,
            "stock": 1,
            "eps": 2.49
        },
        "2012": {
            "cash": 0,
            "stock": 0,
            "eps": 3.41
        },
        "2013": {
            "cash": 1.7,
            "stock": 0,
            "eps": 2.76
        },
        "2014": {
            "cash": 1,
            "stock": 0,
            "eps": 3.46
        },
        "2015": {
            "cash": 2,
            "stock": 0,
            "eps": 4.41
        },
        "2016": {
            "cash": 2.6,
            "stock": 0,
            "eps": 3.21
        },
        "2017": {
            "cash": 2.1,
            "stock": 0,
            "eps": 2.36
        },
        "2018": {
            "cash": 1.5,
            "stock": 0,
            "eps": 1.34
        },
        "2019": {
            "cash": 1,
            "stock": 0,
            "eps": 1.83
        },
        "2020": {
            "cash": 1.2,
            "stock": 0,
            "eps": 1.84
        },
        "2021": {
            "cash": 1.2,
            "stock": 0,
            "eps": -0.1
        },
        "2022": {
            "cash": 0,
            "stock": 0,
            "eps": -0.16
        },
        "2023": {
            "cash": 0.5,
            "stock": 0,
            "eps": -0.91
        }
    },
    "dividends": {
        "1993-05-22": {
            "cash": 0.4,
            "stock": 0
        },
        "1994-06-29": {
            "cash": 0,
            "stock": 2
        },
        "1995-06-28": {
            "cash": 0,
            "stock": 1.5
        },
        "1996-06-13": {
            "cash": 0,
            "stock": 1.5
        },
        "1997-04-25": {
            "cash": 0,
            "stock": 2
        },
        "1998-04-28": {
            "cash": 0,
            "stock": 2.5
        },
        "1999-05-13": {
            "cash": 1,
            "stock": 0.3
        },
        "2001-05-15": {
            "cash": 0.5,
            "stock": 0
        },
        "2004-03-01": {
            "cash": 0.15,
            "stock": 0
        },
        "2005-03-02": {
            "cash": 1.4,
            "stock": 0
        },
        "2006-06-02": {
            "cash": 1.7,
            "stock": 0
        },
        "2007-04-25": {
            "cash": 2.1,
            "stock": 0.1
        },
        "2008-04-15": {
            "cash": 2.7,
            "stock": 0.1
        },
        "2009-03-20": {
            "cash": 2.5,
            "stock": 0
        },
        "2010-04-29": {
            "cash": 3.3,
            "stock": 0
        },
        "2011-01-01": {
            "cash": 1.5,
            "stock": 0
        },
        "2011-03-24": {
            "cash": 1,
            "stock": 1
        },
        "2013-04-25": {
            "cash": 1.7,
            "stock": 0
        },
        "2014-09-03": {
            "cash": 1,
            "stock": 0
        },
        "2015-08-25": {
            "cash": 2,
            "stock": 0
        },
        "2016-09-09": {
            "cash": 2.6,
            "stock": 0
        },
        "2017-09-08": {
            "cash": 2.1,
            "stock": 0
        },
        "2018-09-07": {
            "cash": 1.5,
            "stock": 0
        },
        "2019-08-21": {
            "cash": 1,
            "stock": 0
        },
        "2020-09-16": {
            "cash": 1.2,
            "stock": 0
        },
        "2021-09-16": {
            "cash": 1.2,
            "stock": 0
        },
        "2023-09-26": {
            "cash": 0.5,
            "stock": 0
        }
    },
    "prices": {
        "200101": "5.05",
        "200102": "6.09",
        "200103": "5.45",
        "200104": "4.77",
        "200105": "4.12",
        "200106": "3.44",
        "200107": "2.92",
        "200108": "3.41",
        "200109": "3.07",
        "200110": "2.54",
        "200111": "2.47",
        "200112": "2.82",
        "200201": "3.23",
        "200202": "3.16",
        "200203": "3.61",
        "200204": "5.81",
        "200205": "6.24",
        "200206": "7.32",
        "200207": "5.59",
        "200208": "4.76",
        "200209": "3.92",
        "200210": "3.76",
        "200211": "4.28",
        "200212": "4.46",
        "200301": "5.64",
        "200302": "7.26",
        "200303": "6.50",
        "200304": "6.52",
        "200305": "6.38",
        "200306": "7.21",
        "200307": "8.98",
        "200308": "10.94",
        "200309": "14.33",
        "200310": "17.60",
        "200311": "18.91",
        "200312": "18.24",
        "200401": "23.65",
        "200402": "26.68",
        "200403": "26.85",
        "200404": "24.09",
        "200405": "20.19",
        "200406": "22.86",
        "200407": "24.15",
        "200408": "20.45",
        "200409": "23.70",
        "200410": "23.04",
        "200411": "20.73",
        "200412": "23.74",
        "200501": "24.80",
        "200502": "23.13",
        "200503": "24.48",
        "200504": "21.63",
        "200505": "21.60",
        "200506": "25.22",
        "200507": "24.90",
        "200508": "23.38",
        "200509": "21.39",
        "200510": "17.55",
        "200511": "18.62",
        "200512": "21.15",
        "200601": "22.52",
        "200602": "22.45",
        "200603": "24.94",
        "200604": "26.98",
        "200605": "32.00",
        "200606": "29.14",
        "200607": "32.04",
        "200608": "32.19",
        "200609": "34.36",
        "200610": "37.36",
        "200611": "38.71",
        "200612": "39.29",
        "200701": "33.49",
        "200702": "32.62",
        "200703": "32.33",
        "200704": "33.80",
        "200705": "35.81",
        "200706": "39.32",
        "200707": "42.92",
        "200708": "36.46",
        "200709": "33.29",
        "200710": "32.45",
        "200711": "29.03",
        "200712": "25.21",
        "200801": "34.12",
        "200802": "43.86",
        "200803": "49.14",
        "200804": "58.04",
        "200805": "55.32",
        "200806": "50.28",
        "200807": "39.75",
        "200808": "34.80",
        "200809": "27.72",
        "200810": "16.43",
        "200811": "18.82",
        "200812": "21.33",
        "200901": "23.22",
        "200902": "20.77",
        "200903": "22.66",
        "200904": "29.96",
        "200905": "41.34",
        "200906": "42.03",
        "200907": "42.50",
        "200908": "40.24",
        "200909": "47.35",
        "200910": "51.80",
        "200911": "48.75",
        "200912": "50.57",
        "201001": "49.64",
        "201002": "42.25",
        "201003": "42.40",
        "201004": "44.11",
        "201005": "40.76",
        "201006": "40.34",
        "201007": "38.73",
        "201008": "40.56",
        "201009": "44.27",
        "201010": "46.24",
        "201011": "44.45",
        "201012": "42.90",
        "201101": "46.77",
        "201102": "46.68",
        "201103": "37.10",
        "201104": "36.28",
        "201105": "34.88",
        "201106": "34.08",
        "201107": "40.45",
        "201108": "34.67",
        "201109": "26.42",
        "201110": "24.12",
        "201111": "23.62",
        "201112": "20.59",
        "201201": "21.35",
        "201202": "25.72",
        "201203": "29.67",
        "201204": "28.06",
        "201205": "24.59",
        "201206": "23.52",
        "201207": "24.35",
        "201208": "26.96",
        "201209": "30.26",
        "201210": "27.72",
        "201211": "28.02",
        "201212": "29.17",
        "201301": "30.12",
        "201302": "30.34",
        "201303": "30.93",
        "201304": "32.58",
        "201305": "31.86",
        "201306": "30.17",
        "201307": "30.19",
        "201308": "29.87",
        "201309": "29.90",
        "201310": "30.45",
        "201311": "30.75",
        "201312": "30.65",
        "201401": "29.53",
        "201402": "29.11",
        "201403": "28.28",
        "201404": "28.29",
        "201405": "26.73",
        "201406": "25.26",
        "201407": "24.18",
        "201408": "24.10",
        "201409": "24.15",
        "201410": "23.36",
        "201411": "23.80",
        "201412": "25.17",
        "201501": "24.08",
        "201502": "24.24",
        "201503": "26.49",
        "201504": "26.87",
        "201505": "26.69",
        "201506": "24.97",
        "201507": "23.11",
        "201508": "20.05",
        "201509": "21.38",
        "201510": "21.95",
        "201511": "22.16",
        "201512": "21.41",
        "201601": "20.51",
        "201602": "21.63",
        "201603": "24.16",
        "201604": "26.11",
        "201605": "25.50",
        "201606": "26.86",
        "201607": "27.07",
        "201608": "27.56",
        "201609": "26.86",
        "201610": "25.95",
        "201611": "25.70",
        "201612": "26.33",
        "201701": "25.74",
        "201702": "25.60",
        "201703": "25.03",
        "201704": "24.41",
        "201705": "23.88",
        "201706": "23.65",
        "201707": "23.37",
        "201708": "22.56",
        "201709": "21.05",
        "201710": "20.46",
        "201711": "20.27",
        "201712": "21.30",
        "201801": "22.55",
        "201802": "21.55",
        "201803": "21.48",
        "201804": "22.56",
        "201805": "22.30",
        "201806": "22.10",
        "201807": "21.62",
        "201808": "21.41",
        "201809": "20.75",
        "201810": "20.49",
        "201811": "19.79",
        "201812": "19.66",
        "201901": "19.66",
        "201902": "19.90",
        "201903": "20.01",
        "201904": "19.58",
        "201905": "19.64",
        "201906": "21.57",
        "201907": "21.45",
        "201908": "20.05",
        "201909": "20.74",
        "201910": "21.63",
        "201911": "21.82",
        "201912": "23.70",
        "202001": "23.46",
        "202002": "22.87",
        "202003": "21.30",
        "202004": "20.91",
        "202005": "23.00",
        "202006": "23.77",
        "202007": "24.07",
        "202008": "24.14",
        "202009": "23.91",
        "202010": "24.14",
        "202011": "23.78",
        "202012": "22.98",
        "202101": "22.17",
        "202102": "22.13",
        "202103": "22.54",
        "202104": "22.98",
        "202105": "21.83",
        "202106": "21.79",
        "202107": "21.87",
        "202108": "21.64",
        "202109": "21.06",
        "202110": "21.27",
        "202111": "22.18",
        "202112": "22.99",
        "202201": "22.61",
        "202202": "22.62",
        "202203": "22.30",
        "202204": "21.26",
        "202205": "21.01",
        "202206": "21.36",
        "202207": "21.01",
        "202208": "22.03",
        "202209": "23.14",
        "202210": "22.31",
        "202211": "22.55",
        "202212": "22.46",
        "202301": "22.48",
        "202302": "22.34",
        "202303": "23.66",
        "202304": "24.31",
        "202305": "25.34",
        "202306": "26.27",
        "202307": "26.24",
        "202308": "25.53",
        "202309": "26.24",
        "202310": "27.70",
        "202311": "28.45",
        "202312": "29.27"
    },
    "quarters": {
        "20011": {
            "year_quarter": 20011,
            "year": 2001,
            "quarter": 1,
            "eps": 0.01,
            "eps_growth_year": -96.55,
            "eps_4q": 0.49,
            "eps_4q_growth_year": -67.07,
            "roe": 0.03,
            "roe_4q": 0.03,
            "gross_profit": 27575,
            "gross_margin": 12.04,
            "gross_margin_4q_avg": 12.04,
            "net_income": 1879,
            "net_income_4q": null,
            "revenue": 229102,
            "revenue_4q": null,
            "common_shares": 3179559,
            "book_valuer_per_share": 19.82,
            "book_valuer_per_share_4q_avg": 19.82,
            "equity": 6302703,
            "current_ratio": 890.67,
            "debt_ratio": 24.37,
            "inventory_turnover_ratio": 0.03,
            "account_receivable_turnover_ratio": null,
            "reinvestment_rate": null,
            "research_to_sale_ratio": null,
            "price_fair": 0,
            "eps_avg_yearly": 0,
            "eps_latest_yearly": 0,
            "eps_growth_yearly": 0
        },
        "20012": {
            "year_quarter": 20012,
            "year": 2001,
            "quarter": 2,
            "eps": -0.54,
            "eps_growth_year": -384.21,
            "eps_4q": -0.43,
            "eps_4q_growth_year": -137.23,
            "roe": -2.81,
            "roe_4q": -2.7800000000000002,
            "gross_profit": 20900,
            "gross_margin": 5.47,
            "gross_margin_4q_avg": 8.76,
            "net_income": -172327,
            "net_income_4q": null,
            "revenue": 382332,
            "revenue_4q": null,
            "common_shares": 3179559,
            "book_valuer_per_share": 18.77,
            "book_valuer_per_share_4q_avg": 19.3,
            "equity": 5968846,
            "current_ratio": 504.24,
            "debt_ratio": 29.48,
            "inventory_turnover_ratio": 0.05,
            "account_receivable_turnover_ratio": null,
            "reinvestment_rate": null,
            "research_to_sale_ratio": null,
            "price_fair": 0,
            "eps_avg_yearly": 0,
            "eps_latest_yearly": 0,
            "eps_growth_yearly": 0
        },
        "20013": {
            "year_quarter": 20013,
            "year": 2001,
            "quarter": 3,
            "eps": -0.11,
            "eps_growth_year": -144,
            "eps_4q": -0.79,
            "eps_4q_growth_year": -219.35,
            "roe": -0.61,
            "roe_4q": -3.39,
            "gross_profit": -16147,
            "gross_margin": -6.35,
            "gross_margin_4q_avg": 3.72,
            "net_income": -36088,
            "net_income_4q": null,
            "revenue": 254175,
            "revenue_4q": null,
            "common_shares": 3179559,
            "book_valuer_per_share": 18.66,
            "book_valuer_per_share_4q_avg": 19.08,
            "equity": 5932758,
            "current_ratio": 386.24,
            "debt_ratio": 22.81,
            "inventory_turnover_ratio": 0.04,
            "account_receivable_turnover_ratio": null,
            "reinvestment_rate": null,
            "research_to_sale_ratio": null,
            "price_fair": 0,
            "eps_avg_yearly": 0,
            "eps_latest_yearly": 0,
            "eps_growth_yearly": 0
        },
        "20014": {
            "year_quarter": 20014,
            "year": 2001,
            "quarter": 4,
            "eps": -1.45,
            "eps_growth_year": null,
            "eps_4q": -2.09,
            "eps_4q_growth_year": -473.13,
            "roe": -8.14,
            "roe_4q": -11.530000000000001,
            "gross_profit": -27802,
            "gross_margin": -8.67,
            "gross_margin_4q_avg": 0.62,
            "net_income": -460239,
            "net_income_4q": null,
            "revenue": 320634,
            "revenue_4q": null,
            "common_shares": 3179559,
            "book_valuer_per_share": 16.92,
            "book_valuer_per_share_4q_avg": 18.54,
            "equity": 5380894,
            "current_ratio": 492.75,
            "debt_ratio": 18.12,
            "inventory_turnover_ratio": 0.06,
            "account_receivable_turnover_ratio": null,
            "reinvestment_rate": null,
            "research_to_sale_ratio": null,
            "price_fair": 0,
            "eps_avg_yearly": 0,
            "eps_latest_yearly": 0,
            "eps_growth_yearly": 0
        },
        "20021": {
            "year_quarter": 20021,
            "year": 2002,
            "quarter": 1,
            "eps": -0.04,
            "eps_growth_year": -500,
            "eps_4q": -2.3,
            "eps_4q_growth_year": -568.15,
            "roe": -0.22,
            "roe_4q": -11.780000000000001,
            "gross_profit": -68323,
            "gross_margin": -25.07,
            "gross_margin_4q_avg": -8.66,
            "net_income": -11836,
            "net_income_4q": null,
            "revenue": 272527,
            "revenue_4q": null,
            "common_shares": 3179559,
            "book_valuer_per_share": 16.89,
            "book_valuer_per_share_4q_avg": 17.81,
            "equity": 5369015,
            "current_ratio": 491.82,
            "debt_ratio": 17.43,
            "inventory_turnover_ratio": 0.07,
            "account_receivable_turnover_ratio": null,
            "reinvestment_rate": null,
            "research_to_sale_ratio": null,
            "price_fair": 0,
            "eps_avg_yearly": 0,
            "eps_latest_yearly": 0,
            "eps_growth_yearly": 0
        },
        "20022": {
            "year_quarter": 20022,
            "year": 2002,
            "quarter": 2,
            "eps": -0.13,
            "eps_growth_year": null,
            "eps_4q": -1.71,
            "eps_4q_growth_year": null,
            "roe": -0.68,
            "roe_4q": -9.65,
            "gross_profit": -28636,
            "gross_margin": -10.21,
            "gross_margin_4q_avg": -12.58,
            "net_income": -36391,
            "net_income_4q": null,
            "revenue": 280502,
            "revenue_4q": null,
            "common_shares": 3179559,
            "book_valuer_per_share": 16.77,
            "book_valuer_per_share_4q_avg": 17.31,
            "equity": 5332624,
            "current_ratio": 538.62,
            "debt_ratio": 15.86,
            "inventory_turnover_ratio": 0.06,
            "account_receivable_turnover_ratio": null,
            "reinvestment_rate": null,
            "research_to_sale_ratio": null,
            "price_fair": 0,
            "eps_avg_yearly": 0,
            "eps_latest_yearly": 0,
            "eps_growth_yearly": 0
        },
        "20023": {
            "year_quarter": 20023,
            "year": 2002,
            "quarter": 3,
            "eps": 0.06,
            "eps_growth_year": null,
            "eps_4q": -1.82,
            "eps_4q_growth_year": null,
            "roe": 0.3,
            "roe_4q": -8.74,
            "gross_profit": 82171,
            "gross_margin": 8.25,
            "gross_margin_4q_avg": -8.93,
            "net_income": 16243,
            "net_income_4q": null,
            "revenue": 995441,
            "revenue_4q": null,
            "common_shares": 3179559,
            "book_valuer_per_share": 16.79,
            "book_valuer_per_share_4q_avg": 16.84,
            "equity": 5337829,
            "current_ratio": 1407.28,
            "debt_ratio": 6.09,
            "inventory_turnover_ratio": 0.19,
            "account_receivable_turnover_ratio": null,
            "reinvestment_rate": null,
            "research_to_sale_ratio": null,
            "price_fair": 0,
            "eps_avg_yearly": 0,
            "eps_latest_yearly": 0,
            "eps_growth_yearly": 0
        },
        "20024": {
            "year_quarter": 20024,
            "year": 2002,
            "quarter": 4,
            "eps": -0.07,
            "eps_growth_year": null,
            "eps_4q": -0.18,
            "eps_4q_growth_year": null,
            "roe": -0.38,
            "roe_4q": -0.98,
            "gross_profit": 11193,
            "gross_margin": 2.76,
            "gross_margin_4q_avg": -6.07,
            "net_income": -20163,
            "net_income_4q": null,
            "revenue": 405835,
            "revenue_4q": null,
            "common_shares": 3179559,
            "book_valuer_per_share": 16.71,
            "book_valuer_per_share_4q_avg": 16.79,
            "equity": 5312169,
            "current_ratio": 1823.45,
            "debt_ratio": 4.87,
            "inventory_turnover_ratio": 0.09,
            "account_receivable_turnover_ratio": null,
            "reinvestment_rate": null,
            "research_to_sale_ratio": null,
            "price_fair": 0,
            "eps_avg_yearly": 0,
            "eps_latest_yearly": 0,
            "eps_growth_yearly": 0
        },
        "20031": {
            "year_quarter": 20031,
            "year": 2003,
            "quarter": 1,
            "eps": 0.06,
            "eps_growth_year": null,
            "eps_4q": -0.09,
            "eps_4q_growth_year": null,
            "roe": 0.3,
            "roe_4q": -0.4600000000000001,
            "gross_profit": -14178,
            "gross_margin": -10.32,
            "gross_margin_4q_avg": -2.38,
            "net_income": 16044,
            "net_income_4q": null,
            "revenue": 137439,
            "revenue_4q": null,
            "common_shares": 3136619,
            "book_valuer_per_share": 16.99,
            "book_valuer_per_share_4q_avg": 16.82,
            "equity": 5328161,
            "current_ratio": 2471.66,
            "debt_ratio": 3.49,
            "inventory_turnover_ratio": 0.04,
            "account_receivable_turnover_ratio": null,
            "reinvestment_rate": null,
            "research_to_sale_ratio": null,
            "price_fair": 0,
            "eps_avg_yearly": 0,
            "eps_latest_yearly": 0,
            "eps_growth_yearly": 0
        },
        "20032": {
            "year_quarter": 20032,
            "year": 2003,
            "quarter": 2,
            "eps": 0,
            "eps_growth_year": null,
            "eps_4q": 0.04,
            "eps_4q_growth_year": null,
            "roe": 0.01,
            "roe_4q": 0.22999999999999998,
            "gross_profit": -33596,
            "gross_margin": -29.41,
            "gross_margin_4q_avg": -7.18,
            "net_income": 646,
            "net_income_4q": null,
            "revenue": 114242,
            "revenue_4q": null,
            "common_shares": 3136619,
            "book_valuer_per_share": 16.99,
            "book_valuer_per_share_4q_avg": 16.87,
            "equity": 5328807,
            "current_ratio": 720.17,
            "debt_ratio": 11.77,
            "inventory_turnover_ratio": 0.04,
            "account_receivable_turnover_ratio": null,
            "reinvestment_rate": null,
            "research_to_sale_ratio": null,
            "price_fair": 0,
            "eps_avg_yearly": 0,
            "eps_latest_yearly": 0,
            "eps_growth_yearly": 0
        },
        "20033": {
            "year_quarter": 20033,
            "year": 2003,
            "quarter": 3,
            "eps": 0.17,
            "eps_growth_year": 183.33,
            "eps_4q": 0.16,
            "eps_4q_growth_year": null,
            "roe": 0.89,
            "roe_4q": 0.82,
            "gross_profit": -66444,
            "gross_margin": -27.33,
            "gross_margin_4q_avg": -16.08,
            "net_income": 47500,
            "net_income_4q": null,
            "revenue": 243111,
            "revenue_4q": null,
            "common_shares": 3136619,
            "book_valuer_per_share": 17.14,
            "book_valuer_per_share_4q_avg": 16.96,
            "equity": 5376307,
            "current_ratio": 922.93,
            "debt_ratio": 9.2,
            "inventory_turnover_ratio": 0.07,
            "account_receivable_turnover_ratio": null,
            "reinvestment_rate": null,
            "research_to_sale_ratio": null,
            "price_fair": 0,
            "eps_avg_yearly": 0,
            "eps_latest_yearly": 0,
            "eps_growth_yearly": 0
        },
        "20034": {
            "year_quarter": 20034,
            "year": 2003,
            "quarter": 4,
            "eps": 0.01,
            "eps_growth_year": null,
            "eps_4q": 0.23,
            "eps_4q_growth_year": null,
            "roe": 0.03,
            "roe_4q": 1.23,
            "gross_profit": -37242,
            "gross_margin": -28.22,
            "gross_margin_4q_avg": -23.82,
            "net_income": 1556,
            "net_income_4q": null,
            "revenue": 131971,
            "revenue_4q": null,
            "common_shares": 3136619,
            "book_valuer_per_share": 17.15,
            "book_valuer_per_share_4q_avg": 17.07,
            "equity": 5377863,
            "current_ratio": 567.05,
            "debt_ratio": 15.87,
            "inventory_turnover_ratio": 0.04,
            "account_receivable_turnover_ratio": null,
            "reinvestment_rate": null,
            "research_to_sale_ratio": null,
            "price_fair": 0.12,
            "eps_avg_yearly": 0.04,
            "eps_latest_yearly": 0.04,
            "eps_growth_yearly": -376.47
        },
        "20041": {
            "year_quarter": 20041,
            "year": 2004,
            "quarter": 1,
            "eps": -0.02,
            "eps_growth_year": -133.33,
            "eps_4q": 0.16,
            "eps_4q_growth_year": null,
            "roe": -0.1,
            "roe_4q": 0.8300000000000001,
            "gross_profit": -9812,
            "gross_margin": -39.94,
            "gross_margin_4q_avg": -31.23,
            "net_income": -5546,
            "net_income_4q": null,
            "revenue": 24568,
            "revenue_4q": null,
            "common_shares": 3136619,
            "book_valuer_per_share": 17.13,
            "book_valuer_per_share_4q_avg": 17.1,
            "equity": 5372317,
            "current_ratio": 270.21,
            "debt_ratio": 33.67,
            "inventory_turnover_ratio": 0.01,
            "account_receivable_turnover_ratio": null,
            "reinvestment_rate": null,
            "research_to_sale_ratio": null,
            "price_fair": 0.12,
            "eps_avg_yearly": 0.04,
            "eps_latest_yearly": 0.04,
            "eps_growth_yearly": -376.47
        },
        "20042": {
            "year_quarter": 20042,
            "year": 2004,
            "quarter": 2,
            "eps": 0.69,
            "eps_growth_year": null,
            "eps_4q": 0.84,
            "eps_4q_growth_year": 1974.88,
            "roe": 3.56,
            "roe_4q": 4.38,
            "gross_profit": 270798,
            "gross_margin": 21.67,
            "gross_margin_4q_avg": -18.46,
            "net_income": 194008,
            "net_income_4q": null,
            "revenue": 1249872,
            "revenue_4q": null,
            "common_shares": 3136619,
            "book_valuer_per_share": 17.59,
            "book_valuer_per_share_4q_avg": 17.25,
            "equity": 5517776,
            "current_ratio": 259.84,
            "debt_ratio": 35.33,
            "inventory_turnover_ratio": 0.14,
            "account_receivable_turnover_ratio": null,
            "reinvestment_rate": null,
            "research_to_sale_ratio": null,
            "price_fair": 0.12,
            "eps_avg_yearly": 0.04,
            "eps_latest_yearly": 0.04,
            "eps_growth_yearly": -376.47
        },
        "20043": {
            "year_quarter": 20043,
            "year": 2004,
            "quarter": 3,
            "eps": 0.43,
            "eps_growth_year": 152.94,
            "eps_4q": 1.11,
            "eps_4q_growth_year": 601.64,
            "roe": 2.17,
            "roe_4q": 5.660000000000001,
            "gross_profit": 157690,
            "gross_margin": 32.65,
            "gross_margin_4q_avg": -3.46,
            "net_income": 120946,
            "net_income_4q": null,
            "revenue": 482959,
            "revenue_4q": null,
            "common_shares": 2827406,
            "book_valuer_per_share": 19.93,
            "book_valuer_per_share_4q_avg": 17.95,
            "equity": 5635004,
            "current_ratio": 264.02,
            "debt_ratio": 35.27,
            "inventory_turnover_ratio": 0.04,
            "account_receivable_turnover_ratio": null,
            "reinvestment_rate": null,
            "research_to_sale_ratio": null,
            "price_fair": 2.64,
            "eps_avg_yearly": 0.88,
            "eps_latest_yearly": 1.72,
            "eps_growth_yearly": -263.6
        },
        "20044": {
            "year_quarter": 20044,
            "year": 2004,
            "quarter": 4,
            "eps": 0.9,
            "eps_growth_year": 8900,
            "eps_4q": 1.99,
            "eps_4q_growth_year": 766.88,
            "roe": 4.42,
            "roe_4q": 10.05,
            "gross_profit": 452612,
            "gross_margin": 32.51,
            "gross_margin_4q_avg": 11.72,
            "net_income": 254582,
            "net_income_4q": null,
            "revenue": 1392301,
            "revenue_4q": null,
            "common_shares": 2827406,
            "book_valuer_per_share": 20.84,
            "book_valuer_per_share_4q_avg": 18.87,
            "equity": 5893297,
            "current_ratio": 261.21,
            "debt_ratio": 36.83,
            "inventory_turnover_ratio": 0.12,
            "account_receivable_turnover_ratio": null,
            "reinvestment_rate": null,
            "research_to_sale_ratio": null,
            "price_fair": 5.36,
            "eps_avg_yearly": 1.79,
            "eps_latest_yearly": 3.6,
            "eps_growth_yearly": -30
        },
        "20051": {
            "year_quarter": 20051,
            "year": 2005,
            "quarter": 1,
            "eps": 0.67,
            "eps_growth_year": null,
            "eps_4q": 2.69,
            "eps_4q_growth_year": 1592.2,
            "roe": 3.15,
            "roe_4q": 13.3,
            "gross_profit": 234918,
            "gross_margin": 36.45,
            "gross_margin_4q_avg": 30.82,
            "net_income": 188478,
            "net_income_4q": null,
            "revenue": 644417,
            "revenue_4q": null,
            "common_shares": 2827406,
            "book_valuer_per_share": 21.51,
            "book_valuer_per_share_4q_avg": 19.97,
            "equity": 6081775,
            "current_ratio": 254.52,
            "debt_ratio": 38,
            "inventory_turnover_ratio": 0.05,
            "account_receivable_turnover_ratio": null,
            "reinvestment_rate": -123.11,
            "research_to_sale_ratio": null,
            "price_fair": 6.03,
            "eps_avg_yearly": 2.01,
            "eps_latest_yearly": 2.68,
            "eps_growth_yearly": -48.05
        },
        "20052": {
            "year_quarter": 20052,
            "year": 2005,
            "quarter": 2,
            "eps": 0.76,
            "eps_growth_year": 10.14,
            "eps_4q": 2.75,
            "eps_4q_growth_year": 225.17,
            "roe": 3.6,
            "roe_4q": 13.34,
            "gross_profit": 252272,
            "gross_margin": 35.43,
            "gross_margin_4q_avg": 34.26,
            "net_income": 215743,
            "net_income_4q": null,
            "revenue": 711995,
            "revenue_4q": null,
            "common_shares": 2827406,
            "book_valuer_per_share": 20.83,
            "book_valuer_per_share_4q_avg": 20.78,
            "equity": 5888181,
            "current_ratio": 231.41,
            "debt_ratio": 41.82,
            "inventory_turnover_ratio": 0.05,
            "account_receivable_turnover_ratio": null,
            "reinvestment_rate": -23.04,
            "research_to_sale_ratio": null,
            "price_fair": 6.65,
            "eps_avg_yearly": 2.22,
            "eps_latest_yearly": 3.04,
            "eps_growth_yearly": -27.7
        },
        "20053": {
            "year_quarter": 20053,
            "year": 2005,
            "quarter": 3,
            "eps": 1.22,
            "eps_growth_year": 183.72,
            "eps_4q": 3.55,
            "eps_4q_growth_year": 221.17,
            "roe": 5.69,
            "roe_4q": 16.86,
            "gross_profit": 398584,
            "gross_margin": 34.04,
            "gross_margin_4q_avg": 34.61,
            "net_income": 344832,
            "net_income_4q": null,
            "revenue": 1171009,
            "revenue_4q": null,
            "common_shares": 2827406,
            "book_valuer_per_share": 22.04,
            "book_valuer_per_share_4q_avg": 21.31,
            "equity": 6233013,
            "current_ratio": 231.06,
            "debt_ratio": 41.71,
            "inventory_turnover_ratio": 0.09,
            "account_receivable_turnover_ratio": null,
            "reinvestment_rate": -13.46,
            "research_to_sale_ratio": null,
            "price_fair": 72.54,
            "eps_avg_yearly": 2.66,
            "eps_latest_yearly": 4.88,
            "eps_growth_yearly": 17.27
        },
        "20054": {
            "year_quarter": 20054,
            "year": 2005,
            "quarter": 4,
            "eps": 0.29,
            "eps_growth_year": -67.78,
            "eps_4q": 2.93,
            "eps_4q_growth_year": 47.2,
            "roe": 1.31,
            "roe_4q": 13.75,
            "gross_profit": 250440,
            "gross_margin": 21.81,
            "gross_margin_4q_avg": 31.93,
            "net_income": 82132,
            "net_income_4q": null,
            "revenue": 1148282,
            "revenue_4q": null,
            "common_shares": 2827406,
            "book_valuer_per_share": 22.34,
            "book_valuer_per_share_4q_avg": 21.68,
            "equity": 6315145,
            "current_ratio": 241.88,
            "debt_ratio": 40.13,
            "inventory_turnover_ratio": 0.1,
            "account_receivable_turnover_ratio": null,
            "reinvestment_rate": -10.05,
            "research_to_sale_ratio": null,
            "price_fair": 7.34,
            "eps_avg_yearly": 2.45,
            "eps_latest_yearly": 1.16,
            "eps_growth_yearly": -28.76
        },
        "20061": {
            "year_quarter": 20061,
            "year": 2006,
            "quarter": 1,
            "eps": 0.25,
            "eps_growth_year": -62.69,
            "eps_4q": 2.56,
            "eps_4q_growth_year": -5.02,
            "roe": 1.1,
            "roe_4q": 11.700000000000001,
            "gross_profit": 134186,
            "gross_margin": 28.18,
            "gross_margin_4q_avg": 29.87,
            "net_income": 69576,
            "net_income_4q": null,
            "revenue": 476119,
            "revenue_4q": null,
            "common_shares": 2827406,
            "book_valuer_per_share": 22.6,
            "book_valuer_per_share_4q_avg": 21.95,
            "equity": 6391294,
            "current_ratio": 232.56,
            "debt_ratio": 41.78,
            "inventory_turnover_ratio": 0.04,
            "account_receivable_turnover_ratio": null,
            "reinvestment_rate": -9.57,
            "research_to_sale_ratio": null,
            "price_fair": 6.8,
            "eps_avg_yearly": 2.27,
            "eps_latest_yearly": 1,
            "eps_growth_yearly": -32.06
        },
        "20062": {
            "year_quarter": 20062,
            "year": 2006,
            "quarter": 2,
            "eps": 0.81,
            "eps_growth_year": 6.58,
            "eps_4q": 2.56,
            "eps_4q_growth_year": -6.7,
            "roe": 3.67,
            "roe_4q": 11.77,
            "gross_profit": 305140,
            "gross_margin": 31.6,
            "gross_margin_4q_avg": 28.91,
            "net_income": 229464,
            "net_income_4q": null,
            "revenue": 965495,
            "revenue_4q": null,
            "common_shares": 2827406,
            "book_valuer_per_share": 21.62,
            "book_valuer_per_share_4q_avg": 22.15,
            "equity": 6112556,
            "current_ratio": 196.42,
            "debt_ratio": 49.43,
            "inventory_turnover_ratio": 0.06,
            "account_receivable_turnover_ratio": null,
            "reinvestment_rate": -8.1,
            "research_to_sale_ratio": null,
            "price_fair": 83.07,
            "eps_avg_yearly": 2.37,
            "eps_latest_yearly": 3.24,
            "eps_growth_yearly": 71.06
        },
        "20063": {
            "year_quarter": 20063,
            "year": 2006,
            "quarter": 3,
            "eps": 0.77,
            "eps_growth_year": -36.89,
            "eps_4q": 2.12,
            "eps_4q_growth_year": -40.22,
            "roe": 3.49,
            "roe_4q": 9.57,
            "gross_profit": 265679,
            "gross_margin": 29.45,
            "gross_margin_4q_avg": 27.76,
            "net_income": 216978,
            "net_income_4q": null,
            "revenue": 902047,
            "revenue_4q": null,
            "common_shares": 2827406,
            "book_valuer_per_share": 22.39,
            "book_valuer_per_share_4q_avg": 22.24,
            "equity": 6329693,
            "current_ratio": 184.38,
            "debt_ratio": 52.84,
            "inventory_turnover_ratio": 0.06,
            "account_receivable_turnover_ratio": null,
            "reinvestment_rate": -7.26,
            "research_to_sale_ratio": null,
            "price_fair": 85.54,
            "eps_avg_yearly": 2.44,
            "eps_latest_yearly": 3.08,
            "eps_growth_yearly": 61.98
        },
        "20064": {
            "year_quarter": 20064,
            "year": 2006,
            "quarter": 4,
            "eps": 1.48,
            "eps_growth_year": 410.34,
            "eps_4q": 3.3,
            "eps_4q_growth_year": 12.55,
            "roe": 6.4,
            "roe_4q": 14.66,
            "gross_profit": 561192,
            "gross_margin": 31.58,
            "gross_margin_4q_avg": 30.2,
            "net_income": 418879,
            "net_income_4q": null,
            "revenue": 1776851,
            "revenue_4q": null,
            "common_shares": 2827406,
            "book_valuer_per_share": 23.92,
            "book_valuer_per_share_4q_avg": 22.63,
            "equity": 6764526,
            "current_ratio": 183.35,
            "debt_ratio": 53.06,
            "inventory_turnover_ratio": 0.1,
            "account_receivable_turnover_ratio": null,
            "reinvestment_rate": -5.61,
            "research_to_sale_ratio": null,
            "price_fair": 96.6,
            "eps_avg_yearly": 2.76,
            "eps_latest_yearly": 5.92,
            "eps_growth_yearly": 89.87
        },
        "20071": {
            "year_quarter": 20071,
            "year": 2007,
            "quarter": 1,
            "eps": 1.57,
            "eps_growth_year": 528,
            "eps_4q": 4.62,
            "eps_4q_growth_year": 80.67,
            "roe": 6.37,
            "roe_4q": 19.93,
            "gross_profit": 566141,
            "gross_margin": 35.6,
            "gross_margin_4q_avg": 32.06,
            "net_income": 444825,
            "net_income_4q": null,
            "revenue": 1590506,
            "revenue_4q": null,
            "common_shares": 2827406,
            "book_valuer_per_share": 25.48,
            "book_valuer_per_share_4q_avg": 23.35,
            "equity": 7204565,
            "current_ratio": 195.27,
            "debt_ratio": 49.8,
            "inventory_turnover_ratio": 0.09,
            "account_receivable_turnover_ratio": null,
            "reinvestment_rate": -6.7,
            "research_to_sale_ratio": null,
            "price_fair": 106.87,
            "eps_avg_yearly": 3.05,
            "eps_latest_yearly": 6.28,
            "eps_growth_yearly": 84.41
        },
        "20072": {
            "year_quarter": 20072,
            "year": 2007,
            "quarter": 2,
            "eps": 0.44,
            "eps_growth_year": -45.68,
            "eps_4q": 4.24,
            "eps_4q_growth_year": 65.26,
            "roe": 1.8,
            "roe_4q": 18.060000000000002,
            "gross_profit": 257977,
            "gross_margin": 29.41,
            "gross_margin_4q_avg": 31.51,
            "net_income": 125290,
            "net_income_4q": null,
            "revenue": 877171,
            "revenue_4q": null,
            "common_shares": 2827406,
            "book_valuer_per_share": 23.84,
            "book_valuer_per_share_4q_avg": 23.91,
            "equity": 6740033,
            "current_ratio": 189.22,
            "debt_ratio": 51.52,
            "inventory_turnover_ratio": 0.05,
            "account_receivable_turnover_ratio": null,
            "reinvestment_rate": -6.41,
            "research_to_sale_ratio": null,
            "price_fair": 103.38,
            "eps_avg_yearly": 2.95,
            "eps_latest_yearly": 1.76,
            "eps_growth_yearly": 55.77
        },
        "20073": {
            "year_quarter": 20073,
            "year": 2007,
            "quarter": 3,
            "eps": 1,
            "eps_growth_year": 29.87,
            "eps_4q": 4.45,
            "eps_4q_growth_year": 109.86,
            "roe": 4.16,
            "roe_4q": 18.73,
            "gross_profit": 223745,
            "gross_margin": 26.13,
            "gross_margin_4q_avg": 30.68,
            "net_income": 286278,
            "net_income_4q": null,
            "revenue": 856206,
            "revenue_4q": null,
            "common_shares": 2862680,
            "book_valuer_per_share": 24.54,
            "book_valuer_per_share_4q_avg": 24.45,
            "equity": 7025194,
            "current_ratio": 184.09,
            "debt_ratio": 53.15,
            "inventory_turnover_ratio": 0.05,
            "account_receivable_turnover_ratio": null,
            "reinvestment_rate": -5.93,
            "research_to_sale_ratio": null,
            "price_fair": 106,
            "eps_avg_yearly": 3.03,
            "eps_latest_yearly": 4,
            "eps_growth_yearly": 88.15
        },
        "20074": {
            "year_quarter": 20074,
            "year": 2007,
            "quarter": 4,
            "eps": 1.32,
            "eps_growth_year": -10.81,
            "eps_4q": 4.31,
            "eps_4q_growth_year": 30.53,
            "roe": 5.24,
            "roe_4q": 17.57,
            "gross_profit": 548407,
            "gross_margin": 31.98,
            "gross_margin_4q_avg": 30.78,
            "net_income": 377846,
            "net_income_4q": null,
            "revenue": 1714823,
            "revenue_4q": null,
            "common_shares": 2862680,
            "book_valuer_per_share": 25.82,
            "book_valuer_per_share_4q_avg": 24.92,
            "equity": 7392032,
            "current_ratio": 191.2,
            "debt_ratio": 51.29,
            "inventory_turnover_ratio": 0.08,
            "account_receivable_turnover_ratio": null,
            "reinvestment_rate": -5.34,
            "research_to_sale_ratio": null,
            "price_fair": 119.1,
            "eps_avg_yearly": 3.4,
            "eps_latest_yearly": 5.28,
            "eps_growth_yearly": 124.19
        },
        "20081": {
            "year_quarter": 20081,
            "year": 2008,
            "quarter": 1,
            "eps": 1.41,
            "eps_growth_year": -10.19,
            "eps_4q": 4.16,
            "eps_4q_growth_year": -10.05,
            "roe": 5.33,
            "roe_4q": 16.53,
            "gross_profit": 503669,
            "gross_margin": 33.63,
            "gross_margin_4q_avg": 30.29,
            "net_income": 404845,
            "net_income_4q": null,
            "revenue": 1497776,
            "revenue_4q": null,
            "common_shares": 2862680,
            "book_valuer_per_share": 27.25,
            "book_valuer_per_share_4q_avg": 25.36,
            "equity": 7800387,
            "current_ratio": 191.62,
            "debt_ratio": 51.15,
            "inventory_turnover_ratio": 0.07,
            "account_receivable_turnover_ratio": null,
            "reinvestment_rate": -4.78,
            "research_to_sale_ratio": null,
            "price_fair": 124.32,
            "eps_avg_yearly": 3.55,
            "eps_latest_yearly": 5.64,
            "eps_growth_yearly": 117.73
        },
        "20082": {
            "year_quarter": 20082,
            "year": 2008,
            "quarter": 2,
            "eps": 3.7,
            "eps_growth_year": 740.91,
            "eps_4q": 7.44,
            "eps_4q_growth_year": 75.63,
            "roe": 13.33,
            "roe_4q": 28.06,
            "gross_profit": 1204515,
            "gross_margin": 39.42,
            "gross_margin_4q_avg": 32.79,
            "net_income": 1058065,
            "net_income_4q": null,
            "revenue": 3055431,
            "revenue_4q": null,
            "common_shares": 2862680,
            "book_valuer_per_share": 28.19,
            "book_valuer_per_share_4q_avg": 26.45,
            "equity": 8069497,
            "current_ratio": 186.14,
            "debt_ratio": 52.74,
            "inventory_turnover_ratio": 0.12,
            "account_receivable_turnover_ratio": null,
            "reinvestment_rate": -4.02,
            "research_to_sale_ratio": null,
            "price_fair": 148.93,
            "eps_avg_yearly": 4.26,
            "eps_latest_yearly": 14.8,
            "eps_growth_yearly": 150.97
        },
        "20083": {
            "year_quarter": 20083,
            "year": 2008,
            "quarter": 3,
            "eps": 0.97,
            "eps_growth_year": -3,
            "eps_4q": 7.29,
            "eps_4q_growth_year": 63.72,
            "roe": 3.44,
            "roe_4q": 27.340000000000003,
            "gross_profit": 402625,
            "gross_margin": 24.61,
            "gross_margin_4q_avg": 32.41,
            "net_income": 282378,
            "net_income_4q": null,
            "revenue": 1635768,
            "revenue_4q": null,
            "common_shares": 2899307,
            "book_valuer_per_share": 28.76,
            "book_valuer_per_share_4q_avg": 27.51,
            "equity": 8339112,
            "current_ratio": 200.05,
            "debt_ratio": 49.09,
            "inventory_turnover_ratio": 0.08,
            "account_receivable_turnover_ratio": null,
            "reinvestment_rate": -3.89,
            "research_to_sale_ratio": null,
            "price_fair": 153.65,
            "eps_avg_yearly": 4.39,
            "eps_latest_yearly": 3.88,
            "eps_growth_yearly": 141.94
        },
        "20084": {
            "year_quarter": 20084,
            "year": 2008,
            "quarter": 4,
            "eps": -0.54,
            "eps_growth_year": -140.91,
            "eps_4q": 5.48,
            "eps_4q_growth_year": 27.09,
            "roe": -1.91,
            "roe_4q": 20.189999999999998,
            "gross_profit": -56529,
            "gross_margin": -6.52,
            "gross_margin_4q_avg": 22.79,
            "net_income": -157639,
            "net_income_4q": null,
            "revenue": 867617,
            "revenue_4q": null,
            "common_shares": 2899307,
            "book_valuer_per_share": 28.22,
            "book_valuer_per_share_4q_avg": 28.11,
            "equity": 8183228,
            "current_ratio": 196.61,
            "debt_ratio": 50.05,
            "inventory_turnover_ratio": 0.06,
            "account_receivable_turnover_ratio": 32.9,
            "reinvestment_rate": -0.49,
            "research_to_sale_ratio": null,
            "price_fair": 155.49,
            "eps_avg_yearly": 4.44,
            "eps_latest_yearly": 3.88,
            "eps_growth_yearly": 122.26
        },
        "20091": {
            "year_quarter": 20091,
            "year": 2009,
            "quarter": 1,
            "eps": 1.64,
            "eps_growth_year": 16.31,
            "eps_4q": 5.73,
            "eps_4q_growth_year": 37.66,
            "roe": 5.64,
            "roe_4q": 20.5,
            "gross_profit": 551410,
            "gross_margin": 37.77,
            "gross_margin_4q_avg": 23.82,
            "net_income": 474785,
            "net_income_4q": null,
            "revenue": 1459879,
            "revenue_4q": null,
            "common_shares": 2899307,
            "book_valuer_per_share": 29.89,
            "book_valuer_per_share_4q_avg": 28.77,
            "equity": 8665351,
            "current_ratio": 193.35,
            "debt_ratio": 50.97,
            "inventory_turnover_ratio": 0.06,
            "account_receivable_turnover_ratio": 16.36,
            "reinvestment_rate": -0.17,
            "research_to_sale_ratio": null,
            "price_fair": 159.9,
            "eps_avg_yearly": 4.57,
            "eps_latest_yearly": 3.88,
            "eps_growth_yearly": 138.29
        },
        "20092": {
            "year_quarter": 20092,
            "year": 2009,
            "quarter": 2,
            "eps": 1.58,
            "eps_growth_year": -57.3,
            "eps_4q": 3.65,
            "eps_4q_growth_year": -50.97,
            "roe": 5.37,
            "roe_4q": 12.54,
            "gross_profit": 622155,
            "gross_margin": 42.72,
            "gross_margin_4q_avg": 24.65,
            "net_income": 458247,
            "net_income_4q": null,
            "revenue": 1456375,
            "revenue_4q": null,
            "common_shares": 2899307,
            "book_valuer_per_share": 28.98,
            "book_valuer_per_share_4q_avg": 28.96,
            "equity": 8403239,
            "current_ratio": 179.6,
            "debt_ratio": 54.92,
            "inventory_turnover_ratio": 0.05,
            "account_receivable_turnover_ratio": 9.01,
            "reinvestment_rate": -0.31,
            "research_to_sale_ratio": null,
            "price_fair": 168.1,
            "eps_avg_yearly": 4.8,
            "eps_latest_yearly": 6.32,
            "eps_growth_yearly": 133.41
        },
        "20093": {
            "year_quarter": 20093,
            "year": 2009,
            "quarter": 3,
            "eps": 3.36,
            "eps_growth_year": 246.39,
            "eps_4q": 6.03,
            "eps_4q_growth_year": -17.26,
            "roe": 10.96,
            "roe_4q": 20.060000000000002,
            "gross_profit": 1110354,
            "gross_margin": 49.46,
            "gross_margin_4q_avg": 30.86,
            "net_income": 974093,
            "net_income_4q": null,
            "revenue": 2244931,
            "revenue_4q": null,
            "common_shares": 2899307,
            "book_valuer_per_share": 32.34,
            "book_valuer_per_share_4q_avg": 29.86,
            "equity": 9377013,
            "current_ratio": 220.6,
            "debt_ratio": 44.68,
            "inventory_turnover_ratio": 0.07,
            "account_receivable_turnover_ratio": 4.1,
            "reinvestment_rate": -0.19,
            "research_to_sale_ratio": null,
            "price_fair": 189.5,
            "eps_avg_yearly": 5.41,
            "eps_latest_yearly": 13.44,
            "eps_growth_yearly": 148.31
        },
        "20094": {
            "year_quarter": 20094,
            "year": 2009,
            "quarter": 4,
            "eps": -1.09,
            "eps_growth_year": null,
            "eps_4q": 5.49,
            "eps_4q_growth_year": 0.18,
            "roe": -3.42,
            "roe_4q": 18.55,
            "gross_profit": -165745,
            "gross_margin": 115.35,
            "gross_margin_4q_avg": 61.33,
            "net_income": -315495,
            "net_income_4q": null,
            "revenue": -143686,
            "revenue_4q": null,
            "common_shares": 2899307,
            "book_valuer_per_share": 31.28,
            "book_valuer_per_share_4q_avg": 30.62,
            "equity": 9068175,
            "current_ratio": 371.64,
            "debt_ratio": 26.36,
            "inventory_turnover_ratio": 0,
            "account_receivable_turnover_ratio": -0.31,
            "reinvestment_rate": 2.04,
            "research_to_sale_ratio": null,
            "price_fair": 200.95,
            "eps_avg_yearly": 5.74,
            "eps_latest_yearly": 13.44,
            "eps_growth_yearly": 183.17
        },
        "20101": {
            "year_quarter": 20101,
            "year": 2010,
            "quarter": 1,
            "eps": 0.98,
            "eps_growth_year": -40.24,
            "eps_4q": 4.84,
            "eps_4q_growth_year": -15.55,
            "roe": 3.09,
            "roe_4q": 16,
            "gross_profit": 319135,
            "gross_margin": 37.79,
            "gross_margin_4q_avg": 61.33,
            "net_income": 285067,
            "net_income_4q": null,
            "revenue": 844570,
            "revenue_4q": null,
            "common_shares": 2899307,
            "book_valuer_per_share": 32.27,
            "book_valuer_per_share_4q_avg": 31.22,
            "equity": 9354815,
            "current_ratio": 416.07,
            "debt_ratio": 23.54,
            "inventory_turnover_ratio": 0.05,
            "account_receivable_turnover_ratio": 1.47,
            "reinvestment_rate": 1.99,
            "research_to_sale_ratio": null,
            "price_fair": 214.78,
            "eps_avg_yearly": 6.14,
            "eps_latest_yearly": 13.44,
            "eps_growth_yearly": 203.03
        },
        "20102": {
            "year_quarter": 20102,
            "year": 2010,
            "quarter": 2,
            "eps": 1.14,
            "eps_growth_year": -27.91,
            "eps_4q": 4.39,
            "eps_4q_growth_year": 20.47,
            "roe": 3.65,
            "roe_4q": 14.280000000000001,
            "gross_profit": 470781,
            "gross_margin": 39.15,
            "gross_margin_4q_avg": 60.44,
            "net_income": 330243,
            "net_income_4q": null,
            "revenue": 1202402,
            "revenue_4q": null,
            "common_shares": 2899307,
            "book_valuer_per_share": 30.11,
            "book_valuer_per_share_4q_avg": 31.5,
            "equity": 8729257,
            "current_ratio": 276.45,
            "debt_ratio": 33.85,
            "inventory_turnover_ratio": 0.06,
            "account_receivable_turnover_ratio": 7.67,
            "reinvestment_rate": 1.92,
            "research_to_sale_ratio": null,
            "price_fair": 218.63,
            "eps_avg_yearly": 6.25,
            "eps_latest_yearly": 4.56,
            "eps_growth_yearly": 133.81
        },
        "20103": {
            "year_quarter": 20103,
            "year": 2010,
            "quarter": 3,
            "eps": 0.98,
            "eps_growth_year": -70.73,
            "eps_4q": 2.02,
            "eps_4q_growth_year": -66.57,
            "roe": 3.21,
            "roe_4q": 6.529999999999999,
            "gross_profit": 355828,
            "gross_margin": 30.35,
            "gross_margin_4q_avg": 55.66,
            "net_income": 285117,
            "net_income_4q": null,
            "revenue": 1172360,
            "revenue_4q": null,
            "common_shares": 2899307,
            "book_valuer_per_share": 31.07,
            "book_valuer_per_share_4q_avg": 31.18,
            "equity": 9009410,
            "current_ratio": 221.85,
            "debt_ratio": 41.77,
            "inventory_turnover_ratio": 0.06,
            "account_receivable_turnover_ratio": 18.26,
            "reinvestment_rate": 1.73,
            "research_to_sale_ratio": null,
            "price_fair": 221.08,
            "eps_avg_yearly": 6.32,
            "eps_latest_yearly": 3.92,
            "eps_growth_yearly": 130.77
        },
        "20104": {
            "year_quarter": 20104,
            "year": 2010,
            "quarter": 4,
            "eps": 0.33,
            "eps_growth_year": null,
            "eps_4q": 3.44,
            "eps_4q_growth_year": -37.4,
            "roe": 1.06,
            "roe_4q": 11.01,
            "gross_profit": 158738,
            "gross_margin": 30.27,
            "gross_margin_4q_avg": 34.39,
            "net_income": 95999,
            "net_income_4q": null,
            "revenue": 524324,
            "revenue_4q": null,
            "common_shares": 2899307,
            "book_valuer_per_share": 31.42,
            "book_valuer_per_share_4q_avg": 31.22,
            "equity": 9108314,
            "current_ratio": 218.34,
            "debt_ratio": 42.78,
            "inventory_turnover_ratio": 0.03,
            "account_receivable_turnover_ratio": 8.76,
            "reinvestment_rate": 1.7,
            "research_to_sale_ratio": null,
            "price_fair": 207.67,
            "eps_avg_yearly": 5.93,
            "eps_latest_yearly": 1.32,
            "eps_growth_yearly": 77.93
        },
        "20111": {
            "year_quarter": 20111,
            "year": 2011,
            "quarter": 1,
            "eps": 0.43,
            "eps_growth_year": -56.12,
            "eps_4q": 2.88,
            "eps_4q_growth_year": -40.39,
            "roe": 1.36,
            "roe_4q": 9.28,
            "gross_profit": 168034,
            "gross_margin": 37.79,
            "gross_margin_4q_avg": 34.39,
            "net_income": 124355,
            "net_income_4q": null,
            "revenue": 444699,
            "revenue_4q": null,
            "common_shares": 2899307,
            "book_valuer_per_share": 31.84,
            "book_valuer_per_share_4q_avg": 31.11,
            "equity": 9230127,
            "current_ratio": 183.28,
            "debt_ratio": 50.92,
            "inventory_turnover_ratio": 0.02,
            "account_receivable_turnover_ratio": 9.21,
            "reinvestment_rate": 1.65,
            "research_to_sale_ratio": null,
            "price_fair": 194.37,
            "eps_avg_yearly": 5.55,
            "eps_latest_yearly": 1.72,
            "eps_growth_yearly": 86
        },
        "20112": {
            "year_quarter": 20112,
            "year": 2011,
            "quarter": 2,
            "eps": 0.5,
            "eps_growth_year": -55.86,
            "eps_4q": 2.09,
            "eps_4q_growth_year": -52.49,
            "roe": 1.75,
            "roe_4q": 7.38,
            "gross_profit": 288657,
            "gross_margin": 34.98,
            "gross_margin_4q_avg": 33.35,
            "net_income": 160346,
            "net_income_4q": null,
            "revenue": 825092,
            "revenue_4q": null,
            "common_shares": 2899307,
            "book_valuer_per_share": 31.48,
            "book_valuer_per_share_4q_avg": 31.45,
            "equity": 9127358,
            "current_ratio": 211.29,
            "debt_ratio": 49.2,
            "inventory_turnover_ratio": 0.03,
            "account_receivable_turnover_ratio": 4.8,
            "reinvestment_rate": 1.62,
            "research_to_sale_ratio": null,
            "price_fair": 195.07,
            "eps_avg_yearly": 5.57,
            "eps_latest_yearly": 2,
            "eps_growth_yearly": 115.42
        },
        "20113": {
            "year_quarter": 20113,
            "year": 2011,
            "quarter": 3,
            "eps": 0.73,
            "eps_growth_year": -26.07,
            "eps_4q": 1.92,
            "eps_4q_growth_year": -4.83,
            "roe": 2.51,
            "roe_4q": 6.68,
            "gross_profit": 292301,
            "gross_margin": 38.5,
            "gross_margin_4q_avg": 35.39,
            "net_income": 232034,
            "net_income_4q": null,
            "revenue": 759201,
            "revenue_4q": null,
            "common_shares": 3191348,
            "book_valuer_per_share": 29.35,
            "book_valuer_per_share_4q_avg": 31.02,
            "equity": 9365614,
            "current_ratio": 225.19,
            "debt_ratio": 50.43,
            "inventory_turnover_ratio": 0.03,
            "account_receivable_turnover_ratio": 4.19,
            "reinvestment_rate": 3.05,
            "research_to_sale_ratio": null,
            "price_fair": 191.92,
            "eps_avg_yearly": 5.48,
            "eps_latest_yearly": 2.92,
            "eps_growth_yearly": 88.33
        },
        "20114": {
            "year_quarter": 20114,
            "year": 2011,
            "quarter": 4,
            "eps": 0.83,
            "eps_growth_year": 151.86,
            "eps_4q": 2.45,
            "eps_4q_growth_year": -28.62,
            "roe": 2.8,
            "roe_4q": 8.42,
            "gross_profit": 370153,
            "gross_margin": 40.14,
            "gross_margin_4q_avg": 37.85,
            "net_income": 266138,
            "net_income_4q": null,
            "revenue": 922207,
            "revenue_4q": null,
            "common_shares": 3191348,
            "book_valuer_per_share": 30.2,
            "book_valuer_per_share_4q_avg": 30.72,
            "equity": 9638205,
            "current_ratio": 216.22,
            "debt_ratio": 51.14,
            "inventory_turnover_ratio": 0.03,
            "account_receivable_turnover_ratio": 26.04,
            "reinvestment_rate": 10.83,
            "research_to_sale_ratio": null,
            "price_fair": 186.2,
            "eps_avg_yearly": 5.32,
            "eps_latest_yearly": 3.32,
            "eps_growth_yearly": 82.23
        },
        "20121": {
            "year_quarter": 20121,
            "year": 2012,
            "quarter": 1,
            "eps": 1.45,
            "eps_growth_year": 237.21,
            "eps_4q": 3.52,
            "eps_4q_growth_year": 22.05,
            "roe": 4.7,
            "roe_4q": 11.76,
            "gross_profit": 528327,
            "gross_margin": 41.99,
            "gross_margin_4q_avg": 38.9,
            "net_income": 464230,
            "net_income_4q": null,
            "revenue": 1258089,
            "revenue_4q": null,
            "common_shares": 3191348,
            "book_valuer_per_share": 31.63,
            "book_valuer_per_share_4q_avg": 30.67,
            "equity": 10095568,
            "current_ratio": 210.97,
            "debt_ratio": 50.84,
            "inventory_turnover_ratio": 0.04,
            "account_receivable_turnover_ratio": 67.58,
            "reinvestment_rate": 12.16,
            "research_to_sale_ratio": null,
            "price_fair": 186.67,
            "eps_avg_yearly": 5.33,
            "eps_latest_yearly": 5.8,
            "eps_growth_yearly": 104.86
        },
        "20122": {
            "year_quarter": 20122,
            "year": 2012,
            "quarter": 2,
            "eps": 0.93,
            "eps_growth_year": 85.91,
            "eps_4q": 3.95,
            "eps_4q_growth_year": 89.22,
            "roe": 2.98,
            "roe_4q": 12.99,
            "gross_profit": 391322,
            "gross_margin": 38.33,
            "gross_margin_4q_avg": 39.74,
            "net_income": 298299,
            "net_income_4q": null,
            "revenue": 1021044,
            "revenue_4q": null,
            "common_shares": 3191348,
            "book_valuer_per_share": 31.07,
            "book_valuer_per_share_4q_avg": 30.56,
            "equity": 9915331,
            "current_ratio": 198.41,
            "debt_ratio": 53.72,
            "inventory_turnover_ratio": 0.03,
            "account_receivable_turnover_ratio": 19.19,
            "reinvestment_rate": 14.7,
            "research_to_sale_ratio": null,
            "price_fair": 154.35,
            "eps_avg_yearly": 4.41,
            "eps_latest_yearly": 3.72,
            "eps_growth_yearly": 38.77
        },
        "20123": {
            "year_quarter": 20123,
            "year": 2012,
            "quarter": 3,
            "eps": 1.22,
            "eps_growth_year": 67.98,
            "eps_4q": 4.44,
            "eps_4q_growth_year": 131.49,
            "roe": 3.86,
            "roe_4q": 14.34,
            "gross_profit": 487104,
            "gross_margin": 42.09,
            "gross_margin_4q_avg": 40.64,
            "net_income": 389779,
            "net_income_4q": null,
            "revenue": 1157200,
            "revenue_4q": null,
            "common_shares": 3191348,
            "book_valuer_per_share": 32.29,
            "book_valuer_per_share_4q_avg": 31.3,
            "equity": 10305225,
            "current_ratio": 201.99,
            "debt_ratio": 50.72,
            "inventory_turnover_ratio": 0.04,
            "account_receivable_turnover_ratio": 10.74,
            "reinvestment_rate": 14.03,
            "research_to_sale_ratio": null,
            "price_fair": 157.27,
            "eps_avg_yearly": 4.49,
            "eps_latest_yearly": 4.88,
            "eps_growth_yearly": 73.75
        },
        "20124": {
            "year_quarter": 20124,
            "year": 2012,
            "quarter": 4,
            "eps": -0.19,
            "eps_growth_year": -123.35,
            "eps_4q": 3.42,
            "eps_4q_growth_year": 39.25,
            "roe": -0.6,
            "roe_4q": 10.940000000000001,
            "gross_profit": 347699,
            "gross_margin": 36.12,
            "gross_margin_4q_avg": 39.63,
            "net_income": -62133,
            "net_income_4q": null,
            "revenue": 962623,
            "revenue_4q": null,
            "common_shares": 3191348,
            "book_valuer_per_share": 32.12,
            "book_valuer_per_share_4q_avg": 31.78,
            "equity": 10250016,
            "current_ratio": 209.62,
            "debt_ratio": 49.06,
            "inventory_turnover_ratio": 0.03,
            "account_receivable_turnover_ratio": 4.59,
            "reinvestment_rate": 14.04,
            "research_to_sale_ratio": null,
            "price_fair": 157.27,
            "eps_avg_yearly": 4.49,
            "eps_latest_yearly": 4.88,
            "eps_growth_yearly": 73.75
        },
        "20131": {
            "year_quarter": 20131,
            "year": 2013,
            "quarter": 1,
            "eps": 0.27,
            "eps_growth_year": -81.38,
            "eps_4q": 2.23,
            "eps_4q_growth_year": -36.55,
            "roe": 0.89,
            "roe_4q": 7.130000000000001,
            "gross_profit": 222581,
            "gross_margin": 47.96,
            "gross_margin_4q_avg": 41.13,
            "net_income": 86390,
            "net_income_4q": null,
            "revenue": 464122,
            "revenue_4q": null,
            "common_shares": 3191348,
            "book_valuer_per_share": 28.65,
            "book_valuer_per_share_4q_avg": 31.03,
            "equity": 9142788,
            "current_ratio": 185.61,
            "debt_ratio": 54.77,
            "inventory_turnover_ratio": 0.01,
            "account_receivable_turnover_ratio": 2.61,
            "reinvestment_rate": 14.45,
            "research_to_sale_ratio": null,
            "price_fair": 157.27,
            "eps_avg_yearly": 4.49,
            "eps_latest_yearly": 4.88,
            "eps_growth_yearly": 73.75
        },
        "20132": {
            "year_quarter": 20132,
            "year": 2013,
            "quarter": 2,
            "eps": -0.3,
            "eps_growth_year": -132.1,
            "eps_4q": 0.99,
            "eps_4q_growth_year": -74.87,
            "roe": -1.1,
            "roe_4q": 3.05,
            "gross_profit": 112739,
            "gross_margin": 27.56,
            "gross_margin_4q_avg": 38.43,
            "net_income": -96950,
            "net_income_4q": null,
            "revenue": 409116,
            "revenue_4q": null,
            "common_shares": 3194670,
            "book_valuer_per_share": 26.66,
            "book_valuer_per_share_4q_avg": 29.93,
            "equity": 8515673,
            "current_ratio": 157.13,
            "debt_ratio": 59.52,
            "inventory_turnover_ratio": 0.02,
            "account_receivable_turnover_ratio": 4.75,
            "reinvestment_rate": 13.27,
            "research_to_sale_ratio": null,
            "price_fair": 151.45,
            "eps_avg_yearly": 4.33,
            "eps_latest_yearly": 4.88,
            "eps_growth_yearly": 81.79
        },
        "20133": {
            "year_quarter": 20133,
            "year": 2013,
            "quarter": 3,
            "eps": 0.44,
            "eps_growth_year": -63.97,
            "eps_4q": 0.22,
            "eps_4q_growth_year": -95.12,
            "roe": 1.65,
            "roe_4q": 0.84,
            "gross_profit": 366356,
            "gross_margin": 44.07,
            "gross_margin_4q_avg": 38.93,
            "net_income": 141968,
            "net_income_4q": null,
            "revenue": 831243,
            "revenue_4q": null,
            "common_shares": 3194670,
            "book_valuer_per_share": 27.1,
            "book_valuer_per_share_4q_avg": 28.63,
            "equity": 8658084,
            "current_ratio": 154.3,
            "debt_ratio": 60.88,
            "inventory_turnover_ratio": 0.02,
            "account_receivable_turnover_ratio": 7.87,
            "reinvestment_rate": 17.21,
            "research_to_sale_ratio": null,
            "price_fair": 119.56,
            "eps_avg_yearly": 3.42,
            "eps_latest_yearly": 4.88,
            "eps_growth_yearly": 44.91
        },
        "20134": {
            "year_quarter": 20134,
            "year": 2013,
            "quarter": 4,
            "eps": 2.35,
            "eps_growth_year": null,
            "eps_4q": 2.76,
            "eps_4q_growth_year": -19.13,
            "roe": 8.32,
            "roe_4q": 9.760000000000002,
            "gross_profit": 986631,
            "gross_margin": 42.87,
            "gross_margin_4q_avg": 40.62,
            "net_income": 752457,
            "net_income_4q": null,
            "revenue": 2301477,
            "revenue_4q": null,
            "common_shares": 3194670,
            "book_valuer_per_share": 29.53,
            "book_valuer_per_share_4q_avg": 27.99,
            "equity": 9434166,
            "current_ratio": 159.01,
            "debt_ratio": 59.17,
            "inventory_turnover_ratio": 0.07,
            "account_receivable_turnover_ratio": 10.47,
            "reinvestment_rate": 9.11,
            "research_to_sale_ratio": null,
            "price_fair": 138.6,
            "eps_avg_yearly": 3.96,
            "eps_latest_yearly": 9.4,
            "eps_growth_yearly": 198.67
        },
        "20141": {
            "year_quarter": 20141,
            "year": 2014,
            "quarter": 1,
            "eps": 1.16,
            "eps_growth_year": 329.63,
            "eps_4q": 3.65,
            "eps_4q_growth_year": 63.69,
            "roe": 3.86,
            "roe_4q": 12.73,
            "gross_profit": 501643,
            "gross_margin": 37.2,
            "gross_margin_4q_avg": 37.93,
            "net_income": 371527,
            "net_income_4q": null,
            "revenue": 1348676,
            "revenue_4q": null,
            "common_shares": 3199510,
            "book_valuer_per_share": 30.62,
            "book_valuer_per_share_4q_avg": 28.48,
            "equity": 9798169,
            "current_ratio": 169.36,
            "debt_ratio": 55.44,
            "inventory_turnover_ratio": 0.04,
            "account_receivable_turnover_ratio": 5.95,
            "reinvestment_rate": 8.61,
            "research_to_sale_ratio": null,
            "price_fair": 140.58,
            "eps_avg_yearly": 4.02,
            "eps_latest_yearly": 4.64,
            "eps_growth_yearly": 165.24
        },
        "20142": {
            "year_quarter": 20142,
            "year": 2014,
            "quarter": 2,
            "eps": -0.05,
            "eps_growth_year": null,
            "eps_4q": 3.75,
            "eps_4q_growth_year": 278.28,
            "roe": -0.17,
            "roe_4q": 13.66,
            "gross_profit": 177891,
            "gross_margin": 38.79,
            "gross_margin_4q_avg": 40.73,
            "net_income": -16380,
            "net_income_4q": null,
            "revenue": 458545,
            "revenue_4q": null,
            "common_shares": 3328087,
            "book_valuer_per_share": 29.51,
            "book_valuer_per_share_4q_avg": 29.19,
            "equity": 9822451,
            "current_ratio": 169.43,
            "debt_ratio": 55.51,
            "inventory_turnover_ratio": 0.01,
            "account_receivable_turnover_ratio": 4.16,
            "reinvestment_rate": 9.18,
            "research_to_sale_ratio": null,
            "price_fair": 138.85,
            "eps_avg_yearly": 3.97,
            "eps_latest_yearly": 4.64,
            "eps_growth_yearly": 174.32
        },
        "20143": {
            "year_quarter": 20143,
            "year": 2014,
            "quarter": 3,
            "eps": 0.66,
            "eps_growth_year": 50,
            "eps_4q": 3.99,
            "eps_4q_growth_year": 1739.82,
            "roe": 2.22,
            "roe_4q": 14.23,
            "gross_profit": 362588,
            "gross_margin": 54.78,
            "gross_margin_4q_avg": 43.41,
            "net_income": 220164,
            "net_income_4q": null,
            "revenue": 661897,
            "revenue_4q": null,
            "common_shares": 3328087,
            "book_valuer_per_share": 30.21,
            "book_valuer_per_share_4q_avg": 29.97,
            "equity": 10053891,
            "current_ratio": 169.23,
            "debt_ratio": 55.65,
            "inventory_turnover_ratio": 0.02,
            "account_receivable_turnover_ratio": 2.55,
            "reinvestment_rate": 9.67,
            "research_to_sale_ratio": null,
            "price_fair": 139.02,
            "eps_avg_yearly": 3.97,
            "eps_latest_yearly": 4.64,
            "eps_growth_yearly": 197.37
        },
        "20144": {
            "year_quarter": 20144,
            "year": 2014,
            "quarter": 4,
            "eps": 1.69,
            "eps_growth_year": -28.02,
            "eps_4q": 3.42,
            "eps_4q_growth_year": 23.85,
            "roe": 5.45,
            "roe_4q": 11.36,
            "gross_profit": 715706,
            "gross_margin": 35.24,
            "gross_margin_4q_avg": 41.5,
            "net_income": 563364,
            "net_income_4q": null,
            "revenue": 2030862,
            "revenue_4q": null,
            "common_shares": 3328087,
            "book_valuer_per_share": 31.95,
            "book_valuer_per_share_4q_avg": 30.57,
            "equity": 10632763,
            "current_ratio": 186.7,
            "debt_ratio": 50.24,
            "inventory_turnover_ratio": 0.07,
            "account_receivable_turnover_ratio": 7.97,
            "reinvestment_rate": 8.54,
            "research_to_sale_ratio": null,
            "price_fair": 158.06,
            "eps_avg_yearly": 4.52,
            "eps_latest_yearly": 6.76,
            "eps_growth_yearly": 286.33
        },
        "20151": {
            "year_quarter": 20151,
            "year": 2015,
            "quarter": 1,
            "eps": 2.18,
            "eps_growth_year": 87.93,
            "eps_4q": 4.48,
            "eps_4q_growth_year": 22.75,
            "roe": 6.6,
            "roe_4q": 14.100000000000001,
            "gross_profit": 825162,
            "gross_margin": 33.5,
            "gross_margin_4q_avg": 40.58,
            "net_income": 725497,
            "net_income_4q": null,
            "revenue": 2463025,
            "revenue_4q": null,
            "common_shares": 3328087,
            "book_valuer_per_share": 34.11,
            "book_valuer_per_share_4q_avg": 31.45,
            "equity": 11352215,
            "current_ratio": 214.57,
            "debt_ratio": 43.45,
            "inventory_turnover_ratio": 0.09,
            "account_receivable_turnover_ratio": 24.76,
            "reinvestment_rate": 7.34,
            "research_to_sale_ratio": null,
            "price_fair": 182.56,
            "eps_avg_yearly": 5.22,
            "eps_latest_yearly": 8.72,
            "eps_growth_yearly": 285.8
        },
        "20152": {
            "year_quarter": 20152,
            "year": 2015,
            "quarter": 2,
            "eps": 0.5,
            "eps_growth_year": null,
            "eps_4q": 5.03,
            "eps_4q_growth_year": 33.99,
            "roe": 1.49,
            "roe_4q": 15.76,
            "gross_profit": 280521,
            "gross_margin": 37.02,
            "gross_margin_4q_avg": 40.14,
            "net_income": 165246,
            "net_income_4q": null,
            "revenue": 757762,
            "revenue_4q": null,
            "common_shares": 3328087,
            "book_valuer_per_share": 32.58,
            "book_valuer_per_share_4q_avg": 32.21,
            "equity": 10843083,
            "current_ratio": 202.47,
            "debt_ratio": 45.89,
            "inventory_turnover_ratio": 0.03,
            "account_receivable_turnover_ratio": 6.86,
            "reinvestment_rate": 7.07,
            "research_to_sale_ratio": null,
            "price_fair": 182.56,
            "eps_avg_yearly": 5.22,
            "eps_latest_yearly": 2,
            "eps_growth_yearly": 248.46
        },
        "20153": {
            "year_quarter": 20153,
            "year": 2015,
            "quarter": 3,
            "eps": 1,
            "eps_growth_year": 51.52,
            "eps_4q": 5.37,
            "eps_4q_growth_year": 34.62,
            "roe": 3.03,
            "roe_4q": 16.57,
            "gross_profit": 390961,
            "gross_margin": 36.1,
            "gross_margin_4q_avg": 35.47,
            "net_income": 333333,
            "net_income_4q": null,
            "revenue": 1083040,
            "revenue_4q": null,
            "common_shares": 3328087,
            "book_valuer_per_share": 33.63,
            "book_valuer_per_share_4q_avg": 33.07,
            "equity": 11192149,
            "current_ratio": 211.32,
            "debt_ratio": 43.72,
            "inventory_turnover_ratio": 0.04,
            "account_receivable_turnover_ratio": 8.28,
            "reinvestment_rate": 5.57,
            "research_to_sale_ratio": null,
            "price_fair": 186.34,
            "eps_avg_yearly": 5.32,
            "eps_latest_yearly": 4,
            "eps_growth_yearly": 270.06
        },
        "20154": {
            "year_quarter": 20154,
            "year": 2015,
            "quarter": 4,
            "eps": 0.73,
            "eps_growth_year": -57,
            "eps_4q": 4.41,
            "eps_4q_growth_year": 28.78,
            "roe": 2.14,
            "roe_4q": 13.26,
            "gross_profit": 337252,
            "gross_margin": 45.15,
            "gross_margin_4q_avg": 37.94,
            "net_income": 242264,
            "net_income_4q": null,
            "revenue": 746928,
            "revenue_4q": null,
            "common_shares": 3328087,
            "book_valuer_per_share": 34.32,
            "book_valuer_per_share_4q_avg": 33.66,
            "equity": 11421127,
            "current_ratio": 220.14,
            "debt_ratio": 43.7,
            "inventory_turnover_ratio": 0.02,
            "account_receivable_turnover_ratio": 7.7,
            "reinvestment_rate": -3.09,
            "research_to_sale_ratio": null,
            "price_fair": 184.94,
            "eps_avg_yearly": 5.28,
            "eps_latest_yearly": 2.92,
            "eps_growth_yearly": 253.79
        },
        "20161": {
            "year_quarter": 20161,
            "year": 2016,
            "quarter": 1,
            "eps": 2.92,
            "eps_growth_year": 33.94,
            "eps_4q": 5.14,
            "eps_4q_growth_year": 14.66,
            "roe": 8.15,
            "roe_4q": 14.81,
            "gross_profit": 1031019,
            "gross_margin": 29.59,
            "gross_margin_4q_avg": 36.97,
            "net_income": 970637,
            "net_income_4q": null,
            "revenue": 3484839,
            "revenue_4q": null,
            "common_shares": 3328087,
            "book_valuer_per_share": 37.23,
            "book_valuer_per_share_4q_avg": 34.44,
            "equity": 12390055,
            "current_ratio": 319.31,
            "debt_ratio": 29.99,
            "inventory_turnover_ratio": 0.14,
            "account_receivable_turnover_ratio": 58.77,
            "reinvestment_rate": -4.34,
            "research_to_sale_ratio": null,
            "price_fair": 205.52,
            "eps_avg_yearly": 5.87,
            "eps_latest_yearly": 11.68,
            "eps_growth_yearly": 343.91
        },
        "20162": {
            "year_quarter": 20162,
            "year": 2016,
            "quarter": 2,
            "eps": 0.81,
            "eps_growth_year": 62,
            "eps_4q": 5.46,
            "eps_4q_growth_year": 8.61,
            "roe": 2.25,
            "roe_4q": 15.57,
            "gross_profit": 184224,
            "gross_margin": 27.91,
            "gross_margin_4q_avg": 34.69,
            "net_income": 272160,
            "net_income_4q": null,
            "revenue": 660160,
            "revenue_4q": null,
            "common_shares": 3328087,
            "book_valuer_per_share": 35.41,
            "book_valuer_per_share_4q_avg": 35.15,
            "equity": 11785945,
            "current_ratio": 301.65,
            "debt_ratio": 31.81,
            "inventory_turnover_ratio": 0.03,
            "account_receivable_turnover_ratio": 11.25,
            "reinvestment_rate": -5,
            "research_to_sale_ratio": null,
            "price_fair": 203.84,
            "eps_avg_yearly": 5.82,
            "eps_latest_yearly": 3.24,
            "eps_growth_yearly": 329.35
        },
        "20163": {
            "year_quarter": 20163,
            "year": 2016,
            "quarter": 3,
            "eps": 0.34,
            "eps_growth_year": -66,
            "eps_4q": 4.8,
            "eps_4q_growth_year": -10.64,
            "roe": 0.95,
            "roe_4q": 13.490000000000002,
            "gross_profit": 131689,
            "gross_margin": 32.07,
            "gross_margin_4q_avg": 33.68,
            "net_income": 112266,
            "net_income_4q": null,
            "revenue": 410627,
            "revenue_4q": null,
            "common_shares": 3328087,
            "book_valuer_per_share": 35.72,
            "book_valuer_per_share_4q_avg": 35.67,
            "equity": 11886646,
            "current_ratio": 305.44,
            "debt_ratio": 31.45,
            "inventory_turnover_ratio": 0.02,
            "account_receivable_turnover_ratio": 7.34,
            "reinvestment_rate": -5.3,
            "research_to_sale_ratio": null,
            "price_fair": 191.52,
            "eps_avg_yearly": 5.47,
            "eps_latest_yearly": 1.36,
            "eps_growth_yearly": 293.66
        },
        "20164": {
            "year_quarter": 20164,
            "year": 2016,
            "quarter": 4,
            "eps": -0.86,
            "eps_growth_year": -218.34,
            "eps_4q": 3.21,
            "eps_4q_growth_year": -27.14,
            "roe": -2.44,
            "roe_4q": 8.91,
            "gross_profit": -181734,
            "gross_margin": -77.94,
            "gross_margin_4q_avg": 2.91,
            "net_income": -286702,
            "net_income_4q": null,
            "revenue": 233168,
            "revenue_4q": null,
            "common_shares": 3328087,
            "book_valuer_per_share": 34.83,
            "book_valuer_per_share_4q_avg": 35.8,
            "equity": 11591753,
            "current_ratio": 293.13,
            "debt_ratio": 32.82,
            "inventory_turnover_ratio": 0.03,
            "account_receivable_turnover_ratio": 3.43,
            "reinvestment_rate": -6.39,
            "research_to_sale_ratio": null,
            "price_fair": 191.52,
            "eps_avg_yearly": 5.47,
            "eps_latest_yearly": 1.36,
            "eps_growth_yearly": 293.66
        },
        "20171": {
            "year_quarter": 20171,
            "year": 2017,
            "quarter": 1,
            "eps": 0.45,
            "eps_growth_year": -84.59,
            "eps_4q": 0.75,
            "eps_4q_growth_year": -85.47,
            "roe": 1.29,
            "roe_4q": 2.05,
            "gross_profit": 15070,
            "gross_margin": 37.7,
            "gross_margin_4q_avg": 4.94,
            "net_income": 150928,
            "net_income_4q": null,
            "revenue": 39976,
            "revenue_4q": null,
            "common_shares": 3328087,
            "book_valuer_per_share": 35.23,
            "book_valuer_per_share_4q_avg": 35.3,
            "equity": 11725886,
            "current_ratio": 270.6,
            "debt_ratio": 35.5,
            "inventory_turnover_ratio": 0,
            "account_receivable_turnover_ratio": 0.41,
            "reinvestment_rate": -3.5,
            "research_to_sale_ratio": null,
            "price_fair": 191.52,
            "eps_avg_yearly": 5.47,
            "eps_latest_yearly": 1.36,
            "eps_growth_yearly": 293.66
        },
        "20172": {
            "year_quarter": 20172,
            "year": 2017,
            "quarter": 2,
            "eps": -0.09,
            "eps_growth_year": -111.11,
            "eps_4q": -0.16,
            "eps_4q_growth_year": -102.95,
            "roe": -0.27,
            "roe_4q": -0.47,
            "gross_profit": 46812,
            "gross_margin": 54.19,
            "gross_margin_4q_avg": 11.51,
            "net_income": -30190,
            "net_income_4q": null,
            "revenue": 86382,
            "revenue_4q": null,
            "common_shares": 3328087,
            "book_valuer_per_share": 33.01,
            "book_valuer_per_share_4q_avg": 34.7,
            "equity": 10984819,
            "current_ratio": 239.75,
            "debt_ratio": 40.07,
            "inventory_turnover_ratio": 0,
            "account_receivable_turnover_ratio": 0.81,
            "reinvestment_rate": -1.31,
            "research_to_sale_ratio": null,
            "price_fair": 191.52,
            "eps_avg_yearly": 5.47,
            "eps_latest_yearly": 1.36,
            "eps_growth_yearly": 293.66
        },
        "20173": {
            "year_quarter": 20173,
            "year": 2017,
            "quarter": 3,
            "eps": 0.24,
            "eps_growth_year": -29.41,
            "eps_4q": -0.27,
            "eps_4q_growth_year": -105.55,
            "roe": 0.7,
            "roe_4q": -0.72,
            "gross_profit": 93869,
            "gross_margin": 39.57,
            "gross_margin_4q_avg": 13.38,
            "net_income": 77368,
            "net_income_4q": null,
            "revenue": 237208,
            "revenue_4q": null,
            "common_shares": 3328087,
            "book_valuer_per_share": 33.27,
            "book_valuer_per_share_4q_avg": 34.09,
            "equity": 11073136,
            "current_ratio": 235.1,
            "debt_ratio": 40.76,
            "inventory_turnover_ratio": 0.01,
            "account_receivable_turnover_ratio": 2.19,
            "reinvestment_rate": -1,
            "research_to_sale_ratio": null,
            "price_fair": 191.52,
            "eps_avg_yearly": 5.47,
            "eps_latest_yearly": 1.36,
            "eps_growth_yearly": 293.66
        },
        "20174": {
            "year_quarter": 20174,
            "year": 2017,
            "quarter": 4,
            "eps": 1.76,
            "eps_growth_year": null,
            "eps_4q": 2.35,
            "eps_4q_growth_year": -26.75,
            "roe": 5.14,
            "roe_4q": 6.86,
            "gross_profit": 687307,
            "gross_margin": 29.6,
            "gross_margin_4q_avg": 40.27,
            "net_income": 584429,
            "net_income_4q": null,
            "revenue": 2321762,
            "revenue_4q": null,
            "common_shares": 3328087,
            "book_valuer_per_share": 35.06,
            "book_valuer_per_share_4q_avg": 34.14,
            "equity": 11667263,
            "current_ratio": 278.37,
            "debt_ratio": 34.38,
            "inventory_turnover_ratio": 0.1,
            "account_receivable_turnover_ratio": 23.42,
            "reinvestment_rate": -1.25,
            "research_to_sale_ratio": null,
            "price_fair": 183.26,
            "eps_avg_yearly": 5.24,
            "eps_latest_yearly": 7.04,
            "eps_growth_yearly": 373.36
        },
        "20181": {
            "year_quarter": 20181,
            "year": 2018,
            "quarter": 1,
            "eps": 0.61,
            "eps_growth_year": 35.56,
            "eps_4q": 2.51,
            "eps_4q_growth_year": 236.04,
            "roe": 1.73,
            "roe_4q": 7.299999999999999,
            "gross_profit": 234269,
            "gross_margin": 23.96,
            "gross_margin_4q_avg": 36.83,
            "net_income": 203972,
            "net_income_4q": null,
            "revenue": 977709,
            "revenue_4q": null,
            "common_shares": 3328087,
            "book_valuer_per_share": 35.8,
            "book_valuer_per_share_4q_avg": 34.29,
            "equity": 11915186,
            "current_ratio": 288.97,
            "debt_ratio": 33.17,
            "inventory_turnover_ratio": 0.05,
            "account_receivable_turnover_ratio": 13.9,
            "reinvestment_rate": 0.12,
            "research_to_sale_ratio": null,
            "price_fair": 175.56,
            "eps_avg_yearly": 5.02,
            "eps_latest_yearly": 2.44,
            "eps_growth_yearly": 367.48
        },
        "20182": {
            "year_quarter": 20182,
            "year": 2018,
            "quarter": 2,
            "eps": 0.09,
            "eps_growth_year": null,
            "eps_4q": 2.69,
            "eps_4q_growth_year": null,
            "roe": 0.25,
            "roe_4q": 7.819999999999999,
            "gross_profit": 87952,
            "gross_margin": 24.46,
            "gross_margin_4q_avg": 29.4,
            "net_income": 29620,
            "net_income_4q": null,
            "revenue": 359543,
            "revenue_4q": null,
            "common_shares": 3328087,
            "book_valuer_per_share": 34.39,
            "book_valuer_per_share_4q_avg": 34.63,
            "equity": 11444043,
            "current_ratio": 278.46,
            "debt_ratio": 34.86,
            "inventory_turnover_ratio": 0.02,
            "account_receivable_turnover_ratio": 6.3,
            "reinvestment_rate": -4.65,
            "research_to_sale_ratio": null,
            "price_fair": 160.75,
            "eps_avg_yearly": 4.59,
            "eps_latest_yearly": 0.36,
            "eps_growth_yearly": 303.07
        },
        "20183": {
            "year_quarter": 20183,
            "year": 2018,
            "quarter": 3,
            "eps": 0.2,
            "eps_growth_year": -16.67,
            "eps_4q": 2.65,
            "eps_4q_growth_year": null,
            "roe": 0.57,
            "roe_4q": 7.6899999999999995,
            "gross_profit": 144963,
            "gross_margin": 11.04,
            "gross_margin_4q_avg": 22.27,
            "net_income": 65182,
            "net_income_4q": null,
            "revenue": 1313266,
            "revenue_4q": null,
            "common_shares": 3328087,
            "book_valuer_per_share": 34.56,
            "book_valuer_per_share_4q_avg": 34.95,
            "equity": 11500678,
            "current_ratio": 311.27,
            "debt_ratio": 31.16,
            "inventory_turnover_ratio": 0.07,
            "account_receivable_turnover_ratio": 26.54,
            "reinvestment_rate": -5.12,
            "research_to_sale_ratio": null,
            "price_fair": 149.68,
            "eps_avg_yearly": 4.28,
            "eps_latest_yearly": 0.8,
            "eps_growth_yearly": 318.56
        },
        "20184": {
            "year_quarter": 20184,
            "year": 2018,
            "quarter": 4,
            "eps": 0.44,
            "eps_growth_year": -75.03,
            "eps_4q": 1.34,
            "eps_4q_growth_year": -43.17,
            "roe": 1.26,
            "roe_4q": 3.81,
            "gross_profit": 183705,
            "gross_margin": 14.49,
            "gross_margin_4q_avg": 18.49,
            "net_income": 145930,
            "net_income_4q": null,
            "revenue": 1267487,
            "revenue_4q": null,
            "common_shares": 3328087,
            "book_valuer_per_share": 35,
            "book_valuer_per_share_4q_avg": 34.94,
            "equity": 11648864,
            "current_ratio": 354.5,
            "debt_ratio": 27.64,
            "inventory_turnover_ratio": 0.07,
            "account_receivable_turnover_ratio": 22.12,
            "reinvestment_rate": -11.49,
            "research_to_sale_ratio": null,
            "price_fair": 135.1,
            "eps_avg_yearly": 3.86,
            "eps_latest_yearly": 1.76,
            "eps_growth_yearly": 306.54
        },
        "20191": {
            "year_quarter": 20191,
            "year": 2019,
            "quarter": 1,
            "eps": 0.05,
            "eps_growth_year": -91.8,
            "eps_4q": 0.77,
            "eps_4q_growth_year": -69.39,
            "roe": 0.13,
            "roe_4q": 2.21,
            "gross_profit": 51480,
            "gross_margin": 16.7,
            "gross_margin_4q_avg": 16.67,
            "net_income": 15030,
            "net_income_4q": null,
            "revenue": 308195,
            "revenue_4q": null,
            "common_shares": 3328087,
            "book_valuer_per_share": 35.05,
            "book_valuer_per_share_4q_avg": 34.75,
            "equity": 11663894,
            "current_ratio": 359.6,
            "debt_ratio": 27.26,
            "inventory_turnover_ratio": 0.02,
            "account_receivable_turnover_ratio": 4.87,
            "reinvestment_rate": -13.92,
            "research_to_sale_ratio": null,
            "price_fair": 110.25,
            "eps_avg_yearly": 3.15,
            "eps_latest_yearly": 0.2,
            "eps_growth_yearly": 267.33
        },
        "20192": {
            "year_quarter": 20192,
            "year": 2019,
            "quarter": 2,
            "eps": 0.21,
            "eps_growth_year": 133.33,
            "eps_4q": 0.89,
            "eps_4q_growth_year": -66.75,
            "roe": 0.62,
            "roe_4q": 2.5799999999999996,
            "gross_profit": 130234,
            "gross_margin": 23.32,
            "gross_margin_4q_avg": 16.39,
            "net_income": 71602,
            "net_income_4q": null,
            "revenue": 558494,
            "revenue_4q": null,
            "common_shares": 3328087,
            "book_valuer_per_share": 34.26,
            "book_valuer_per_share_4q_avg": 34.72,
            "equity": 11434145,
            "current_ratio": 304.51,
            "debt_ratio": 32.17,
            "inventory_turnover_ratio": 0.03,
            "account_receivable_turnover_ratio": 9.55,
            "reinvestment_rate": -13.92,
            "research_to_sale_ratio": null,
            "price_fair": 106.87,
            "eps_avg_yearly": 3.05,
            "eps_latest_yearly": 0.84,
            "eps_growth_yearly": 399.68
        },
        "20193": {
            "year_quarter": 20193,
            "year": 2019,
            "quarter": 3,
            "eps": 1.01,
            "eps_growth_year": 405,
            "eps_4q": 1.71,
            "eps_4q_growth_year": -35.6,
            "roe": 2.9,
            "roe_4q": 4.91,
            "gross_profit": 432166,
            "gross_margin": 32.38,
            "gross_margin_4q_avg": 21.72,
            "net_income": 335953,
            "net_income_4q": null,
            "revenue": 1334545,
            "revenue_4q": null,
            "common_shares": 3328087,
            "book_valuer_per_share": 35.27,
            "book_valuer_per_share_4q_avg": 34.9,
            "equity": 11770098,
            "current_ratio": 246.26,
            "debt_ratio": 40.25,
            "inventory_turnover_ratio": 0.06,
            "account_receivable_turnover_ratio": 7.74,
            "reinvestment_rate": -14.22,
            "research_to_sale_ratio": null,
            "price_fair": 106.98,
            "eps_avg_yearly": 3.06,
            "eps_latest_yearly": 4.04,
            "eps_growth_yearly": 493.33
        },
        "20194": {
            "year_quarter": 20194,
            "year": 2019,
            "quarter": 4,
            "eps": 0.56,
            "eps_growth_year": 26.71,
            "eps_4q": 1.83,
            "eps_4q_growth_year": 36.66,
            "roe": 1.55,
            "roe_4q": 5.2,
            "gross_profit": 146269,
            "gross_margin": 21.36,
            "gross_margin_4q_avg": 23.44,
            "net_income": 183829,
            "net_income_4q": null,
            "revenue": 684662,
            "revenue_4q": null,
            "common_shares": 3328087,
            "book_valuer_per_share": 35.86,
            "book_valuer_per_share_4q_avg": 35.11,
            "equity": 11963456,
            "current_ratio": 250.02,
            "debt_ratio": 39.6,
            "inventory_turnover_ratio": 0.03,
            "account_receivable_turnover_ratio": 3.39,
            "reinvestment_rate": -13.92,
            "research_to_sale_ratio": null,
            "price_fair": 105,
            "eps_avg_yearly": 3,
            "eps_latest_yearly": 2.24,
            "eps_growth_yearly": 487.48
        },
        "20201": {
            "year_quarter": 20201,
            "year": 2020,
            "quarter": 1,
            "eps": 0.54,
            "eps_growth_year": 980,
            "eps_4q": 2.32,
            "eps_4q_growth_year": 202.19,
            "roe": 1.49,
            "roe_4q": 6.56,
            "gross_profit": 241574,
            "gross_margin": 23.21,
            "gross_margin_4q_avg": 25.07,
            "net_income": 179938,
            "net_income_4q": null,
            "revenue": 1040912,
            "revenue_4q": null,
            "common_shares": 3328087,
            "book_valuer_per_share": 36.4,
            "book_valuer_per_share_4q_avg": 35.45,
            "equity": 12143394,
            "current_ratio": 244.34,
            "debt_ratio": 38.54,
            "inventory_turnover_ratio": 0.05,
            "account_receivable_turnover_ratio": 8.86,
            "reinvestment_rate": -18.87,
            "research_to_sale_ratio": null,
            "price_fair": 77.23,
            "eps_avg_yearly": 2.21,
            "eps_latest_yearly": 2.16,
            "eps_growth_yearly": 386.29
        },
        "20202": {
            "year_quarter": 20202,
            "year": 2020,
            "quarter": 2,
            "eps": 0.6,
            "eps_growth_year": 185.71,
            "eps_4q": 2.71,
            "eps_4q_growth_year": 202.89,
            "roe": 1.66,
            "roe_4q": 7.6,
            "gross_profit": 316308,
            "gross_margin": 30.82,
            "gross_margin_4q_avg": 26.94,
            "net_income": 200314,
            "net_income_4q": null,
            "revenue": 1026408,
            "revenue_4q": null,
            "common_shares": 3328087,
            "book_valuer_per_share": 35.8,
            "book_valuer_per_share_4q_avg": 35.83,
            "equity": 11944337,
            "current_ratio": 210.46,
            "debt_ratio": 39.72,
            "inventory_turnover_ratio": 0.05,
            "account_receivable_turnover_ratio": 9.86,
            "reinvestment_rate": -18.77,
            "research_to_sale_ratio": null,
            "price_fair": 74.78,
            "eps_avg_yearly": 2.14,
            "eps_latest_yearly": 2.4,
            "eps_growth_yearly": 414.08
        },
        "20203": {
            "year_quarter": 20203,
            "year": 2020,
            "quarter": 3,
            "eps": 0.4,
            "eps_growth_year": -60.4,
            "eps_4q": 2.1,
            "eps_4q_growth_year": 22.79,
            "roe": 1.1,
            "roe_4q": 5.8,
            "gross_profit": 267984,
            "gross_margin": 19.3,
            "gross_margin_4q_avg": 23.67,
            "net_income": 132437,
            "net_income_4q": null,
            "revenue": 1388803,
            "revenue_4q": null,
            "common_shares": 3328087,
            "book_valuer_per_share": 36.2,
            "book_valuer_per_share_4q_avg": 36.07,
            "equity": 12076774,
            "current_ratio": 183.72,
            "debt_ratio": 46.63,
            "inventory_turnover_ratio": 0.07,
            "account_receivable_turnover_ratio": 16.8,
            "reinvestment_rate": -17.91,
            "research_to_sale_ratio": null,
            "price_fair": 75.48,
            "eps_avg_yearly": 2.16,
            "eps_latest_yearly": 1.6,
            "eps_growth_yearly": 422.31
        },
        "20204": {
            "year_quarter": 20204,
            "year": 2020,
            "quarter": 4,
            "eps": 0.3,
            "eps_growth_year": -45.62,
            "eps_4q": 1.84,
            "eps_4q_growth_year": 1.03,
            "roe": 0.82,
            "roe_4q": 5.07,
            "gross_profit": 152438,
            "gross_margin": 29.24,
            "gross_margin_4q_avg": 25.64,
            "net_income": 99979,
            "net_income_4q": null,
            "revenue": 521327,
            "revenue_4q": null,
            "common_shares": 3328087,
            "book_valuer_per_share": 36.5,
            "book_valuer_per_share_4q_avg": 36.23,
            "equity": 12176754,
            "current_ratio": 177.96,
            "debt_ratio": 48.37,
            "inventory_turnover_ratio": 0.02,
            "account_receivable_turnover_ratio": 8.01,
            "reinvestment_rate": -13.65,
            "research_to_sale_ratio": null,
            "price_fair": 72.91,
            "eps_avg_yearly": 2.08,
            "eps_latest_yearly": 1.2,
            "eps_growth_yearly": 382.13
        },
        "20211": {
            "year_quarter": 20211,
            "year": 2021,
            "quarter": 1,
            "eps": 0.21,
            "eps_growth_year": -61.11,
            "eps_4q": 1.51,
            "eps_4q_growth_year": -34.79,
            "roe": 0.57,
            "roe_4q": 4.15,
            "gross_profit": 61194,
            "gross_margin": 35.38,
            "gross_margin_4q_avg": 28.69,
            "net_income": 69968,
            "net_income_4q": null,
            "revenue": 172952,
            "revenue_4q": null,
            "common_shares": 3328087,
            "book_valuer_per_share": 36.71,
            "book_valuer_per_share_4q_avg": 36.3,
            "equity": 12246722,
            "current_ratio": 180.34,
            "debt_ratio": 47.89,
            "inventory_turnover_ratio": 0.01,
            "account_receivable_turnover_ratio": 3.21,
            "reinvestment_rate": -17.98,
            "research_to_sale_ratio": null,
            "price_fair": 69.8,
            "eps_avg_yearly": 1.99,
            "eps_latest_yearly": 0.84,
            "eps_growth_yearly": 346.27
        },
        "20212": {
            "year_quarter": 20212,
            "year": 2021,
            "quarter": 2,
            "eps": -0.14,
            "eps_growth_year": -123.33,
            "eps_4q": 0.77,
            "eps_4q_growth_year": -71.5,
            "roe": -0.39,
            "roe_4q": 2.1,
            "gross_profit": 21351,
            "gross_margin": 40.09,
            "gross_margin_4q_avg": 31,
            "net_income": -46715,
            "net_income_4q": null,
            "revenue": 53262,
            "revenue_4q": null,
            "common_shares": 3328087,
            "book_valuer_per_share": 35.37,
            "book_valuer_per_share_4q_avg": 36.2,
            "equity": 11800637,
            "current_ratio": 165.19,
            "debt_ratio": 52.67,
            "inventory_turnover_ratio": 0,
            "account_receivable_turnover_ratio": 1.01,
            "reinvestment_rate": -17.29,
            "research_to_sale_ratio": null,
            "price_fair": 69.8,
            "eps_avg_yearly": 1.99,
            "eps_latest_yearly": 0.84,
            "eps_growth_yearly": 346.27
        },
        "20213": {
            "year_quarter": 20213,
            "year": 2021,
            "quarter": 3,
            "eps": -0.08,
            "eps_growth_year": -120,
            "eps_4q": 0.3,
            "eps_4q_growth_year": -85.92,
            "roe": -0.22,
            "roe_4q": 0.7799999999999999,
            "gross_profit": 19138,
            "gross_margin": 37.4,
            "gross_margin_4q_avg": 35.53,
            "net_income": -26240,
            "net_income_4q": null,
            "revenue": 51176,
            "revenue_4q": null,
            "common_shares": 3328087,
            "book_valuer_per_share": 35.3,
            "book_valuer_per_share_4q_avg": 35.97,
            "equity": 11774397,
            "current_ratio": 157.81,
            "debt_ratio": 55.71,
            "inventory_turnover_ratio": 0,
            "account_receivable_turnover_ratio": 0.93,
            "reinvestment_rate": -18.56,
            "research_to_sale_ratio": null,
            "price_fair": 69.8,
            "eps_avg_yearly": 1.99,
            "eps_latest_yearly": 0.84,
            "eps_growth_yearly": 346.27
        },
        "20214": {
            "year_quarter": 20214,
            "year": 2021,
            "quarter": 4,
            "eps": -0.09,
            "eps_growth_year": -130.97,
            "eps_4q": -0.1,
            "eps_4q_growth_year": -105.43,
            "roe": -0.27,
            "roe_4q": -0.31000000000000005,
            "gross_profit": 21017,
            "gross_margin": 46.55,
            "gross_margin_4q_avg": 39.86,
            "net_income": -31674,
            "net_income_4q": null,
            "revenue": 45152,
            "revenue_4q": null,
            "common_shares": 3328087,
            "book_valuer_per_share": 35.2,
            "book_valuer_per_share_4q_avg": 35.65,
            "equity": 11742722,
            "current_ratio": 160.52,
            "debt_ratio": 65.37,
            "inventory_turnover_ratio": 0,
            "account_receivable_turnover_ratio": 0.61,
            "reinvestment_rate": -24.67,
            "research_to_sale_ratio": null,
            "price_fair": 56.22,
            "eps_avg_yearly": 1.61,
            "eps_latest_yearly": 0.84,
            "eps_growth_yearly": 178.03
        },
        "20221": {
            "year_quarter": 20221,
            "year": 2022,
            "quarter": 1,
            "eps": 0.47,
            "eps_growth_year": 123.81,
            "eps_4q": 0.16,
            "eps_4q_growth_year": -89.76,
            "roe": 1.27,
            "roe_4q": 0.39,
            "gross_profit": 318118,
            "gross_margin": 62.92,
            "gross_margin_4q_avg": 46.74,
            "net_income": 154240,
            "net_income_4q": null,
            "revenue": 505567,
            "revenue_4q": null,
            "common_shares": 3328087,
            "book_valuer_per_share": 35.67,
            "book_valuer_per_share_4q_avg": 35.39,
            "equity": 12484962,
            "current_ratio": 157.39,
            "debt_ratio": 66.27,
            "inventory_turnover_ratio": 0.01,
            "account_receivable_turnover_ratio": 7.45,
            "reinvestment_rate": -28.66,
            "research_to_sale_ratio": null,
            "price_fair": 53.78,
            "eps_avg_yearly": 1.54,
            "eps_latest_yearly": 0.84,
            "eps_growth_yearly": 214.65
        },
        "20222": {
            "year_quarter": 20222,
            "year": 2022,
            "quarter": 2,
            "eps": -0.16,
            "eps_growth_year": null,
            "eps_4q": 0.14,
            "eps_4q_growth_year": -81.93,
            "roe": -0.43,
            "roe_4q": 0.3500000000000001,
            "gross_profit": 23762,
            "gross_margin": 52.74,
            "gross_margin_4q_avg": 49.9,
            "net_income": -53952,
            "net_income_4q": null,
            "revenue": 45055,
            "revenue_4q": null,
            "common_shares": 3328087,
            "book_valuer_per_share": 35.51,
            "book_valuer_per_share_4q_avg": 35.42,
            "equity": 12431010,
            "current_ratio": 156.06,
            "debt_ratio": 66.78,
            "inventory_turnover_ratio": 0,
            "account_receivable_turnover_ratio": 1.25,
            "reinvestment_rate": -15.73,
            "research_to_sale_ratio": null,
            "price_fair": 57.53,
            "eps_avg_yearly": 1.64,
            "eps_latest_yearly": 0.84,
            "eps_growth_yearly": 265.16
        },
        "20223": {
            "year_quarter": 20223,
            "year": 2022,
            "quarter": 3,
            "eps": -0.21,
            "eps_growth_year": null,
            "eps_4q": 0,
            "eps_4q_growth_year": -99.32,
            "roe": -0.6,
            "roe_4q": -0.030000000000000027,
            "gross_profit": 23067,
            "gross_margin": 23.62,
            "gross_margin_4q_avg": 46.46,
            "net_income": -74024,
            "net_income_4q": null,
            "revenue": 97643,
            "revenue_4q": null,
            "common_shares": 3328087,
            "book_valuer_per_share": 35.3,
            "book_valuer_per_share_4q_avg": 35.42,
            "equity": 12356986,
            "current_ratio": 153.07,
            "debt_ratio": 67.86,
            "inventory_turnover_ratio": 0,
            "account_receivable_turnover_ratio": 3.69,
            "reinvestment_rate": -16.5,
            "research_to_sale_ratio": null,
            "price_fair": 60.48,
            "eps_avg_yearly": 1.73,
            "eps_latest_yearly": 0.84,
            "eps_growth_yearly": 242.79
        },
        "20224": {
            "year_quarter": 20224,
            "year": 2022,
            "quarter": 4,
            "eps": -0.26,
            "eps_growth_year": null,
            "eps_4q": -0.16,
            "eps_4q_growth_year": null,
            "roe": -0.72,
            "roe_4q": -0.47999999999999976,
            "gross_profit": 16106,
            "gross_margin": 44.62,
            "gross_margin_4q_avg": 45.98,
            "net_income": -88771,
            "net_income_4q": null,
            "revenue": 36093,
            "revenue_4q": null,
            "common_shares": 3328087,
            "book_valuer_per_share": 35.04,
            "book_valuer_per_share_4q_avg": 35.38,
            "equity": 12268215,
            "current_ratio": 153.33,
            "debt_ratio": 68.97,
            "inventory_turnover_ratio": 0,
            "account_receivable_turnover_ratio": 1.41,
            "reinvestment_rate": -0.7,
            "research_to_sale_ratio": null,
            "price_fair": 60.36,
            "eps_avg_yearly": 1.72,
            "eps_latest_yearly": 0.84,
            "eps_growth_yearly": 216.43
        },
        "20231": {
            "year_quarter": 20231,
            "year": 2023,
            "quarter": 1,
            "eps": -0.32,
            "eps_growth_year": -168.09,
            "eps_4q": -0.95,
            "eps_4q_growth_year": -712.32,
            "roe": -0.9,
            "roe_4q": -2.6500000000000004,
            "gross_profit": 25646,
            "gross_margin": 58.02,
            "gross_margin_4q_avg": 44.75,
            "net_income": -109670,
            "net_income_4q": null,
            "revenue": 44204,
            "revenue_4q": null,
            "common_shares": 3328087,
            "book_valuer_per_share": 34.72,
            "book_valuer_per_share_4q_avg": 35.14,
            "equity": 12158545,
            "current_ratio": 154.28,
            "debt_ratio": 69.79,
            "inventory_turnover_ratio": 0,
            "account_receivable_turnover_ratio": 1.79,
            "reinvestment_rate": -0.74,
            "research_to_sale_ratio": null,
            "price_fair": 67.03,
            "eps_avg_yearly": 1.92,
            "eps_latest_yearly": 0.84,
            "eps_growth_yearly": 287.8
        },
        "20232": {
            "year_quarter": 20232,
            "year": 2023,
            "quarter": 2,
            "eps": -0.26,
            "eps_growth_year": null,
            "eps_4q": -1.05,
            "eps_4q_growth_year": -851.96,
            "roe": -0.73,
            "roe_4q": -2.9499999999999997,
            "gross_profit": 47912,
            "gross_margin": 56.49,
            "gross_margin_4q_avg": 45.69,
            "net_income": -87570,
            "net_income_4q": null,
            "revenue": 84808,
            "revenue_4q": null,
            "common_shares": 3328087,
            "book_valuer_per_share": 33.97,
            "book_valuer_per_share_4q_avg": 34.76,
            "equity": 11904570,
            "current_ratio": 150.54,
            "debt_ratio": 71.11,
            "inventory_turnover_ratio": 0,
            "account_receivable_turnover_ratio": 2.48,
            "reinvestment_rate": -0.86,
            "research_to_sale_ratio": null,
            "price_fair": 72.4,
            "eps_avg_yearly": 2.07,
            "eps_latest_yearly": 0.84,
            "eps_growth_yearly": 146.06
        },
        "20233": {
            "year_quarter": 20233,
            "year": 2023,
            "quarter": 3,
            "eps": -0.33,
            "eps_growth_year": null,
            "eps_4q": -1.17,
            "eps_4q_growth_year": -58151.12,
            "roe": -0.96,
            "roe_4q": -3.3099999999999996,
            "gross_profit": 25768,
            "gross_margin": 56.69,
            "gross_margin_4q_avg": 53.96,
            "net_income": -114189,
            "net_income_4q": null,
            "revenue": 45455,
            "revenue_4q": null,
            "common_shares": 3328087,
            "book_valuer_per_share": 33.63,
            "book_valuer_per_share_4q_avg": 34.34,
            "equity": 11790381,
            "current_ratio": 148.65,
            "debt_ratio": 71.76,
            "inventory_turnover_ratio": 0,
            "account_receivable_turnover_ratio": 0.59,
            "reinvestment_rate": -1.75,
            "research_to_sale_ratio": null,
            "price_fair": 5.22,
            "eps_avg_yearly": 1.74,
            "eps_latest_yearly": 0.84,
            "eps_growth_yearly": -83.57
        }
    },
    "months": {
        "2001-06": {
            "month": "2001-06",
            "price": "3.44",
            "revenue": 116352
        },
        "2001-07": {
            "month": "2001-07",
            "price": "2.92",
            "revenue": 97385
        },
        "2001-08": {
            "month": "2001-08",
            "price": "3.41",
            "revenue": 107599
        },
        "2001-09": {
            "month": "2001-09",
            "price": "3.07",
            "revenue": 49416
        },
        "2001-10": {
            "month": "2001-10",
            "price": "2.54",
            "revenue": 74684
        },
        "2001-11": {
            "month": "2001-11",
            "price": "2.47",
            "revenue": 88752
        },
        "2001-12": {
            "month": "2001-12",
            "price": "2.82",
            "revenue": 157738
        },
        "2002-01": {
            "month": "2002-01",
            "price": "3.23",
            "revenue": 80697
        },
        "2002-02": {
            "month": "2002-02",
            "price": "3.16",
            "revenue": 45659
        },
        "2002-03": {
            "month": "2002-03",
            "price": "3.61",
            "revenue": 146171
        },
        "2002-04": {
            "month": "2002-04",
            "price": "5.81",
            "revenue": 79887
        },
        "2002-05": {
            "month": "2002-05",
            "price": "6.24",
            "revenue": 36572
        },
        "2002-06": {
            "month": "2002-06",
            "price": "7.32",
            "revenue": 164043
        },
        "2002-07": {
            "month": "2002-07",
            "price": "5.59",
            "revenue": 595737
        },
        "2002-08": {
            "month": "2002-08",
            "price": "4.76",
            "revenue": 220320
        },
        "2002-09": {
            "month": "2002-09",
            "price": "3.92",
            "revenue": 179384
        },
        "2002-10": {
            "month": "2002-10",
            "price": "3.76",
            "revenue": 233527
        },
        "2002-11": {
            "month": "2002-11",
            "price": "4.28",
            "revenue": 89504
        },
        "2002-12": {
            "month": "2002-12",
            "price": "4.46",
            "revenue": 82804
        },
        "2003-01": {
            "month": "2003-01",
            "price": "5.64",
            "revenue": 34060
        },
        "2003-02": {
            "month": "2003-02",
            "price": "7.26",
            "revenue": 52301
        },
        "2003-03": {
            "month": "2003-03",
            "price": "6.50",
            "revenue": 49428
        },
        "2003-04": {
            "month": "2003-04",
            "price": "6.52",
            "revenue": 5130
        },
        "2003-05": {
            "month": "2003-05",
            "price": "6.38",
            "revenue": 60745
        },
        "2003-06": {
            "month": "2003-06",
            "price": "7.21",
            "revenue": 50017
        },
        "2003-07": {
            "month": "2003-07",
            "price": "8.98",
            "revenue": 127703
        },
        "2003-08": {
            "month": "2003-08",
            "price": "10.94",
            "revenue": 88920
        },
        "2003-09": {
            "month": "2003-09",
            "price": "14.33",
            "revenue": 26488
        },
        "2003-10": {
            "month": "2003-10",
            "price": "17.60",
            "revenue": 13132
        },
        "2003-11": {
            "month": "2003-11",
            "price": "18.91",
            "revenue": 55461
        },
        "2003-12": {
            "month": "2003-12",
            "price": "18.24",
            "revenue": 63378
        },
        "2004-01": {
            "month": "2004-01",
            "price": "23.65",
            "revenue": 21311
        },
        "2004-02": {
            "month": "2004-02",
            "price": "26.68",
            "revenue": 376
        },
        "2004-03": {
            "month": "2004-03",
            "price": "26.85",
            "revenue": 2881
        },
        "2004-04": {
            "month": "2004-04",
            "price": "24.09",
            "revenue": 645946
        },
        "2004-05": {
            "month": "2004-05",
            "price": "20.19",
            "revenue": 162001
        },
        "2004-06": {
            "month": "2004-06",
            "price": "22.86",
            "revenue": 449937
        },
        "2004-07": {
            "month": "2004-07",
            "price": "24.15",
            "revenue": 142040
        },
        "2004-08": {
            "month": "2004-08",
            "price": "20.45",
            "revenue": 205948
        },
        "2004-09": {
            "month": "2004-09",
            "price": "23.70",
            "revenue": 126959
        },
        "2004-10": {
            "month": "2004-10",
            "price": "23.04",
            "revenue": 422792
        },
        "2004-11": {
            "month": "2004-11",
            "price": "20.73",
            "revenue": 585013
        },
        "2004-12": {
            "month": "2004-12",
            "price": "23.74",
            "revenue": 384496
        },
        "2005-01": {
            "month": "2005-01",
            "price": "24.80",
            "revenue": 92047
        },
        "2005-02": {
            "month": "2005-02",
            "price": "23.13",
            "revenue": 73913
        },
        "2005-03": {
            "month": "2005-03",
            "price": "24.48",
            "revenue": 478457
        },
        "2005-04": {
            "month": "2005-04",
            "price": "21.63",
            "revenue": 124500
        },
        "2005-05": {
            "month": "2005-05",
            "price": "21.60",
            "revenue": 281374
        },
        "2005-06": {
            "month": "2005-06",
            "price": "25.22",
            "revenue": 306120
        },
        "2005-07": {
            "month": "2005-07",
            "price": "24.90",
            "revenue": 177198
        },
        "2005-08": {
            "month": "2005-08",
            "price": "23.38",
            "revenue": 184202
        },
        "2005-09": {
            "month": "2005-09",
            "price": "21.39",
            "revenue": 797682
        },
        "2005-10": {
            "month": "2005-10",
            "price": "17.55",
            "revenue": 246232
        },
        "2005-11": {
            "month": "2005-11",
            "price": "18.62",
            "revenue": 497493
        },
        "2005-12": {
            "month": "2005-12",
            "price": "21.15",
            "revenue": 416485
        },
        "2006-01": {
            "month": "2006-01",
            "price": "22.52",
            "revenue": 113484
        },
        "2006-02": {
            "month": "2006-02",
            "price": "22.45",
            "revenue": 213260
        },
        "2006-03": {
            "month": "2006-03",
            "price": "24.94",
            "revenue": 149375
        },
        "2006-04": {
            "month": "2006-04",
            "price": "26.98",
            "revenue": 348892
        },
        "2006-05": {
            "month": "2006-05",
            "price": "32.00",
            "revenue": 272790
        },
        "2006-06": {
            "month": "2006-06",
            "price": "29.14",
            "revenue": 343813
        },
        "2006-07": {
            "month": "2006-07",
            "price": "32.04",
            "revenue": 394314
        },
        "2006-08": {
            "month": "2006-08",
            "price": "32.19",
            "revenue": 153334
        },
        "2006-09": {
            "month": "2006-09",
            "price": "34.36",
            "revenue": 354398
        },
        "2006-10": {
            "month": "2006-10",
            "price": "37.36",
            "revenue": 724432
        },
        "2006-11": {
            "month": "2006-11",
            "price": "38.71",
            "revenue": 360500
        },
        "2006-12": {
            "month": "2006-12",
            "price": "39.29",
            "revenue": 691920
        },
        "2007-01": {
            "month": "2007-01",
            "price": "33.49",
            "revenue": 456631
        },
        "2007-02": {
            "month": "2007-02",
            "price": "32.62",
            "revenue": 289586
        },
        "2007-03": {
            "month": "2007-03",
            "price": "32.33",
            "revenue": 844289
        },
        "2007-04": {
            "month": "2007-04",
            "price": "33.80",
            "revenue": 297834
        },
        "2007-05": {
            "month": "2007-05",
            "price": "35.81",
            "revenue": 325934
        },
        "2007-06": {
            "month": "2007-06",
            "price": "39.32",
            "revenue": 253404
        },
        "2007-07": {
            "month": "2007-07",
            "price": "42.92",
            "revenue": 118306
        },
        "2007-08": {
            "month": "2007-08",
            "price": "36.46",
            "revenue": 488620
        },
        "2007-09": {
            "month": "2007-09",
            "price": "33.29",
            "revenue": 249280
        },
        "2007-10": {
            "month": "2007-10",
            "price": "32.45",
            "revenue": 989686
        },
        "2007-11": {
            "month": "2007-11",
            "price": "29.03",
            "revenue": 348800
        },
        "2007-12": {
            "month": "2007-12",
            "price": "25.21",
            "revenue": 376335
        },
        "2008-01": {
            "month": "2008-01",
            "price": "34.12",
            "revenue": 331585
        },
        "2008-02": {
            "month": "2008-02",
            "price": "43.86",
            "revenue": 542445
        },
        "2008-03": {
            "month": "2008-03",
            "price": "49.14",
            "revenue": 623746
        },
        "2008-04": {
            "month": "2008-04",
            "price": "58.04",
            "revenue": 1787653
        },
        "2008-05": {
            "month": "2008-05",
            "price": "55.32",
            "revenue": 897284
        },
        "2008-06": {
            "month": "2008-06",
            "price": "50.28",
            "revenue": 370494
        },
        "2008-07": {
            "month": "2008-07",
            "price": "39.75",
            "revenue": 520922
        },
        "2008-08": {
            "month": "2008-08",
            "price": "34.80",
            "revenue": 843244
        },
        "2008-09": {
            "month": "2008-09",
            "price": "27.72",
            "revenue": 271602
        },
        "2008-10": {
            "month": "2008-10",
            "price": "16.43",
            "revenue": 307733
        },
        "2008-11": {
            "month": "2008-11",
            "price": "18.82",
            "revenue": 536689
        },
        "2008-12": {
            "month": "2008-12",
            "price": "21.33",
            "revenue": 23195
        },
        "2009-01": {
            "month": "2009-01",
            "price": "23.22",
            "revenue": 606521
        },
        "2009-02": {
            "month": "2009-02",
            "price": "20.77",
            "revenue": 488531
        },
        "2009-03": {
            "month": "2009-03",
            "price": "22.66",
            "revenue": 364827
        },
        "2009-04": {
            "month": "2009-04",
            "price": "29.96",
            "revenue": 467059
        },
        "2009-05": {
            "month": "2009-05",
            "price": "41.34",
            "revenue": 581024
        },
        "2009-06": {
            "month": "2009-06",
            "price": "42.03",
            "revenue": 408292
        },
        "2009-07": {
            "month": "2009-07",
            "price": "42.50",
            "revenue": 386337
        },
        "2009-08": {
            "month": "2009-08",
            "price": "40.24",
            "revenue": 1211436
        },
        "2009-09": {
            "month": "2009-09",
            "price": "47.35",
            "revenue": 647158
        },
        "2009-10": {
            "month": "2009-10",
            "price": "51.80",
            "revenue": 293652
        },
        "2009-11": {
            "month": "2009-11",
            "price": "48.75",
            "revenue": 608532
        },
        "2009-12": {
            "month": "2009-12",
            "price": "50.57",
            "revenue": -1045870
        },
        "2010-01": {
            "month": "2010-01",
            "price": "49.64",
            "revenue": 640698
        },
        "2010-02": {
            "month": "2010-02",
            "price": "42.25",
            "revenue": 33224
        },
        "2010-03": {
            "month": "2010-03",
            "price": "42.40",
            "revenue": 170648
        },
        "2010-04": {
            "month": "2010-04",
            "price": "44.11",
            "revenue": 170565
        },
        "2010-05": {
            "month": "2010-05",
            "price": "40.76",
            "revenue": 650644
        },
        "2010-06": {
            "month": "2010-06",
            "price": "40.34",
            "revenue": 381193
        },
        "2010-07": {
            "month": "2010-07",
            "price": "38.73",
            "revenue": 477604
        },
        "2010-08": {
            "month": "2010-08",
            "price": "40.56",
            "revenue": 446129
        },
        "2010-09": {
            "month": "2010-09",
            "price": "44.27",
            "revenue": 248627
        },
        "2010-10": {
            "month": "2010-10",
            "price": "46.24",
            "revenue": 184676
        },
        "2010-11": {
            "month": "2010-11",
            "price": "44.45",
            "revenue": 251162
        },
        "2010-12": {
            "month": "2010-12",
            "price": "42.90",
            "revenue": 88486
        },
        "2011-01": {
            "month": "2011-01",
            "price": "46.77",
            "revenue": 156756
        },
        "2011-02": {
            "month": "2011-02",
            "price": "46.68",
            "revenue": 89995
        },
        "2011-03": {
            "month": "2011-03",
            "price": "37.10",
            "revenue": 197948
        },
        "2011-04": {
            "month": "2011-04",
            "price": "36.28",
            "revenue": 341604
        },
        "2011-05": {
            "month": "2011-05",
            "price": "34.88",
            "revenue": 115235
        },
        "2011-06": {
            "month": "2011-06",
            "price": "34.08",
            "revenue": 368254
        },
        "2011-07": {
            "month": "2011-07",
            "price": "40.45",
            "revenue": 265541
        },
        "2011-08": {
            "month": "2011-08",
            "price": "34.67",
            "revenue": 185187
        },
        "2011-09": {
            "month": "2011-09",
            "price": "26.42",
            "revenue": 308472
        },
        "2011-10": {
            "month": "2011-10",
            "price": "24.12",
            "revenue": 311878
        },
        "2011-11": {
            "month": "2011-11",
            "price": "23.62",
            "revenue": 272942
        },
        "2011-12": {
            "month": "2011-12",
            "price": "20.59",
            "revenue": 337380
        },
        "2012-01": {
            "month": "2012-01",
            "price": "21.35",
            "revenue": 289216
        },
        "2012-02": {
            "month": "2012-02",
            "price": "25.72",
            "revenue": 263897
        },
        "2012-03": {
            "month": "2012-03",
            "price": "29.67",
            "revenue": 704976
        },
        "2012-04": {
            "month": "2012-04",
            "price": "28.06",
            "revenue": 251967
        },
        "2012-05": {
            "month": "2012-05",
            "price": "24.59",
            "revenue": 369444
        },
        "2012-06": {
            "month": "2012-06",
            "price": "23.52",
            "revenue": 399633
        },
        "2012-07": {
            "month": "2012-07",
            "price": "24.35",
            "revenue": 471751
        },
        "2012-08": {
            "month": "2012-08",
            "price": "26.96",
            "revenue": 439017
        },
        "2012-09": {
            "month": "2012-09",
            "price": "30.26",
            "revenue": 246432
        },
        "2012-10": {
            "month": "2012-10",
            "price": "27.72",
            "revenue": 434822
        },
        "2012-11": {
            "month": "2012-11",
            "price": "28.02",
            "revenue": 257354
        },
        "2012-12": {
            "month": "2012-12",
            "price": "29.17",
            "revenue": 270447
        },
        "2013-01": {
            "month": "2013-01",
            "price": "30.12",
            "revenue": 160941
        },
        "2013-02": {
            "month": "2013-02",
            "price": "30.34",
            "revenue": 183718
        },
        "2013-03": {
            "month": "2013-03",
            "price": "30.93",
            "revenue": 119463
        },
        "2013-04": {
            "month": "2013-04",
            "price": "32.58",
            "revenue": 121256
        },
        "2013-05": {
            "month": "2013-05",
            "price": "31.86",
            "revenue": 73892
        },
        "2013-06": {
            "month": "2013-06",
            "price": "30.17",
            "revenue": 213968
        },
        "2013-07": {
            "month": "2013-07",
            "price": "30.19",
            "revenue": 3453
        },
        "2013-08": {
            "month": "2013-08",
            "price": "29.87",
            "revenue": 3481
        },
        "2013-09": {
            "month": "2013-09",
            "price": "29.90",
            "revenue": 824308
        },
        "2013-10": {
            "month": "2013-10",
            "price": "30.45",
            "revenue": 701239
        },
        "2013-11": {
            "month": "2013-11",
            "price": "30.75",
            "revenue": 325148
        },
        "2013-12": {
            "month": "2013-12",
            "price": "30.65",
            "revenue": 1275091
        },
        "2014-01": {
            "month": "2014-01",
            "price": "29.53",
            "revenue": 701468
        },
        "2014-02": {
            "month": "2014-02",
            "price": "29.11",
            "revenue": 368780
        },
        "2014-03": {
            "month": "2014-03",
            "price": "28.28",
            "revenue": 278427
        },
        "2014-04": {
            "month": "2014-04",
            "price": "28.29",
            "revenue": 197521
        },
        "2014-05": {
            "month": "2014-05",
            "price": "26.73",
            "revenue": 119127
        },
        "2014-06": {
            "month": "2014-06",
            "price": "25.26",
            "revenue": 141897
        },
        "2014-07": {
            "month": "2014-07",
            "price": "24.18",
            "revenue": 120119
        },
        "2014-08": {
            "month": "2014-08",
            "price": "24.10",
            "revenue": 138096
        },
        "2014-09": {
            "month": "2014-09",
            "price": "24.15",
            "revenue": 403683
        },
        "2014-10": {
            "month": "2014-10",
            "price": "23.36",
            "revenue": 316797
        },
        "2014-11": {
            "month": "2014-11",
            "price": "23.80",
            "revenue": 945891
        },
        "2014-12": {
            "month": "2014-12",
            "price": "25.17",
            "revenue": 768174
        },
        "2015-01": {
            "month": "2015-01",
            "price": "24.08",
            "revenue": 1754793
        },
        "2015-02": {
            "month": "2015-02",
            "price": "24.24",
            "revenue": 310623
        },
        "2015-03": {
            "month": "2015-03",
            "price": "26.49",
            "revenue": 397609
        },
        "2015-04": {
            "month": "2015-04",
            "price": "26.87",
            "revenue": 501980
        },
        "2015-05": {
            "month": "2015-05",
            "price": "26.69",
            "revenue": 51198
        },
        "2015-06": {
            "month": "2015-06",
            "price": "24.97",
            "revenue": 204584
        },
        "2015-07": {
            "month": "2015-07",
            "price": "23.11",
            "revenue": 48244
        },
        "2015-08": {
            "month": "2015-08",
            "price": "20.05",
            "revenue": 320590
        },
        "2015-09": {
            "month": "2015-09",
            "price": "21.38",
            "revenue": 714206
        },
        "2015-10": {
            "month": "2015-10",
            "price": "21.95",
            "revenue": 271163
        },
        "2015-11": {
            "month": "2015-11",
            "price": "22.16",
            "revenue": 176251
        },
        "2015-12": {
            "month": "2015-12",
            "price": "21.41",
            "revenue": 299514
        },
        "2016-01": {
            "month": "2016-01",
            "price": "20.51",
            "revenue": 2809388
        },
        "2016-02": {
            "month": "2016-02",
            "price": "21.63",
            "revenue": 367488
        },
        "2016-03": {
            "month": "2016-03",
            "price": "24.16",
            "revenue": 307963
        },
        "2016-04": {
            "month": "2016-04",
            "price": "26.11",
            "revenue": 230648
        },
        "2016-05": {
            "month": "2016-05",
            "price": "25.50",
            "revenue": 312323
        },
        "2016-06": {
            "month": "2016-06",
            "price": "26.86",
            "revenue": 117189
        },
        "2016-07": {
            "month": "2016-07",
            "price": "27.07",
            "revenue": 150167
        },
        "2016-08": {
            "month": "2016-08",
            "price": "27.56",
            "revenue": 110603
        },
        "2016-09": {
            "month": "2016-09",
            "price": "26.86",
            "revenue": 149857
        },
        "2016-10": {
            "month": "2016-10",
            "price": "25.95",
            "revenue": 37987
        },
        "2016-11": {
            "month": "2016-11",
            "price": "25.70",
            "revenue": 174006
        },
        "2016-12": {
            "month": "2016-12",
            "price": "26.33",
            "revenue": 21175
        },
        "2017-01": {
            "month": "2017-01",
            "price": "25.74",
            "revenue": 15501
        },
        "2017-02": {
            "month": "2017-02",
            "price": "25.60",
            "revenue": 22582
        },
        "2017-03": {
            "month": "2017-03",
            "price": "25.03",
            "revenue": 1893
        },
        "2017-04": {
            "month": "2017-04",
            "price": "24.41",
            "revenue": 1835
        },
        "2017-05": {
            "month": "2017-05",
            "price": "23.88",
            "revenue": 1851
        },
        "2017-06": {
            "month": "2017-06",
            "price": "23.65",
            "revenue": 82696
        },
        "2017-07": {
            "month": "2017-07",
            "price": "23.37",
            "revenue": 124740
        },
        "2017-08": {
            "month": "2017-08",
            "price": "22.56",
            "revenue": 87776
        },
        "2017-09": {
            "month": "2017-09",
            "price": "21.05",
            "revenue": 24692
        },
        "2017-10": {
            "month": "2017-10",
            "price": "20.46",
            "revenue": 130255
        },
        "2017-11": {
            "month": "2017-11",
            "price": "20.27",
            "revenue": 763676
        },
        "2017-12": {
            "month": "2017-12",
            "price": "21.30",
            "revenue": 1427831
        },
        "2018-01": {
            "month": "2018-01",
            "price": "22.55",
            "revenue": 533926
        },
        "2018-02": {
            "month": "2018-02",
            "price": "21.55",
            "revenue": 250127
        },
        "2018-03": {
            "month": "2018-03",
            "price": "21.48",
            "revenue": 193656
        },
        "2018-04": {
            "month": "2018-04",
            "price": "22.56",
            "revenue": 136655
        },
        "2018-05": {
            "month": "2018-05",
            "price": "22.30",
            "revenue": 114745
        },
        "2018-06": {
            "month": "2018-06",
            "price": "22.10",
            "revenue": 108143
        },
        "2018-07": {
            "month": "2018-07",
            "price": "21.62",
            "revenue": 736107
        },
        "2018-08": {
            "month": "2018-08",
            "price": "21.41",
            "revenue": 379675
        },
        "2018-09": {
            "month": "2018-09",
            "price": "20.75",
            "revenue": 197484
        },
        "2018-10": {
            "month": "2018-10",
            "price": "20.49",
            "revenue": 456135
        },
        "2018-11": {
            "month": "2018-11",
            "price": "19.79",
            "revenue": 246112
        },
        "2018-12": {
            "month": "2018-12",
            "price": "19.66",
            "revenue": 565269
        },
        "2019-01": {
            "month": "2019-01",
            "price": "19.66",
            "revenue": 140958
        },
        "2019-02": {
            "month": "2019-02",
            "price": "19.90",
            "revenue": 88404
        },
        "2019-03": {
            "month": "2019-03",
            "price": "20.01",
            "revenue": 78833
        },
        "2019-04": {
            "month": "2019-04",
            "price": "19.58",
            "revenue": 116102
        },
        "2019-05": {
            "month": "2019-05",
            "price": "19.64",
            "revenue": 108846
        },
        "2019-06": {
            "month": "2019-06",
            "price": "21.57",
            "revenue": 333546
        },
        "2019-07": {
            "month": "2019-07",
            "price": "21.45",
            "revenue": 495251
        },
        "2019-08": {
            "month": "2019-08",
            "price": "20.05",
            "revenue": 156283
        },
        "2019-09": {
            "month": "2019-09",
            "price": "20.74",
            "revenue": 683025
        },
        "2019-10": {
            "month": "2019-10",
            "price": "21.63",
            "revenue": 106614
        },
        "2019-11": {
            "month": "2019-11",
            "price": "21.82",
            "revenue": 403496
        },
        "2019-12": {
            "month": "2019-12",
            "price": "23.70",
            "revenue": 174566
        },
        "2020-01": {
            "month": "2020-01",
            "price": "23.46",
            "revenue": 177729
        },
        "2020-02": {
            "month": "2020-02",
            "price": "22.87",
            "revenue": 530907
        },
        "2020-03": {
            "month": "2020-03",
            "price": "21.30",
            "revenue": 332276
        },
        "2020-04": {
            "month": "2020-04",
            "price": "20.91",
            "revenue": 529283
        },
        "2020-05": {
            "month": "2020-05",
            "price": "23.00",
            "revenue": 359679
        },
        "2020-06": {
            "month": "2020-06",
            "price": "23.77",
            "revenue": 137446
        },
        "2020-07": {
            "month": "2020-07",
            "price": "24.07",
            "revenue": 159751
        },
        "2020-08": {
            "month": "2020-08",
            "price": "24.14",
            "revenue": 488028
        },
        "2020-09": {
            "month": "2020-09",
            "price": "23.91",
            "revenue": 741024
        },
        "2020-10": {
            "month": "2020-10",
            "price": "24.14",
            "revenue": 344710
        },
        "2020-11": {
            "month": "2020-11",
            "price": "23.78",
            "revenue": 134590
        },
        "2020-12": {
            "month": "2020-12",
            "price": "22.98",
            "revenue": 42027
        },
        "2021-01": {
            "month": "2021-01",
            "price": "22.17",
            "revenue": 46240
        },
        "2021-02": {
            "month": "2021-02",
            "price": "22.13",
            "revenue": 73571
        },
        "2021-03": {
            "month": "2021-03",
            "price": "22.54",
            "revenue": 53142
        },
        "2021-04": {
            "month": "2021-04",
            "price": "22.98",
            "revenue": 25104
        },
        "2021-05": {
            "month": "2021-05",
            "price": "21.83",
            "revenue": 14059
        },
        "2021-06": {
            "month": "2021-06",
            "price": "21.79",
            "revenue": 14098
        },
        "2021-07": {
            "month": "2021-07",
            "price": "21.87",
            "revenue": 14679
        },
        "2021-08": {
            "month": "2021-08",
            "price": "21.64",
            "revenue": 14277
        },
        "2021-09": {
            "month": "2021-09",
            "price": "21.06",
            "revenue": 22220
        },
        "2021-10": {
            "month": "2021-10",
            "price": "21.27",
            "revenue": 14315
        },
        "2021-11": {
            "month": "2021-11",
            "price": "22.18",
            "revenue": 14286
        },
        "2021-12": {
            "month": "2021-12",
            "price": "22.99",
            "revenue": 16552
        },
        "2022-01": {
            "month": "2022-01",
            "price": "22.61",
            "revenue": 477110
        },
        "2022-02": {
            "month": "2022-02",
            "price": "22.62",
            "revenue": 14229
        },
        "2022-03": {
            "month": "2022-03",
            "price": "22.30",
            "revenue": 14228
        },
        "2022-04": {
            "month": "2022-04",
            "price": "21.26",
            "revenue": 14221
        },
        "2022-05": {
            "month": "2022-05",
            "price": "21.01",
            "revenue": 17186
        },
        "2022-06": {
            "month": "2022-06",
            "price": "21.36",
            "revenue": 13648
        },
        "2022-07": {
            "month": "2022-07",
            "price": "21.01",
            "revenue": 13657
        },
        "2022-08": {
            "month": "2022-08",
            "price": "22.03",
            "revenue": 72044
        },
        "2022-09": {
            "month": "2022-09",
            "price": "23.14",
            "revenue": 11942
        },
        "2022-10": {
            "month": "2022-10",
            "price": "22.31",
            "revenue": 11866
        },
        "2022-11": {
            "month": "2022-11",
            "price": "22.55",
            "revenue": 11866
        },
        "2022-12": {
            "month": "2022-12",
            "price": "22.46",
            "revenue": 12361
        },
        "2023-01": {
            "month": "2023-01",
            "price": "22.48",
            "revenue": 14641
        },
        "2023-02": {
            "month": "2023-02",
            "price": "22.34",
            "revenue": 14640
        },
        "2023-03": {
            "month": "2023-03",
            "price": "23.66",
            "revenue": 14923
        },
        "2023-04": {
            "month": "2023-04",
            "price": "24.31",
            "revenue": 45344
        },
        "2023-05": {
            "month": "2023-05",
            "price": "25.34",
            "revenue": 15240
        },
        "2023-06": {
            "month": "2023-06",
            "price": "26.27",
            "revenue": 24224
        },
        "2023-07": {
            "month": "2023-07",
            "price": "26.24",
            "revenue": 14993
        },
        "2023-08": {
            "month": "2023-08",
            "price": "25.53",
            "revenue": 14993
        },
        "2023-09": {
            "month": "2023-09",
            "price": "26.24",
            "revenue": 15469
        },
        "2023-10": {
            "month": "2023-10",
            "price": "27.70",
            "revenue": 51009
        },
        "2023-11": {
            "month": "2023-11",
            "price": "28.45",
            "revenue": 663201
        },
        "2023-12": {
            "month": "2023-12",
            "price": "29.27",
            "revenue": 2344466
        }
    }
}
