{
    "summary": {
        "stock_name": "聯上發",
        "stock_id": "2537",
        "category": "建材營造",
        "main_business": "委託營造廠商興建國民住宅及商業辦公大樓出租出售業務。<br>代理及買賣各種工程材料建設機械及進出口業務。<br>電腦設備安裝業。",
        "website_url": "http://www.5v.com.tw",
        "ceo": "李志明",
        "pe_ratio": -35,
        "report_year_from": 2001,
        "report_year_to": 2023,
        "age": 22,
        "eps_negative_percentage": 48,
        "eps_growth_avg": {
            "last_all": -4.27,
            "last_2y": 9.49,
            "last_4y": -27.01,
            "last_8y": -27.65,
            "last_12y": -4.27,
            "last_16y": -4.27,
            "last_20y": -4.27,
            "at_2006_last_3y": null,
            "at_2007_last_3y": null,
            "at_2008_last_3y": null,
            "at_2009_last_3y": null,
            "at_2010_last_3y": -65,
            "at_2011_last_3y": 17.5,
            "at_2012_last_3y": 15.5,
            "at_2013_last_3y": 36.63,
            "at_2014_last_3y": 36.26,
            "at_2015_last_3y": 36.26,
            "at_2016_last_3y": 21.87,
            "at_2017_last_3y": -28.13,
            "at_2018_last_3y": -15.34,
            "at_2019_last_3y": -82.01,
            "at_2020_last_3y": -100,
            "at_2021_last_3y": 0,
            "at_2022_last_3y": -27.01,
            "at_2023_last_3y": -27.01,
            "at_2006_last_all": null,
            "at_2007_last_all": null,
            "at_2008_last_all": null,
            "at_2009_last_all": null,
            "at_2010_last_all": -65,
            "at_2011_last_all": 17.5,
            "at_2012_last_all": 15.5,
            "at_2013_last_all": 36.63,
            "at_2014_last_all": 16.01,
            "at_2015_last_all": 30.01,
            "at_2016_last_all": 19.14,
            "at_2017_last_all": 4.25,
            "at_2018_last_all": 4.25,
            "at_2019_last_all": -7.33,
            "at_2020_last_all": -7.33,
            "at_2021_last_all": 3.4,
            "at_2022_last_all": -4.27,
            "at_2023_last_all": -4.27
        },
        "latest_eps": -0.22,
        "latest_price": 7.73,
        "latest_roe": -1.61,
        "latest_gross_margin": 20.15,
        "latest_equity": 4082491,
        "latest_revenue": 133671,
        "latest_gross_profit": 26932,
        "latest_net_income": -18672,
        "latest_debt_ratio": 73.43,
        "latest_current_ratio": 156.31,
        "latest_account_receivable_turnover_ratio": 35.22,
        "latest_inventory_turnover_ratio": 0.01,
        "latest_reinvestment_rate": -39.34,
        "latest_research_to_sale_ratio": null
    },
    "eps_dividends": {
        "1994": {
            "cash": 0,
            "stock": 0.1,
            "eps": 0
        },
        "1995": {
            "cash": 0,
            "stock": 0.13,
            "eps": 0
        },
        "1996": {
            "cash": 0.5,
            "stock": 0.8,
            "eps": 0
        },
        "1998": {
            "cash": 1.66,
            "stock": 1.66,
            "eps": 0
        },
        "2001": {
            "cash": 0,
            "stock": 0,
            "eps": -1.95
        },
        "2002": {
            "cash": 0,
            "stock": 0,
            "eps": -2.13
        },
        "2003": {
            "cash": 0,
            "stock": 0,
            "eps": -2.52
        },
        "2004": {
            "cash": 0,
            "stock": 0,
            "eps": -0.51
        },
        "2005": {
            "cash": 0,
            "stock": 0,
            "eps": -5.04
        },
        "2006": {
            "cash": 0,
            "stock": 0,
            "eps": -2.01
        },
        "2007": {
            "cash": 0,
            "stock": 0,
            "eps": -0.62
        },
        "2008": {
            "cash": 0,
            "stock": 0,
            "eps": -0.22
        },
        "2009": {
            "cash": 0,
            "stock": 0,
            "eps": 0.4
        },
        "2010": {
            "cash": 0,
            "stock": 0,
            "eps": 0.14
        },
        "2011": {
            "cash": 0,
            "stock": 0,
            "eps": 1.39
        },
        "2012": {
            "cash": 0,
            "stock": 0,
            "eps": 1.55
        },
        "2013": {
            "cash": 0,
            "stock": 0,
            "eps": 3.58
        },
        "2014": {
            "cash": 0.2,
            "stock": 0.8,
            "eps": 1.2
        },
        "2015": {
            "cash": 0.2,
            "stock": 0.8,
            "eps": 2.52
        },
        "2016": {
            "cash": 0.8,
            "stock": 0.8,
            "eps": 1.36
        },
        "2017": {
            "cash": 0.4,
            "stock": 0.4,
            "eps": -0.17
        },
        "2018": {
            "cash": 0,
            "stock": 0,
            "eps": 0.09
        },
        "2019": {
            "cash": 0,
            "stock": 0,
            "eps": -0.88
        },
        "2020": {
            "cash": 0,
            "stock": 0,
            "eps": 0.59
        },
        "2021": {
            "cash": 0.4,
            "stock": 0,
            "eps": 1.37
        },
        "2022": {
            "cash": 0.9,
            "stock": 0,
            "eps": 0.26
        },
        "2023": {
            "cash": 0,
            "stock": 0,
            "eps": -0.17
        }
    },
    "dividends": {
        "1994-05-31": {
            "cash": 0,
            "stock": 0.1
        },
        "1995-03-28": {
            "cash": 0,
            "stock": 0.13
        },
        "1996-03-25": {
            "cash": 0.5,
            "stock": 0.8
        },
        "1998-06-03": {
            "cash": 1.66,
            "stock": 1.66
        },
        "2014-10-01": {
            "cash": 0.2,
            "stock": 0.8
        },
        "2015-12-14": {
            "cash": 0.2,
            "stock": 0.8
        },
        "2016-10-19": {
            "cash": 0.8,
            "stock": 0.8
        },
        "2017-10-12": {
            "cash": 0.4,
            "stock": 0.4
        },
        "2021-08-27": {
            "cash": 0.4,
            "stock": 0
        },
        "2022-08-26": {
            "cash": 0.9,
            "stock": 0
        }
    },
    "prices": {
        "200101": "6.69",
        "200102": "5.92",
        "200103": "6.39",
        "200104": "4.62",
        "200105": "2.99",
        "200106": "1.89",
        "200107": "1.89",
        "200108": "2.32",
        "200109": "1.84",
        "200110": "1.36",
        "200111": "1.37",
        "200112": "1.90",
        "200201": "1.81",
        "200202": "1.99",
        "200203": "2.11",
        "200204": "3.83",
        "200205": "2.79",
        "200206": "1.45",
        "200207": "1.10",
        "200208": "0.88",
        "200209": "0.63",
        "200210": "0.75",
        "200211": "0.94",
        "200212": "1.58",
        "200301": "1.69",
        "200302": "1.63",
        "200303": "1.42",
        "200304": "1.38",
        "200305": "1.82",
        "200306": "2.68",
        "200307": "2.70",
        "200308": "2.55",
        "200309": "2.32",
        "200310": "2.75",
        "200311": "2.64",
        "200312": "2.39",
        "200401": "4.96",
        "200402": "6.28",
        "200403": "6.38",
        "200404": "5.56",
        "200405": "2.75",
        "200406": "1.18",
        "200407": "0.93",
        "200408": "0.98",
        "200409": "2.92",
        "200410": "2.94",
        "200411": "2.63",
        "200412": "3.10",
        "200501": "3.67",
        "200502": "3.04",
        "200503": "3.23",
        "200504": "2.47",
        "200505": "1.61",
        "200506": "1.83",
        "200507": "1.75",
        "200508": "1.46",
        "200509": "1.47",
        "200510": "1.46",
        "200511": "1.69",
        "200512": "1.85",
        "200601": "2.66",
        "200602": "2.45",
        "200603": "2.57",
        "200604": "2.45",
        "200605": "2.50",
        "200606": "3.34",
        "200607": "2.99",
        "200608": "2.97",
        "200609": "2.71",
        "200610": "5.98",
        "200611": "6.00",
        "200612": "8.85",
        "200701": "8.58",
        "200702": "8.15",
        "200703": "8.86",
        "200704": "9.22",
        "200705": "9.01",
        "200706": "8.70",
        "200707": "8.41",
        "200708": "8.44",
        "200709": "8.29",
        "200710": "7.70",
        "200711": "7.66",
        "200712": "7.27",
        "200801": "7.83",
        "200802": "7.34",
        "200803": "8.99",
        "200804": "9.80",
        "200805": "9.36",
        "200806": "9.53",
        "200807": "8.09",
        "200808": "8.13",
        "200809": "8.10",
        "200810": "8.17",
        "200811": "6.63",
        "200812": "5.53",
        "200901": "5.12",
        "200902": "5.72",
        "200903": "5.87",
        "200904": "7.63",
        "200905": "8.22",
        "200906": "9.07",
        "200907": "11.22",
        "200908": "13.02",
        "200909": "12.66",
        "200910": "13.21",
        "200911": "12.73",
        "200912": "12.47",
        "201001": "16.36",
        "201002": "15.55",
        "201003": "16.17",
        "201004": "18.35",
        "201005": "17.61",
        "201006": "16.87",
        "201007": "16.60",
        "201008": "16.20",
        "201009": "15.78",
        "201010": "16.03",
        "201011": "15.96",
        "201012": "16.65",
        "201101": "18.37",
        "201102": "17.56",
        "201103": "15.58",
        "201104": "14.59",
        "201105": "14.68",
        "201106": "14.65",
        "201107": "15.69",
        "201108": "15.53",
        "201109": "14.93",
        "201110": "14.46",
        "201111": "14.50",
        "201112": "14.18",
        "201201": "14.77",
        "201202": "15.70",
        "201203": "16.73",
        "201204": "15.56",
        "201205": "15.35",
        "201206": "14.64",
        "201207": "13.99",
        "201208": "14.92",
        "201209": "15.97",
        "201210": "13.86",
        "201211": "13.04",
        "201212": "13.29",
        "201301": "15.28",
        "201302": "15.74",
        "201303": "15.96",
        "201304": "18.08",
        "201305": "18.99",
        "201306": "18.42",
        "201307": "17.82",
        "201308": "18.09",
        "201309": "17.44",
        "201310": "16.73",
        "201311": "16.22",
        "201312": "15.59",
        "201401": "15.17",
        "201402": "14.96",
        "201403": "14.83",
        "201404": "14.49",
        "201405": "13.78",
        "201406": "13.56",
        "201407": "12.67",
        "201408": "12.57",
        "201409": "11.95",
        "201410": "11.67",
        "201411": "11.52",
        "201412": "11.84",
        "201501": "11.58",
        "201502": "11.50",
        "201503": "11.36",
        "201504": "11.08",
        "201505": "10.52",
        "201506": "9.58",
        "201507": "9.31",
        "201508": "8.02",
        "201509": "8.24",
        "201510": "8.83",
        "201511": "8.44",
        "201512": "8.35",
        "201601": "8.46",
        "201602": "8.33",
        "201603": "9.49",
        "201604": "10.80",
        "201605": "11.21",
        "201606": "11.18",
        "201607": "11.21",
        "201608": "11.47",
        "201609": "10.73",
        "201610": "9.47",
        "201611": "9.27",
        "201612": "9.73",
        "201701": "9.39",
        "201702": "9.86",
        "201703": "10.23",
        "201704": "9.76",
        "201705": "9.43",
        "201706": "9.42",
        "201707": "9.46",
        "201708": "9.25",
        "201709": "8.52",
        "201710": "8.41",
        "201711": "8.30",
        "201712": "8.19",
        "201801": "8.26",
        "201802": "7.75",
        "201803": "7.98",
        "201804": "7.93",
        "201805": "7.75",
        "201806": "7.80",
        "201807": "7.46",
        "201808": "7.50",
        "201809": "7.45",
        "201810": "6.55",
        "201811": "6.40",
        "201812": "6.30",
        "201901": "6.10",
        "201902": "6.33",
        "201903": "6.43",
        "201904": "6.46",
        "201905": "6.80",
        "201906": "7.05",
        "201907": "7.08",
        "201908": "7.92",
        "201909": "8.91",
        "201910": "8.30",
        "201911": "8.39",
        "201912": "9.30",
        "202001": "10.77",
        "202002": "10.55",
        "202003": "7.67",
        "202004": "8.29",
        "202005": "10.03",
        "202006": "9.95",
        "202007": "9.90",
        "202008": "10.03",
        "202009": "10.98",
        "202010": "10.58",
        "202011": "10.16",
        "202012": "9.74",
        "202101": "9.24",
        "202102": "9.14",
        "202103": "9.61",
        "202104": "10.15",
        "202105": "9.21",
        "202106": "9.57",
        "202107": "9.93",
        "202108": "9.59",
        "202109": "9.91",
        "202110": "9.57",
        "202111": "10.30",
        "202112": "10.41",
        "202201": "10.16",
        "202202": "10.16",
        "202203": "10.27",
        "202204": "10.91",
        "202205": "9.75",
        "202206": "9.23",
        "202207": "8.84",
        "202208": "8.00",
        "202209": "7.71",
        "202210": "7.08",
        "202211": "7.06",
        "202212": "7.18",
        "202301": "7.04",
        "202302": "7.05",
        "202303": "6.91",
        "202304": "6.97",
        "202305": "7.02",
        "202306": "7.28",
        "202307": "7.16",
        "202308": "7.26",
        "202309": "7.86",
        "202310": "7.83"
    },
    "quarters": {
        "20011": {
            "year_quarter": 20011,
            "year": 2001,
            "quarter": 1,
            "eps": -0.04,
            "eps_growth_year": -114.29,
            "eps_4q": -0.88,
            "eps_4q_growth_year": null,
            "roe": -0.6,
            "roe_4q": -0.6,
            "gross_profit": 27254,
            "gross_margin": 13.82,
            "gross_margin_4q_avg": 13.82,
            "net_income": -11736,
            "net_income_4q": null,
            "revenue": 197239,
            "revenue_4q": null,
            "common_shares": 3211567,
            "book_valuer_per_share": 6.11,
            "book_valuer_per_share_4q_avg": 6.11,
            "equity": 1961373,
            "current_ratio": 168.17,
            "debt_ratio": 57.38,
            "inventory_turnover_ratio": 0.05,
            "account_receivable_turnover_ratio": null,
            "reinvestment_rate": null,
            "research_to_sale_ratio": null,
            "price_fair": 0,
            "eps_avg_yearly": 0,
            "eps_latest_yearly": 0,
            "eps_growth_yearly": 0
        },
        "20012": {
            "year_quarter": 20012,
            "year": 2001,
            "quarter": 2,
            "eps": -0.84,
            "eps_growth_year": null,
            "eps_4q": -1.38,
            "eps_4q_growth_year": null,
            "roe": -14.71,
            "roe_4q": -15.31,
            "gross_profit": -40203,
            "gross_margin": -14.84,
            "gross_margin_4q_avg": -0.51,
            "net_income": -269282,
            "net_income_4q": null,
            "revenue": 270893,
            "revenue_4q": null,
            "common_shares": 3211567,
            "book_valuer_per_share": 5.29,
            "book_valuer_per_share_4q_avg": 5.7,
            "equity": 1699073,
            "current_ratio": 155.98,
            "debt_ratio": 58.84,
            "inventory_turnover_ratio": 0.1,
            "account_receivable_turnover_ratio": null,
            "reinvestment_rate": null,
            "research_to_sale_ratio": null,
            "price_fair": 0,
            "eps_avg_yearly": 0,
            "eps_latest_yearly": 0,
            "eps_growth_yearly": 0
        },
        "20013": {
            "year_quarter": 20013,
            "year": 2001,
            "quarter": 3,
            "eps": -0.2,
            "eps_growth_year": null,
            "eps_4q": -0.92,
            "eps_4q_growth_year": null,
            "roe": -3.85,
            "roe_4q": -19.160000000000004,
            "gross_profit": -25461,
            "gross_margin": -12.85,
            "gross_margin_4q_avg": -4.62,
            "net_income": -64107,
            "net_income_4q": null,
            "revenue": 198120,
            "revenue_4q": null,
            "common_shares": 3211567,
            "book_valuer_per_share": 5.08,
            "book_valuer_per_share_4q_avg": 5.49,
            "equity": 1631231,
            "current_ratio": 160.27,
            "debt_ratio": 57.84,
            "inventory_turnover_ratio": 0.09,
            "account_receivable_turnover_ratio": null,
            "reinvestment_rate": null,
            "research_to_sale_ratio": null,
            "price_fair": 0,
            "eps_avg_yearly": 0,
            "eps_latest_yearly": 0,
            "eps_growth_yearly": 0
        },
        "20014": {
            "year_quarter": 20014,
            "year": 2001,
            "quarter": 4,
            "eps": -0.87,
            "eps_growth_year": -643.75,
            "eps_4q": -1.85,
            "eps_4q_growth_year": null,
            "roe": -18.34,
            "roe_4q": -37.50000000000001,
            "gross_profit": -72243,
            "gross_margin": -36.63,
            "gross_margin_4q_avg": -12.63,
            "net_income": -279511,
            "net_income_4q": null,
            "revenue": 197234,
            "revenue_4q": null,
            "common_shares": 3211567,
            "book_valuer_per_share": 4.22,
            "book_valuer_per_share_4q_avg": 5.18,
            "equity": 1417196,
            "current_ratio": 130.15,
            "debt_ratio": 64.09,
            "inventory_turnover_ratio": 0.11,
            "account_receivable_turnover_ratio": null,
            "reinvestment_rate": null,
            "research_to_sale_ratio": null,
            "price_fair": 0,
            "eps_avg_yearly": 0,
            "eps_latest_yearly": 0,
            "eps_growth_yearly": 0
        },
        "20021": {
            "year_quarter": 20021,
            "year": 2002,
            "quarter": 1,
            "eps": -0.18,
            "eps_growth_year": null,
            "eps_4q": -2.14,
            "eps_4q_growth_year": null,
            "roe": -4.15,
            "roe_4q": -41.050000000000004,
            "gross_profit": -8457,
            "gross_margin": -7.87,
            "gross_margin_4q_avg": -18.05,
            "net_income": -56355,
            "net_income_4q": null,
            "revenue": 107510,
            "revenue_4q": null,
            "common_shares": 3211567,
            "book_valuer_per_share": 4.05,
            "book_valuer_per_share_4q_avg": 4.66,
            "equity": 1300452,
            "current_ratio": 145.13,
            "debt_ratio": 61.88,
            "inventory_turnover_ratio": 0.05,
            "account_receivable_turnover_ratio": null,
            "reinvestment_rate": null,
            "research_to_sale_ratio": null,
            "price_fair": 0,
            "eps_avg_yearly": 0,
            "eps_latest_yearly": 0,
            "eps_growth_yearly": 0
        },
        "20022": {
            "year_quarter": 20022,
            "year": 2002,
            "quarter": 2,
            "eps": -0.3,
            "eps_growth_year": null,
            "eps_4q": -1.55,
            "eps_4q_growth_year": null,
            "roe": -7.8,
            "roe_4q": -34.14,
            "gross_profit": -47011,
            "gross_margin": -13.39,
            "gross_margin_4q_avg": -17.69,
            "net_income": -97809,
            "net_income_4q": null,
            "revenue": 350972,
            "revenue_4q": null,
            "common_shares": 3211567,
            "book_valuer_per_share": 3.76,
            "book_valuer_per_share_4q_avg": 4.28,
            "equity": 1207389,
            "current_ratio": 144.33,
            "debt_ratio": 62.14,
            "inventory_turnover_ratio": 0.2,
            "account_receivable_turnover_ratio": null,
            "reinvestment_rate": null,
            "research_to_sale_ratio": null,
            "price_fair": 0,
            "eps_avg_yearly": 0,
            "eps_latest_yearly": 0,
            "eps_growth_yearly": 0
        },
        "20023": {
            "year_quarter": 20023,
            "year": 2002,
            "quarter": 3,
            "eps": -0.41,
            "eps_growth_year": null,
            "eps_4q": -3.11,
            "eps_4q_growth_year": null,
            "roe": -5.53,
            "roe_4q": -35.82,
            "gross_profit": -12351,
            "gross_margin": -10.41,
            "gross_margin_4q_avg": -17.08,
            "net_income": -65059,
            "net_income_4q": null,
            "revenue": 118613,
            "revenue_4q": null,
            "common_shares": 1605783,
            "book_valuer_per_share": 7.14,
            "book_valuer_per_share_4q_avg": 4.79,
            "equity": 1146404,
            "current_ratio": 132.37,
            "debt_ratio": 62.65,
            "inventory_turnover_ratio": 0.07,
            "account_receivable_turnover_ratio": null,
            "reinvestment_rate": null,
            "research_to_sale_ratio": null,
            "price_fair": 0,
            "eps_avg_yearly": 0,
            "eps_latest_yearly": 0,
            "eps_growth_yearly": 0
        },
        "20024": {
            "year_quarter": 20024,
            "year": 2002,
            "quarter": 4,
            "eps": -1.24,
            "eps_growth_year": null,
            "eps_4q": -2.42,
            "eps_4q_growth_year": null,
            "roe": -18.81,
            "roe_4q": -36.29,
            "gross_profit": -29884,
            "gross_margin": -23.55,
            "gross_margin_4q_avg": -13.81,
            "net_income": -199341,
            "net_income_4q": null,
            "revenue": 126893,
            "revenue_4q": null,
            "common_shares": 1605783,
            "book_valuer_per_share": 5.9,
            "book_valuer_per_share_4q_avg": 5.21,
            "equity": 973280,
            "current_ratio": 118.94,
            "debt_ratio": 69.25,
            "inventory_turnover_ratio": 0.09,
            "account_receivable_turnover_ratio": null,
            "reinvestment_rate": null,
            "research_to_sale_ratio": null,
            "price_fair": 0,
            "eps_avg_yearly": 0,
            "eps_latest_yearly": 0,
            "eps_growth_yearly": 0
        },
        "20031": {
            "year_quarter": 20031,
            "year": 2003,
            "quarter": 1,
            "eps": -0.31,
            "eps_growth_year": null,
            "eps_4q": -2.54,
            "eps_4q_growth_year": null,
            "roe": -5.38,
            "roe_4q": -37.519999999999996,
            "gross_profit": -10696,
            "gross_margin": -17.05,
            "gross_margin_4q_avg": -16.1,
            "net_income": -50331,
            "net_income_4q": null,
            "revenue": 62748,
            "revenue_4q": null,
            "common_shares": 1605783,
            "book_valuer_per_share": 5.58,
            "book_valuer_per_share_4q_avg": 5.6,
            "equity": 896593,
            "current_ratio": 126.41,
            "debt_ratio": 66.76,
            "inventory_turnover_ratio": 0.04,
            "account_receivable_turnover_ratio": null,
            "reinvestment_rate": null,
            "research_to_sale_ratio": null,
            "price_fair": 0,
            "eps_avg_yearly": 0,
            "eps_latest_yearly": 0,
            "eps_growth_yearly": 0
        },
        "20032": {
            "year_quarter": 20032,
            "year": 2003,
            "quarter": 2,
            "eps": -0.35,
            "eps_growth_year": null,
            "eps_4q": -2.31,
            "eps_4q_growth_year": null,
            "roe": -6.38,
            "roe_4q": -36.1,
            "gross_profit": -18511,
            "gross_margin": -13.28,
            "gross_margin_4q_avg": -16.07,
            "net_income": -55477,
            "net_income_4q": null,
            "revenue": 139404,
            "revenue_4q": null,
            "common_shares": 1605783,
            "book_valuer_per_share": 5.24,
            "book_valuer_per_share_4q_avg": 5.97,
            "equity": 841592,
            "current_ratio": 131.84,
            "debt_ratio": 68.16,
            "inventory_turnover_ratio": 0.1,
            "account_receivable_turnover_ratio": null,
            "reinvestment_rate": null,
            "research_to_sale_ratio": null,
            "price_fair": 0,
            "eps_avg_yearly": 0,
            "eps_latest_yearly": 0,
            "eps_growth_yearly": 0
        },
        "20033": {
            "year_quarter": 20033,
            "year": 2003,
            "quarter": 3,
            "eps": 0.02,
            "eps_growth_year": null,
            "eps_4q": -1.53,
            "eps_4q_growth_year": null,
            "roe": 0.47,
            "roe_4q": -30.099999999999998,
            "gross_profit": -10468,
            "gross_margin": -55.95,
            "gross_margin_4q_avg": -27.46,
            "net_income": 3931,
            "net_income_4q": null,
            "revenue": 18709,
            "revenue_4q": null,
            "common_shares": 1605783,
            "book_valuer_per_share": 5.26,
            "book_valuer_per_share_4q_avg": 5.5,
            "equity": 844405,
            "current_ratio": 129.16,
            "debt_ratio": 66.7,
            "inventory_turnover_ratio": 0.02,
            "account_receivable_turnover_ratio": null,
            "reinvestment_rate": null,
            "research_to_sale_ratio": null,
            "price_fair": 0,
            "eps_avg_yearly": 0,
            "eps_latest_yearly": 0,
            "eps_growth_yearly": 0
        },
        "20034": {
            "year_quarter": 20034,
            "year": 2003,
            "quarter": 4,
            "eps": -1.88,
            "eps_growth_year": null,
            "eps_4q": -2.51,
            "eps_4q_growth_year": null,
            "roe": -42.82,
            "roe_4q": -54.11000000000001,
            "gross_profit": -42638,
            "gross_margin": -60.58,
            "gross_margin_4q_avg": -36.72,
            "net_income": -302188,
            "net_income_4q": null,
            "revenue": 70388,
            "revenue_4q": null,
            "common_shares": 1605783,
            "book_valuer_per_share": 3.38,
            "book_valuer_per_share_4q_avg": 4.87,
            "equity": 567138,
            "current_ratio": 104.38,
            "debt_ratio": 76.34,
            "inventory_turnover_ratio": 0.08,
            "account_receivable_turnover_ratio": null,
            "reinvestment_rate": null,
            "research_to_sale_ratio": null,
            "price_fair": 0,
            "eps_avg_yearly": 0,
            "eps_latest_yearly": 0,
            "eps_growth_yearly": 0
        },
        "20041": {
            "year_quarter": 20041,
            "year": 2004,
            "quarter": 1,
            "eps": -0.09,
            "eps_growth_year": null,
            "eps_4q": -2.27,
            "eps_4q_growth_year": null,
            "roe": -2.67,
            "roe_4q": -51.400000000000006,
            "gross_profit": -51730,
            "gross_margin": -84.38,
            "gross_margin_4q_avg": -53.55,
            "net_income": -14608,
            "net_income_4q": null,
            "revenue": 61304,
            "revenue_4q": null,
            "common_shares": 1605783,
            "book_valuer_per_share": 3.28,
            "book_valuer_per_share_4q_avg": 4.29,
            "equity": 526771,
            "current_ratio": 130.96,
            "debt_ratio": 71.64,
            "inventory_turnover_ratio": 0.09,
            "account_receivable_turnover_ratio": null,
            "reinvestment_rate": null,
            "research_to_sale_ratio": null,
            "price_fair": 0,
            "eps_avg_yearly": 0,
            "eps_latest_yearly": 0,
            "eps_growth_yearly": 0
        },
        "20042": {
            "year_quarter": 20042,
            "year": 2004,
            "quarter": 2,
            "eps": -0.14,
            "eps_growth_year": null,
            "eps_4q": -3.56,
            "eps_4q_growth_year": null,
            "roe": -2.52,
            "roe_4q": -47.54,
            "gross_profit": 13911,
            "gross_margin": 32.29,
            "gross_margin_4q_avg": -42.16,
            "net_income": -13118,
            "net_income_4q": null,
            "revenue": 43077,
            "revenue_4q": null,
            "common_shares": 915297,
            "book_valuer_per_share": 5.62,
            "book_valuer_per_share_4q_avg": 4.39,
            "equity": 514437,
            "current_ratio": 132.18,
            "debt_ratio": 70.9,
            "inventory_turnover_ratio": 0.02,
            "account_receivable_turnover_ratio": null,
            "reinvestment_rate": null,
            "research_to_sale_ratio": null,
            "price_fair": 0,
            "eps_avg_yearly": 0,
            "eps_latest_yearly": 0,
            "eps_growth_yearly": 0
        },
        "20043": {
            "year_quarter": 20043,
            "year": 2004,
            "quarter": 3,
            "eps": -0.38,
            "eps_growth_year": -2000,
            "eps_4q": -3.99,
            "eps_4q_growth_year": null,
            "roe": -7.01,
            "roe_4q": -55.019999999999996,
            "gross_profit": -12772,
            "gross_margin": -849.77,
            "gross_margin_4q_avg": -240.61,
            "net_income": -34867,
            "net_income_4q": null,
            "revenue": 1503,
            "revenue_4q": null,
            "common_shares": 915297,
            "book_valuer_per_share": 5.25,
            "book_valuer_per_share_4q_avg": 4.38,
            "equity": 480465,
            "current_ratio": 121.07,
            "debt_ratio": 71.88,
            "inventory_turnover_ratio": 0.01,
            "account_receivable_turnover_ratio": null,
            "reinvestment_rate": null,
            "research_to_sale_ratio": null,
            "price_fair": 0,
            "eps_avg_yearly": 0,
            "eps_latest_yearly": 0,
            "eps_growth_yearly": 0
        },
        "20044": {
            "year_quarter": 20044,
            "year": 2004,
            "quarter": 4,
            "eps": 0.1,
            "eps_growth_year": null,
            "eps_4q": -0.58,
            "eps_4q_growth_year": null,
            "roe": 1.93,
            "roe_4q": -10.27,
            "gross_profit": 5594,
            "gross_margin": 16.47,
            "gross_margin_4q_avg": -221.35,
            "net_income": 9169,
            "net_income_4q": null,
            "revenue": 33959,
            "revenue_4q": null,
            "common_shares": 915297,
            "book_valuer_per_share": 5.14,
            "book_valuer_per_share_4q_avg": 4.82,
            "equity": 470033,
            "current_ratio": 123.67,
            "debt_ratio": 71.67,
            "inventory_turnover_ratio": 0.02,
            "account_receivable_turnover_ratio": null,
            "reinvestment_rate": null,
            "research_to_sale_ratio": null,
            "price_fair": 0,
            "eps_avg_yearly": 0,
            "eps_latest_yearly": 0,
            "eps_growth_yearly": 0
        },
        "20051": {
            "year_quarter": 20051,
            "year": 2005,
            "quarter": 1,
            "eps": -0.22,
            "eps_growth_year": null,
            "eps_4q": -0.64,
            "eps_4q_growth_year": null,
            "roe": -4.47,
            "roe_4q": -12.07,
            "gross_profit": 1542,
            "gross_margin": 9.06,
            "gross_margin_4q_avg": -197.99,
            "net_income": -20453,
            "net_income_4q": null,
            "revenue": 17019,
            "revenue_4q": null,
            "common_shares": 915297,
            "book_valuer_per_share": 4.85,
            "book_valuer_per_share_4q_avg": 5.22,
            "equity": 444205,
            "current_ratio": 123.5,
            "debt_ratio": 72.61,
            "inventory_turnover_ratio": 0.01,
            "account_receivable_turnover_ratio": null,
            "reinvestment_rate": null,
            "research_to_sale_ratio": null,
            "price_fair": 0,
            "eps_avg_yearly": 0,
            "eps_latest_yearly": 0,
            "eps_growth_yearly": 0
        },
        "20052": {
            "year_quarter": 20052,
            "year": 2005,
            "quarter": 2,
            "eps": -0.5,
            "eps_growth_year": null,
            "eps_4q": -1.01,
            "eps_4q_growth_year": null,
            "roe": -10.99,
            "roe_4q": -20.54,
            "gross_profit": 3766,
            "gross_margin": 9.65,
            "gross_margin_4q_avg": -203.65,
            "net_income": -46063,
            "net_income_4q": null,
            "revenue": 39040,
            "revenue_4q": null,
            "common_shares": 915297,
            "book_valuer_per_share": 4.3,
            "book_valuer_per_share_4q_avg": 4.89,
            "equity": 393925,
            "current_ratio": 121.86,
            "debt_ratio": 74.91,
            "inventory_turnover_ratio": 0.03,
            "account_receivable_turnover_ratio": null,
            "reinvestment_rate": null,
            "research_to_sale_ratio": null,
            "price_fair": 0,
            "eps_avg_yearly": 0,
            "eps_latest_yearly": 0,
            "eps_growth_yearly": 0
        },
        "20053": {
            "year_quarter": 20053,
            "year": 2005,
            "quarter": 3,
            "eps": -1.78,
            "eps_growth_year": null,
            "eps_4q": -2.41,
            "eps_4q_growth_year": null,
            "roe": -52.28,
            "roe_4q": -65.81,
            "gross_profit": -39783,
            "gross_margin": -53.29,
            "gross_margin_4q_avg": -4.53,
            "net_income": -163276,
            "net_income_4q": null,
            "revenue": 74651,
            "revenue_4q": null,
            "common_shares": 915297,
            "book_valuer_per_share": 2.52,
            "book_valuer_per_share_4q_avg": 4.2,
            "equity": 230649,
            "current_ratio": 103.36,
            "debt_ratio": 84.33,
            "inventory_turnover_ratio": 0.11,
            "account_receivable_turnover_ratio": null,
            "reinvestment_rate": null,
            "research_to_sale_ratio": null,
            "price_fair": 0,
            "eps_avg_yearly": 0,
            "eps_latest_yearly": 0,
            "eps_growth_yearly": 0
        },
        "20054": {
            "year_quarter": 20054,
            "year": 2005,
            "quarter": 4,
            "eps": -2.54,
            "eps_growth_year": -2640,
            "eps_4q": -6.81,
            "eps_4q_growth_year": null,
            "roe": -70.64,
            "roe_4q": -138.38,
            "gross_profit": -7836,
            "gross_margin": -30.07,
            "gross_margin_4q_avg": -16.16,
            "net_income": -136847,
            "net_income_4q": null,
            "revenue": 26055,
            "revenue_4q": null,
            "common_shares": 655312,
            "book_valuer_per_share": 2.39,
            "book_valuer_per_share_4q_avg": 3.52,
            "equity": 156798,
            "current_ratio": 71.59,
            "debt_ratio": 67.71,
            "inventory_turnover_ratio": 0.06,
            "account_receivable_turnover_ratio": null,
            "reinvestment_rate": null,
            "research_to_sale_ratio": null,
            "price_fair": 0,
            "eps_avg_yearly": 0,
            "eps_latest_yearly": 0,
            "eps_growth_yearly": 0
        },
        "20061": {
            "year_quarter": 20061,
            "year": 2006,
            "quarter": 1,
            "eps": -0.1,
            "eps_growth_year": null,
            "eps_4q": -5.64,
            "eps_4q_growth_year": null,
            "roe": -3.29,
            "roe_4q": -137.20000000000002,
            "gross_profit": -107507,
            "gross_margin": -305.61,
            "gross_margin_4q_avg": -94.83,
            "net_income": -6248,
            "net_income_4q": null,
            "revenue": 35178,
            "revenue_4q": null,
            "common_shares": 815312,
            "book_valuer_per_share": 2.73,
            "book_valuer_per_share_4q_avg": 2.99,
            "equity": 222550,
            "current_ratio": 95.7,
            "debt_ratio": 49.63,
            "inventory_turnover_ratio": 1.73,
            "account_receivable_turnover_ratio": null,
            "reinvestment_rate": null,
            "research_to_sale_ratio": null,
            "price_fair": 0,
            "eps_avg_yearly": 0,
            "eps_latest_yearly": 0,
            "eps_growth_yearly": 0
        },
        "20062": {
            "year_quarter": 20062,
            "year": 2006,
            "quarter": 2,
            "eps": -1.13,
            "eps_growth_year": null,
            "eps_4q": -4.78,
            "eps_4q_growth_year": null,
            "roe": -45.25,
            "roe_4q": -171.46,
            "gross_profit": 1462,
            "gross_margin": 49.64,
            "gross_margin_4q_avg": -84.83,
            "net_income": -82977,
            "net_income_4q": null,
            "revenue": 2945,
            "revenue_4q": null,
            "common_shares": 815312,
            "book_valuer_per_share": 1.77,
            "book_valuer_per_share_4q_avg": 2.35,
            "equity": 144167,
            "current_ratio": 74.91,
            "debt_ratio": 59.41,
            "inventory_turnover_ratio": 0.02,
            "account_receivable_turnover_ratio": null,
            "reinvestment_rate": null,
            "research_to_sale_ratio": null,
            "price_fair": 0,
            "eps_avg_yearly": 0,
            "eps_latest_yearly": 0,
            "eps_growth_yearly": 0
        },
        "20063": {
            "year_quarter": 20063,
            "year": 2006,
            "quarter": 3,
            "eps": -0.19,
            "eps_growth_year": null,
            "eps_4q": -7.46,
            "eps_4q_growth_year": null,
            "roe": -8.08,
            "roe_4q": -127.25999999999999,
            "gross_profit": -18428,
            "gross_margin": -206.62,
            "gross_margin_4q_avg": -123.17,
            "net_income": -11034,
            "net_income_4q": null,
            "revenue": 8919,
            "revenue_4q": null,
            "common_shares": 317972,
            "book_valuer_per_share": 4.05,
            "book_valuer_per_share_4q_avg": 2.74,
            "equity": 128917,
            "current_ratio": 1338.81,
            "debt_ratio": 7.24,
            "inventory_turnover_ratio": 0.48,
            "account_receivable_turnover_ratio": null,
            "reinvestment_rate": null,
            "research_to_sale_ratio": null,
            "price_fair": 0,
            "eps_avg_yearly": 0,
            "eps_latest_yearly": 0,
            "eps_growth_yearly": 0
        },
        "20064": {
            "year_quarter": 20064,
            "year": 2006,
            "quarter": 4,
            "eps": -0.59,
            "eps_growth_year": null,
            "eps_4q": -3.88,
            "eps_4q_growth_year": null,
            "roe": -8.27,
            "roe_4q": -64.89,
            "gross_profit": -41032,
            "gross_margin": -436.74,
            "gross_margin_4q_avg": -224.83,
            "net_income": -18188,
            "net_income_4q": null,
            "revenue": 9395,
            "revenue_4q": null,
            "common_shares": 517972,
            "book_valuer_per_share": 6,
            "book_valuer_per_share_4q_avg": 3.64,
            "equity": 310728,
            "current_ratio": 1428.72,
            "debt_ratio": 6.92,
            "inventory_turnover_ratio": 0.88,
            "account_receivable_turnover_ratio": null,
            "reinvestment_rate": null,
            "research_to_sale_ratio": null,
            "price_fair": 0,
            "eps_avg_yearly": 0,
            "eps_latest_yearly": 0,
            "eps_growth_yearly": 0
        },
        "20071": {
            "year_quarter": 20071,
            "year": 2007,
            "quarter": 1,
            "eps": -0.07,
            "eps_growth_year": null,
            "eps_4q": -2.18,
            "eps_4q_growth_year": null,
            "roe": -1.2,
            "roe_4q": -62.8,
            "gross_profit": -2180,
            "gross_margin": -84.14,
            "gross_margin_4q_avg": -169.47,
            "net_income": -3716,
            "net_income_4q": null,
            "revenue": 2591,
            "revenue_4q": null,
            "common_shares": 517972,
            "book_valuer_per_share": 5.93,
            "book_valuer_per_share_4q_avg": 4.44,
            "equity": 307012,
            "current_ratio": 1462.4,
            "debt_ratio": 6.77,
            "inventory_turnover_ratio": 0.04,
            "account_receivable_turnover_ratio": null,
            "reinvestment_rate": null,
            "research_to_sale_ratio": null,
            "price_fair": 0,
            "eps_avg_yearly": 0,
            "eps_latest_yearly": 0,
            "eps_growth_yearly": 0
        },
        "20072": {
            "year_quarter": 20072,
            "year": 2007,
            "quarter": 2,
            "eps": -0.05,
            "eps_growth_year": null,
            "eps_4q": -0.69,
            "eps_4q_growth_year": null,
            "roe": -0.91,
            "roe_4q": -18.46,
            "gross_profit": 223,
            "gross_margin": 70.35,
            "gross_margin_4q_avg": -164.29,
            "net_income": -2796,
            "net_income_4q": null,
            "revenue": 317,
            "revenue_4q": null,
            "common_shares": 517972,
            "book_valuer_per_share": 5.87,
            "book_valuer_per_share_4q_avg": 5.46,
            "equity": 304214,
            "current_ratio": 771.41,
            "debt_ratio": 12.63,
            "inventory_turnover_ratio": 0,
            "account_receivable_turnover_ratio": null,
            "reinvestment_rate": null,
            "research_to_sale_ratio": null,
            "price_fair": 0,
            "eps_avg_yearly": 0,
            "eps_latest_yearly": 0,
            "eps_growth_yearly": 0
        },
        "20073": {
            "year_quarter": 20073,
            "year": 2007,
            "quarter": 3,
            "eps": -0.2,
            "eps_growth_year": null,
            "eps_4q": -0.68,
            "eps_4q_growth_year": null,
            "roe": -3.53,
            "roe_4q": -13.91,
            "gross_profit": 1110,
            "gross_margin": 92.12,
            "gross_margin_4q_avg": -89.6,
            "net_income": -10540,
            "net_income_4q": null,
            "revenue": 1205,
            "revenue_4q": null,
            "common_shares": 517972,
            "book_valuer_per_share": 5.67,
            "book_valuer_per_share_4q_avg": 5.87,
            "equity": 293673,
            "current_ratio": 228.42,
            "debt_ratio": 42.64,
            "inventory_turnover_ratio": 0,
            "account_receivable_turnover_ratio": null,
            "reinvestment_rate": null,
            "research_to_sale_ratio": null,
            "price_fair": 0,
            "eps_avg_yearly": 0,
            "eps_latest_yearly": 0,
            "eps_growth_yearly": 0
        },
        "20074": {
            "year_quarter": 20074,
            "year": 2007,
            "quarter": 4,
            "eps": -0.3,
            "eps_growth_year": null,
            "eps_4q": -0.63,
            "eps_4q_growth_year": null,
            "roe": -4.82,
            "roe_4q": -10.459999999999999,
            "gross_profit": -58155,
            "gross_margin": -112.42,
            "gross_margin_4q_avg": -8.52,
            "net_income": -15717,
            "net_income_4q": null,
            "revenue": 51728,
            "revenue_4q": null,
            "common_shares": 597972,
            "book_valuer_per_share": 5.99,
            "book_valuer_per_share_4q_avg": 5.87,
            "equity": 357957,
            "current_ratio": 249.41,
            "debt_ratio": 39.19,
            "inventory_turnover_ratio": 0.29,
            "account_receivable_turnover_ratio": null,
            "reinvestment_rate": null,
            "research_to_sale_ratio": null,
            "price_fair": 0,
            "eps_avg_yearly": 0,
            "eps_latest_yearly": 0,
            "eps_growth_yearly": 0
        },
        "20081": {
            "year_quarter": 20081,
            "year": 2008,
            "quarter": 1,
            "eps": -0.06,
            "eps_growth_year": null,
            "eps_4q": -0.53,
            "eps_4q_growth_year": null,
            "roe": -0.92,
            "roe_4q": -10.18,
            "gross_profit": 359,
            "gross_margin": 75.58,
            "gross_margin_4q_avg": 31.41,
            "net_income": -3731,
            "net_income_4q": null,
            "revenue": 475,
            "revenue_4q": null,
            "common_shares": 697972,
            "book_valuer_per_share": 6.51,
            "book_valuer_per_share_4q_avg": 6.01,
            "equity": 454226,
            "current_ratio": 254.41,
            "debt_ratio": 38.61,
            "inventory_turnover_ratio": 0,
            "account_receivable_turnover_ratio": null,
            "reinvestment_rate": null,
            "research_to_sale_ratio": null,
            "price_fair": 0,
            "eps_avg_yearly": 0,
            "eps_latest_yearly": 0,
            "eps_growth_yearly": 0
        },
        "20082": {
            "year_quarter": 20082,
            "year": 2008,
            "quarter": 2,
            "eps": -0.04,
            "eps_growth_year": null,
            "eps_4q": -0.47,
            "eps_4q_growth_year": null,
            "roe": -0.6,
            "roe_4q": -9.87,
            "gross_profit": 299,
            "gross_margin": 89.79,
            "gross_margin_4q_avg": 36.27,
            "net_income": -2701,
            "net_income_4q": null,
            "revenue": 333,
            "revenue_4q": null,
            "common_shares": 697972,
            "book_valuer_per_share": 6.47,
            "book_valuer_per_share_4q_avg": 6.16,
            "equity": 451525,
            "current_ratio": 145.32,
            "debt_ratio": 68.15,
            "inventory_turnover_ratio": 0,
            "account_receivable_turnover_ratio": null,
            "reinvestment_rate": null,
            "research_to_sale_ratio": null,
            "price_fair": 0,
            "eps_avg_yearly": 0,
            "eps_latest_yearly": 0,
            "eps_growth_yearly": 0
        },
        "20083": {
            "year_quarter": 20083,
            "year": 2008,
            "quarter": 3,
            "eps": 0.04,
            "eps_growth_year": null,
            "eps_4q": -0.25,
            "eps_4q_growth_year": null,
            "roe": 0.6,
            "roe_4q": -5.74,
            "gross_profit": 13098,
            "gross_margin": 27.8,
            "gross_margin_4q_avg": 20.19,
            "net_income": 3068,
            "net_income_4q": null,
            "revenue": 47116,
            "revenue_4q": null,
            "common_shares": 847972,
            "book_valuer_per_share": 6.78,
            "book_valuer_per_share_4q_avg": 6.44,
            "equity": 574593,
            "current_ratio": 161.71,
            "debt_ratio": 61.28,
            "inventory_turnover_ratio": 0.02,
            "account_receivable_turnover_ratio": null,
            "reinvestment_rate": null,
            "research_to_sale_ratio": null,
            "price_fair": 0,
            "eps_avg_yearly": 0,
            "eps_latest_yearly": 0,
            "eps_growth_yearly": 0
        },
        "20084": {
            "year_quarter": 20084,
            "year": 2008,
            "quarter": 4,
            "eps": -0.16,
            "eps_growth_year": null,
            "eps_4q": -0.21,
            "eps_4q_growth_year": null,
            "roe": -2.12,
            "roe_4q": -3.04,
            "gross_profit": -1004,
            "gross_margin": -3.27,
            "gross_margin_4q_avg": 47.48,
            "net_income": -12043,
            "net_income_4q": null,
            "revenue": 30725,
            "revenue_4q": null,
            "common_shares": 847972,
            "book_valuer_per_share": 6.63,
            "book_valuer_per_share_4q_avg": 6.6,
            "equity": 562550,
            "current_ratio": 152.88,
            "debt_ratio": 64.79,
            "inventory_turnover_ratio": 0.02,
            "account_receivable_turnover_ratio": null,
            "reinvestment_rate": null,
            "research_to_sale_ratio": null,
            "price_fair": 0,
            "eps_avg_yearly": 0,
            "eps_latest_yearly": 0,
            "eps_growth_yearly": 0
        },
        "20091": {
            "year_quarter": 20091,
            "year": 2009,
            "quarter": 1,
            "eps": -0.04,
            "eps_growth_year": null,
            "eps_4q": -0.17,
            "eps_4q_growth_year": null,
            "roe": -0.69,
            "roe_4q": -2.81,
            "gross_profit": 4365,
            "gross_margin": 19.56,
            "gross_margin_4q_avg": 33.47,
            "net_income": -4027,
            "net_income_4q": null,
            "revenue": 22314,
            "revenue_4q": null,
            "common_shares": 927972,
            "book_valuer_per_share": 6.45,
            "book_valuer_per_share_4q_avg": 6.58,
            "equity": 598523,
            "current_ratio": 156.88,
            "debt_ratio": 63.16,
            "inventory_turnover_ratio": 0.01,
            "account_receivable_turnover_ratio": null,
            "reinvestment_rate": null,
            "research_to_sale_ratio": null,
            "price_fair": 0,
            "eps_avg_yearly": 0,
            "eps_latest_yearly": 0,
            "eps_growth_yearly": 0
        },
        "20092": {
            "year_quarter": 20092,
            "year": 2009,
            "quarter": 2,
            "eps": 0.1,
            "eps_growth_year": null,
            "eps_4q": -0.04,
            "eps_4q_growth_year": null,
            "roe": 1.52,
            "roe_4q": -0.6900000000000001,
            "gross_profit": 27746,
            "gross_margin": 13.12,
            "gross_margin_4q_avg": 14.3,
            "net_income": 9422,
            "net_income_4q": null,
            "revenue": 211551,
            "revenue_4q": null,
            "common_shares": 997972,
            "book_valuer_per_share": 6.44,
            "book_valuer_per_share_4q_avg": 6.58,
            "equity": 642945,
            "current_ratio": 175.65,
            "debt_ratio": 56.31,
            "inventory_turnover_ratio": 0.12,
            "account_receivable_turnover_ratio": 3811.73,
            "reinvestment_rate": null,
            "research_to_sale_ratio": null,
            "price_fair": 0,
            "eps_avg_yearly": 0,
            "eps_latest_yearly": 0,
            "eps_growth_yearly": 0
        },
        "20093": {
            "year_quarter": 20093,
            "year": 2009,
            "quarter": 3,
            "eps": 0.16,
            "eps_growth_year": 300,
            "eps_4q": 0.09,
            "eps_4q_growth_year": null,
            "roe": 2.3,
            "roe_4q": 1.0099999999999998,
            "gross_profit": 36242,
            "gross_margin": 12.76,
            "gross_margin_4q_avg": 10.54,
            "net_income": 14986,
            "net_income_4q": null,
            "revenue": 284018,
            "revenue_4q": null,
            "common_shares": 997972,
            "book_valuer_per_share": 6.59,
            "book_valuer_per_share_4q_avg": 6.53,
            "equity": 657931,
            "current_ratio": 200.9,
            "debt_ratio": 49.17,
            "inventory_turnover_ratio": 0.19,
            "account_receivable_turnover_ratio": 2547.25,
            "reinvestment_rate": null,
            "research_to_sale_ratio": null,
            "price_fair": 22.4,
            "eps_avg_yearly": 0.64,
            "eps_latest_yearly": 0.64,
            "eps_growth_yearly": 240
        },
        "20094": {
            "year_quarter": 20094,
            "year": 2009,
            "quarter": 4,
            "eps": 0.18,
            "eps_growth_year": null,
            "eps_4q": 0.39,
            "eps_4q_growth_year": null,
            "roe": 2.65,
            "roe_4q": 5.779999999999999,
            "gross_profit": 43837,
            "gross_margin": 13.14,
            "gross_margin_4q_avg": 14.65,
            "net_income": 17686,
            "net_income_4q": null,
            "revenue": 333504,
            "revenue_4q": null,
            "common_shares": 997972,
            "book_valuer_per_share": 6.77,
            "book_valuer_per_share_4q_avg": 6.56,
            "equity": 675617,
            "current_ratio": 213.8,
            "debt_ratio": 46.16,
            "inventory_turnover_ratio": 0.27,
            "account_receivable_turnover_ratio": 4067.12,
            "reinvestment_rate": null,
            "research_to_sale_ratio": null,
            "price_fair": 23.8,
            "eps_avg_yearly": 0.68,
            "eps_latest_yearly": 0.72,
            "eps_growth_yearly": 145
        },
        "20101": {
            "year_quarter": 20101,
            "year": 2010,
            "quarter": 1,
            "eps": null,
            "eps_growth_year": null,
            "eps_4q": null,
            "eps_4q_growth_year": null,
            "roe": null,
            "roe_4q": 6.469999999999999,
            "gross_profit": 6319,
            "gross_margin": null,
            "gross_margin_4q_avg": 9.76,
            "net_income": -4488,
            "net_income_4q": null,
            "revenue": 55643,
            "revenue_4q": null,
            "common_shares": 1197972,
            "book_valuer_per_share": 7.27,
            "book_valuer_per_share_4q_avg": 6.77,
            "equity": 871129,
            "current_ratio": 158.99,
            "debt_ratio": 62.43,
            "inventory_turnover_ratio": null,
            "account_receivable_turnover_ratio": null,
            "reinvestment_rate": null,
            "research_to_sale_ratio": null,
            "price_fair": 23.8,
            "eps_avg_yearly": 0.68,
            "eps_latest_yearly": 0.72,
            "eps_growth_yearly": 145
        },
        "20102": {
            "year_quarter": 20102,
            "year": 2010,
            "quarter": 2,
            "eps": -0.04,
            "eps_growth_year": -144.5,
            "eps_4q": 0.23,
            "eps_4q_growth_year": null,
            "roe": -0.61,
            "roe_4q": 4.34,
            "gross_profit": 4118,
            "gross_margin": 14.25,
            "gross_margin_4q_avg": 10.04,
            "net_income": -5331,
            "net_income_4q": null,
            "revenue": 28903,
            "revenue_4q": null,
            "common_shares": 1197972,
            "book_valuer_per_share": 7.23,
            "book_valuer_per_share_4q_avg": 6.97,
            "equity": 865798,
            "current_ratio": 157.22,
            "debt_ratio": 63.47,
            "inventory_turnover_ratio": 0.01,
            "account_receivable_turnover_ratio": 11.36,
            "reinvestment_rate": null,
            "research_to_sale_ratio": null,
            "price_fair": 23.8,
            "eps_avg_yearly": 0.68,
            "eps_latest_yearly": 0.72,
            "eps_growth_yearly": 145
        },
        "20103": {
            "year_quarter": 20103,
            "year": 2010,
            "quarter": 3,
            "eps": -0.04,
            "eps_growth_year": -126.95,
            "eps_4q": 0.06,
            "eps_4q_growth_year": -32.58,
            "roe": -0.6,
            "roe_4q": 1.44,
            "gross_profit": 135,
            "gross_margin": 77.59,
            "gross_margin_4q_avg": 26.25,
            "net_income": -5165,
            "net_income_4q": null,
            "revenue": 174,
            "revenue_4q": null,
            "common_shares": 1197972,
            "book_valuer_per_share": 7.18,
            "book_valuer_per_share_4q_avg": 7.11,
            "equity": 860633,
            "current_ratio": 155.22,
            "debt_ratio": 63.92,
            "inventory_turnover_ratio": 0,
            "account_receivable_turnover_ratio": 0.07,
            "reinvestment_rate": null,
            "research_to_sale_ratio": null,
            "price_fair": 23.8,
            "eps_avg_yearly": 0.68,
            "eps_latest_yearly": 0.72,
            "eps_growth_yearly": 145
        },
        "20104": {
            "year_quarter": 20104,
            "year": 2010,
            "quarter": 4,
            "eps": 0.22,
            "eps_growth_year": 21.74,
            "eps_4q": 0.13,
            "eps_4q_growth_year": -66.05,
            "roe": 3,
            "roe_4q": 1.79,
            "gross_profit": 48922,
            "gross_margin": 29.64,
            "gross_margin_4q_avg": 30.37,
            "net_income": 26252,
            "net_income_4q": null,
            "revenue": 165052,
            "revenue_4q": null,
            "common_shares": 1197972,
            "book_valuer_per_share": 7.4,
            "book_valuer_per_share_4q_avg": 7.27,
            "equity": 886885,
            "current_ratio": 150.83,
            "debt_ratio": 65.77,
            "inventory_turnover_ratio": 0.06,
            "account_receivable_turnover_ratio": 379.43,
            "reinvestment_rate": -15.19,
            "research_to_sale_ratio": null,
            "price_fair": 23.8,
            "eps_avg_yearly": 0.68,
            "eps_latest_yearly": 0.72,
            "eps_growth_yearly": 145
        },
        "20111": {
            "year_quarter": 20111,
            "year": 2011,
            "quarter": 1,
            "eps": -0.07,
            "eps_growth_year": null,
            "eps_4q": 0.07,
            "eps_4q_growth_year": null,
            "roe": -0.89,
            "roe_4q": 0.8999999999999998,
            "gross_profit": 6714,
            "gross_margin": 31.29,
            "gross_margin_4q_avg": 38.19,
            "net_income": -7823,
            "net_income_4q": null,
            "revenue": 21458,
            "revenue_4q": null,
            "common_shares": 1197972,
            "book_valuer_per_share": 7.34,
            "book_valuer_per_share_4q_avg": 7.29,
            "equity": 879062,
            "current_ratio": 139.88,
            "debt_ratio": 70.98,
            "inventory_turnover_ratio": 0.01,
            "account_receivable_turnover_ratio": 55.09,
            "reinvestment_rate": null,
            "research_to_sale_ratio": null,
            "price_fair": 23.8,
            "eps_avg_yearly": 0.68,
            "eps_latest_yearly": 0.72,
            "eps_growth_yearly": 145
        },
        "20112": {
            "year_quarter": 20112,
            "year": 2011,
            "quarter": 2,
            "eps": 0.12,
            "eps_growth_year": null,
            "eps_4q": 0.23,
            "eps_4q_growth_year": 2.22,
            "roe": 1.63,
            "roe_4q": 3.1399999999999997,
            "gross_profit": 34608,
            "gross_margin": 37.66,
            "gross_margin_4q_avg": 44.05,
            "net_income": 14683,
            "net_income_4q": null,
            "revenue": 91904,
            "revenue_4q": null,
            "common_shares": 1197972,
            "book_valuer_per_share": 7.67,
            "book_valuer_per_share_4q_avg": 7.4,
            "equity": 918609,
            "current_ratio": 167.81,
            "debt_ratio": 70.98,
            "inventory_turnover_ratio": 0.02,
            "account_receivable_turnover_ratio": 8.94,
            "reinvestment_rate": 19.4,
            "research_to_sale_ratio": null,
            "price_fair": 23.8,
            "eps_avg_yearly": 0.68,
            "eps_latest_yearly": 0.72,
            "eps_growth_yearly": 145
        },
        "20113": {
            "year_quarter": 20113,
            "year": 2011,
            "quarter": 3,
            "eps": 0.89,
            "eps_growth_year": null,
            "eps_4q": 1.17,
            "eps_4q_growth_year": 1847.18,
            "roe": 11,
            "roe_4q": 14.739999999999998,
            "gross_profit": 136235,
            "gross_margin": 41.04,
            "gross_margin_4q_avg": 34.91,
            "net_income": 106976,
            "net_income_4q": null,
            "revenue": 331980,
            "revenue_4q": null,
            "common_shares": 1198710,
            "book_valuer_per_share": 8.56,
            "book_valuer_per_share_4q_avg": 7.74,
            "equity": 1026624,
            "current_ratio": 171.56,
            "debt_ratio": 69.16,
            "inventory_turnover_ratio": 0.08,
            "account_receivable_turnover_ratio": 14.46,
            "reinvestment_rate": 2.84,
            "research_to_sale_ratio": null,
            "price_fair": 57.4,
            "eps_avg_yearly": 1.64,
            "eps_latest_yearly": 3.56,
            "eps_growth_yearly": 952.22
        },
        "20114": {
            "year_quarter": 20114,
            "year": 2011,
            "quarter": 4,
            "eps": 0.45,
            "eps_growth_year": 106.26,
            "eps_4q": 1.4,
            "eps_4q_growth_year": 965.71,
            "roe": 5.14,
            "roe_4q": 16.88,
            "gross_profit": 91618,
            "gross_margin": 36.8,
            "gross_margin_4q_avg": 36.7,
            "net_income": 54180,
            "net_income_4q": null,
            "revenue": 248948,
            "revenue_4q": null,
            "common_shares": 1198710,
            "book_valuer_per_share": 9.02,
            "book_valuer_per_share_4q_avg": 8.15,
            "equity": 1080804,
            "current_ratio": 172.42,
            "debt_ratio": 68.59,
            "inventory_turnover_ratio": 0.06,
            "account_receivable_turnover_ratio": 11.05,
            "reinvestment_rate": 2.26,
            "research_to_sale_ratio": null,
            "price_fair": 58.8,
            "eps_avg_yearly": 1.68,
            "eps_latest_yearly": 1.8,
            "eps_growth_yearly": 664.73
        },
        "20121": {
            "year_quarter": 20121,
            "year": 2012,
            "quarter": 1,
            "eps": 0.44,
            "eps_growth_year": null,
            "eps_4q": 1.87,
            "eps_4q_growth_year": 2731.35,
            "roe": 4.72,
            "roe_4q": 22.49,
            "gross_profit": 73710,
            "gross_margin": 38.82,
            "gross_margin_4q_avg": 38.58,
            "net_income": 53002,
            "net_income_4q": null,
            "revenue": 189856,
            "revenue_4q": null,
            "common_shares": 1220537,
            "book_valuer_per_share": 9.54,
            "book_valuer_per_share_4q_avg": 8.7,
            "equity": 1164134,
            "current_ratio": 152.16,
            "debt_ratio": 71.76,
            "inventory_turnover_ratio": 0.04,
            "account_receivable_turnover_ratio": 10.82,
            "reinvestment_rate": 3.89,
            "research_to_sale_ratio": null,
            "price_fair": 59.36,
            "eps_avg_yearly": 1.7,
            "eps_latest_yearly": 1.76,
            "eps_growth_yearly": 530
        },
        "20122": {
            "year_quarter": 20122,
            "year": 2012,
            "quarter": 2,
            "eps": 0.5,
            "eps_growth_year": 307.46,
            "eps_4q": 2.25,
            "eps_4q_growth_year": 866.21,
            "roe": 5.1,
            "roe_4q": 25.96,
            "gross_profit": 95748,
            "gross_margin": 36.91,
            "gross_margin_4q_avg": 38.39,
            "net_income": 60954,
            "net_income_4q": null,
            "revenue": 259427,
            "revenue_4q": null,
            "common_shares": 1220537,
            "book_valuer_per_share": 10.04,
            "book_valuer_per_share_4q_avg": 9.29,
            "equity": 1225088,
            "current_ratio": 144.99,
            "debt_ratio": 74.33,
            "inventory_turnover_ratio": 0.05,
            "account_receivable_turnover_ratio": 21.45,
            "reinvestment_rate": 0.4,
            "research_to_sale_ratio": null,
            "price_fair": 61.13,
            "eps_avg_yearly": 1.75,
            "eps_latest_yearly": 2,
            "eps_growth_yearly": 450.76
        },
        "20123": {
            "year_quarter": 20123,
            "year": 2012,
            "quarter": 3,
            "eps": 0.07,
            "eps_growth_year": -91.98,
            "eps_4q": 1.43,
            "eps_4q_growth_year": 22.69,
            "roe": 0.7,
            "roe_4q": 15.66,
            "gross_profit": 46534,
            "gross_margin": 32.58,
            "gross_margin_4q_avg": 36.28,
            "net_income": 8829,
            "net_income_4q": null,
            "revenue": 142820,
            "revenue_4q": null,
            "common_shares": 1220537,
            "book_valuer_per_share": 10.4,
            "book_valuer_per_share_4q_avg": 9.75,
            "equity": 1280964,
            "current_ratio": 146.68,
            "debt_ratio": 77.12,
            "inventory_turnover_ratio": 0.02,
            "account_receivable_turnover_ratio": 17.81,
            "reinvestment_rate": -0.12,
            "research_to_sale_ratio": null,
            "price_fair": 53.8,
            "eps_avg_yearly": 1.54,
            "eps_latest_yearly": 0.28,
            "eps_growth_yearly": 337.22
        },
        "20124": {
            "year_quarter": 20124,
            "year": 2012,
            "quarter": 4,
            "eps": 0.54,
            "eps_growth_year": 18.84,
            "eps_4q": 1.4,
            "eps_4q_growth_year": -0.09,
            "roe": 5.33,
            "roe_4q": 15.849999999999998,
            "gross_profit": 118229,
            "gross_margin": 34.89,
            "gross_margin_4q_avg": 35.8,
            "net_income": 76412,
            "net_income_4q": null,
            "revenue": 338893,
            "revenue_4q": null,
            "common_shares": 1422512,
            "book_valuer_per_share": 11.15,
            "book_valuer_per_share_4q_avg": 10.28,
            "equity": 1586297,
            "current_ratio": 149.92,
            "debt_ratio": 75.48,
            "inventory_turnover_ratio": 0.04,
            "account_receivable_turnover_ratio": 10.45,
            "reinvestment_rate": -0.08,
            "research_to_sale_ratio": null,
            "price_fair": 56.53,
            "eps_avg_yearly": 1.62,
            "eps_latest_yearly": 2.16,
            "eps_growth_yearly": 630.79
        },
        "20131": {
            "year_quarter": 20131,
            "year": 2013,
            "quarter": 1,
            "eps": 1.77,
            "eps_growth_year": 302.27,
            "eps_4q": 2.73,
            "eps_4q_growth_year": 45.76,
            "roe": 15.82,
            "roe_4q": 26.949999999999996,
            "gross_profit": 320576,
            "gross_margin": 34.8,
            "gross_margin_4q_avg": 34.8,
            "net_income": 255537,
            "net_income_4q": null,
            "revenue": 921274,
            "revenue_4q": null,
            "common_shares": 1469959,
            "book_valuer_per_share": 11.19,
            "book_valuer_per_share_4q_avg": 10.7,
            "equity": 1645259,
            "current_ratio": 155.14,
            "debt_ratio": 73.2,
            "inventory_turnover_ratio": 0.11,
            "account_receivable_turnover_ratio": 8.03,
            "reinvestment_rate": -0.04,
            "research_to_sale_ratio": null,
            "price_fair": 77.78,
            "eps_avg_yearly": 2.22,
            "eps_latest_yearly": 7.08,
            "eps_growth_yearly": 661.93
        },
        "20132": {
            "year_quarter": 20132,
            "year": 2013,
            "quarter": 2,
            "eps": 0.77,
            "eps_growth_year": 54.18,
            "eps_4q": 2.85,
            "eps_4q_growth_year": 26.31,
            "roe": 6.66,
            "roe_4q": 28.51,
            "gross_profit": 241206,
            "gross_margin": 34.26,
            "gross_margin_4q_avg": 34.13,
            "net_income": 120637,
            "net_income_4q": null,
            "revenue": 703969,
            "revenue_4q": null,
            "common_shares": 1620720,
            "book_valuer_per_share": 12.21,
            "book_valuer_per_share_4q_avg": 11.24,
            "equity": 1978951,
            "current_ratio": 161.5,
            "debt_ratio": 62.79,
            "inventory_turnover_ratio": 0.1,
            "account_receivable_turnover_ratio": 7.82,
            "reinvestment_rate": -0.02,
            "research_to_sale_ratio": null,
            "price_fair": 80.78,
            "eps_avg_yearly": 2.31,
            "eps_latest_yearly": 3.08,
            "eps_growth_yearly": 573.14
        },
        "20133": {
            "year_quarter": 20133,
            "year": 2013,
            "quarter": 3,
            "eps": 0.34,
            "eps_growth_year": 375.28,
            "eps_4q": 3.08,
            "eps_4q_growth_year": 115.11,
            "roe": 2.77,
            "roe_4q": 30.58,
            "gross_profit": 83215,
            "gross_margin": 36.24,
            "gross_margin_4q_avg": 35.05,
            "net_income": 56260,
            "net_income_4q": null,
            "revenue": 229648,
            "revenue_4q": null,
            "common_shares": 1649778,
            "book_valuer_per_share": 12.59,
            "book_valuer_per_share_4q_avg": 11.79,
            "equity": 2077137,
            "current_ratio": 172.18,
            "debt_ratio": 60.34,
            "inventory_turnover_ratio": 0.04,
            "account_receivable_turnover_ratio": 55.7,
            "reinvestment_rate": -0.02,
            "research_to_sale_ratio": null,
            "price_fair": 83.3,
            "eps_avg_yearly": 2.38,
            "eps_latest_yearly": 1.36,
            "eps_growth_yearly": 526.8
        },
        "20134": {
            "year_quarter": 20134,
            "year": 2013,
            "quarter": 4,
            "eps": 0.7,
            "eps_growth_year": 29.47,
            "eps_4q": 3.23,
            "eps_4q_growth_year": 130.32,
            "roe": 5.43,
            "roe_4q": 30.68,
            "gross_profit": 162298,
            "gross_margin": 37.88,
            "gross_margin_4q_avg": 35.8,
            "net_income": 118879,
            "net_income_4q": null,
            "revenue": 428451,
            "revenue_4q": null,
            "common_shares": 1658059,
            "book_valuer_per_share": 13.61,
            "book_valuer_per_share_4q_avg": 12.4,
            "equity": 2303378,
            "current_ratio": 176.77,
            "debt_ratio": 61.13,
            "inventory_turnover_ratio": 0.07,
            "account_receivable_turnover_ratio": 6.34,
            "reinvestment_rate": -0.12,
            "research_to_sale_ratio": null,
            "price_fair": 90.58,
            "eps_avg_yearly": 2.59,
            "eps_latest_yearly": 2.8,
            "eps_growth_yearly": 564.16
        },
        "20141": {
            "year_quarter": 20141,
            "year": 2014,
            "quarter": 1,
            "eps": 0.44,
            "eps_growth_year": -75.14,
            "eps_4q": 1.73,
            "eps_4q_growth_year": -36.77,
            "roe": 3.51,
            "roe_4q": 18.369999999999997,
            "gross_profit": 141206,
            "gross_margin": 39.51,
            "gross_margin_4q_avg": 36.97,
            "net_income": 97847,
            "net_income_4q": null,
            "revenue": 357427,
            "revenue_4q": null,
            "common_shares": 2277996,
            "book_valuer_per_share": 14.37,
            "book_valuer_per_share_4q_avg": 13.2,
            "equity": 3272876,
            "current_ratio": 233.68,
            "debt_ratio": 49.12,
            "inventory_turnover_ratio": 0.05,
            "account_receivable_turnover_ratio": 5.3,
            "reinvestment_rate": -0.1,
            "research_to_sale_ratio": null,
            "price_fair": 87.95,
            "eps_avg_yearly": 2.51,
            "eps_latest_yearly": 1.76,
            "eps_growth_yearly": 499.36
        },
        "20142": {
            "year_quarter": 20142,
            "year": 2014,
            "quarter": 2,
            "eps": 0.2,
            "eps_growth_year": -74.03,
            "eps_4q": 1.29,
            "eps_4q_growth_year": -54.86,
            "roe": 1.38,
            "roe_4q": 13.09,
            "gross_profit": 71471,
            "gross_margin": 37.29,
            "gross_margin_4q_avg": 37.73,
            "net_income": 45448,
            "net_income_4q": null,
            "revenue": 191667,
            "revenue_4q": null,
            "common_shares": 2293673,
            "book_valuer_per_share": 14.37,
            "book_valuer_per_share_4q_avg": 13.74,
            "equity": 3294987,
            "current_ratio": 240.38,
            "debt_ratio": 48.19,
            "inventory_turnover_ratio": 0.02,
            "account_receivable_turnover_ratio": 5180.19,
            "reinvestment_rate": 0.02,
            "research_to_sale_ratio": null,
            "price_fair": 82.95,
            "eps_avg_yearly": 2.37,
            "eps_latest_yearly": 0.8,
            "eps_growth_yearly": 439.57
        },
        "20143": {
            "year_quarter": 20143,
            "year": 2014,
            "quarter": 3,
            "eps": 0.41,
            "eps_growth_year": 20.59,
            "eps_4q": 1.47,
            "eps_4q_growth_year": -52.33,
            "roe": 3.05,
            "roe_4q": 13.37,
            "gross_profit": 127588,
            "gross_margin": 37.3,
            "gross_margin_4q_avg": 38,
            "net_income": 102109,
            "net_income_4q": null,
            "revenue": 342019,
            "revenue_4q": null,
            "common_shares": 2477692,
            "book_valuer_per_share": 13.71,
            "book_valuer_per_share_4q_avg": 14.02,
            "equity": 3397096,
            "current_ratio": 241.26,
            "debt_ratio": 47.97,
            "inventory_turnover_ratio": 0.04,
            "account_receivable_turnover_ratio": 1396,
            "reinvestment_rate": 0.01,
            "research_to_sale_ratio": null,
            "price_fair": 80.98,
            "eps_avg_yearly": 2.31,
            "eps_latest_yearly": 1.64,
            "eps_growth_yearly": 438.06
        },
        "20144": {
            "year_quarter": 20144,
            "year": 2014,
            "quarter": 4,
            "eps": 0.15,
            "eps_growth_year": -78.11,
            "eps_4q": 1.14,
            "eps_4q_growth_year": -64.57,
            "roe": 1.1,
            "roe_4q": 9.04,
            "gross_profit": 71946,
            "gross_margin": 37.32,
            "gross_margin_4q_avg": 37.86,
            "net_income": 37718,
            "net_income_4q": null,
            "revenue": 192792,
            "revenue_4q": null,
            "common_shares": 2477692,
            "book_valuer_per_share": 13.86,
            "book_valuer_per_share_4q_avg": 14.08,
            "equity": 3434810,
            "current_ratio": 239.06,
            "debt_ratio": 48.25,
            "inventory_turnover_ratio": 0.02,
            "account_receivable_turnover_ratio": 796.66,
            "reinvestment_rate": -0,
            "research_to_sale_ratio": null,
            "price_fair": 76.7,
            "eps_avg_yearly": 2.19,
            "eps_latest_yearly": 0.6,
            "eps_growth_yearly": 388.65
        },
        "20151": {
            "year_quarter": 20151,
            "year": 2015,
            "quarter": 1,
            "eps": 0.12,
            "eps_growth_year": -72.73,
            "eps_4q": 0.87,
            "eps_4q_growth_year": -49.76,
            "roe": 0.86,
            "roe_4q": 6.39,
            "gross_profit": 53092,
            "gross_margin": 37.33,
            "gross_margin_4q_avg": 37.31,
            "net_income": 29813,
            "net_income_4q": null,
            "revenue": 142236,
            "revenue_4q": null,
            "common_shares": 2477692,
            "book_valuer_per_share": 13.98,
            "book_valuer_per_share_4q_avg": 13.98,
            "equity": 3464623,
            "current_ratio": 230.03,
            "debt_ratio": 49.74,
            "inventory_turnover_ratio": 0.02,
            "account_receivable_turnover_ratio": 85.61,
            "reinvestment_rate": -0,
            "research_to_sale_ratio": null,
            "price_fair": 72.71,
            "eps_avg_yearly": 2.08,
            "eps_latest_yearly": 0.48,
            "eps_growth_yearly": 357.41
        },
        "20152": {
            "year_quarter": 20152,
            "year": 2015,
            "quarter": 2,
            "eps": 0.08,
            "eps_growth_year": -60,
            "eps_4q": 0.71,
            "eps_4q_growth_year": -44.71,
            "roe": 0.59,
            "roe_4q": 5.6,
            "gross_profit": 55926,
            "gross_margin": 40.8,
            "gross_margin_4q_avg": 38.19,
            "net_income": 20491,
            "net_income_4q": null,
            "revenue": 137088,
            "revenue_4q": null,
            "common_shares": 2477692,
            "book_valuer_per_share": 13.87,
            "book_valuer_per_share_4q_avg": 13.86,
            "equity": 3435560,
            "current_ratio": 217.55,
            "debt_ratio": 51.33,
            "inventory_turnover_ratio": 0.01,
            "account_receivable_turnover_ratio": 6.46,
            "reinvestment_rate": -0.25,
            "research_to_sale_ratio": null,
            "price_fair": 68.86,
            "eps_avg_yearly": 1.97,
            "eps_latest_yearly": 0.32,
            "eps_growth_yearly": 326.74
        },
        "20153": {
            "year_quarter": 20153,
            "year": 2015,
            "quarter": 3,
            "eps": -0.05,
            "eps_growth_year": -112.2,
            "eps_4q": 0.28,
            "eps_4q_growth_year": -80.64,
            "roe": -0.35,
            "roe_4q": 2.2,
            "gross_profit": 86,
            "gross_margin": 88.66,
            "gross_margin_4q_avg": 51.03,
            "net_income": -11850,
            "net_income_4q": null,
            "revenue": 97,
            "revenue_4q": null,
            "common_shares": 2477692,
            "book_valuer_per_share": 13.82,
            "book_valuer_per_share_4q_avg": 13.88,
            "equity": 3423710,
            "current_ratio": 217.1,
            "debt_ratio": 51.48,
            "inventory_turnover_ratio": 0,
            "account_receivable_turnover_ratio": 0,
            "reinvestment_rate": -0.36,
            "research_to_sale_ratio": null,
            "price_fair": 65.15,
            "eps_avg_yearly": 1.86,
            "eps_latest_yearly": 0.32,
            "eps_growth_yearly": 177.41
        },
        "20154": {
            "year_quarter": 20154,
            "year": 2015,
            "quarter": 4,
            "eps": 2.37,
            "eps_growth_year": 1457.89,
            "eps_4q": 2.52,
            "eps_4q_growth_year": 120.12,
            "roe": 16.96,
            "roe_4q": 18.06,
            "gross_profit": 765121,
            "gross_margin": 40.56,
            "gross_margin_4q_avg": 51.84,
            "net_income": 634610,
            "net_income_4q": null,
            "revenue": 1886472,
            "revenue_4q": null,
            "common_shares": 2675907,
            "book_valuer_per_share": 15.16,
            "book_valuer_per_share_4q_avg": 14.21,
            "equity": 4057710,
            "current_ratio": 251.61,
            "debt_ratio": 39.62,
            "inventory_turnover_ratio": 0.19,
            "account_receivable_turnover_ratio": 39.65,
            "reinvestment_rate": -0.29,
            "research_to_sale_ratio": null,
            "price_fair": 65.3,
            "eps_avg_yearly": 1.87,
            "eps_latest_yearly": 0.32,
            "eps_growth_yearly": 204.21
        },
        "20161": {
            "year_quarter": 20161,
            "year": 2016,
            "quarter": 1,
            "eps": 0.99,
            "eps_growth_year": 725,
            "eps_4q": 3.39,
            "eps_4q_growth_year": 290.43,
            "roe": 6.29,
            "roe_4q": 23.49,
            "gross_profit": 314973,
            "gross_margin": 39.13,
            "gross_margin_4q_avg": 52.29,
            "net_income": 263688,
            "net_income_4q": null,
            "revenue": 804960,
            "revenue_4q": null,
            "common_shares": 2675907,
            "book_valuer_per_share": 16.15,
            "book_valuer_per_share_4q_avg": 14.75,
            "equity": 4321398,
            "current_ratio": 309.17,
            "debt_ratio": 32.24,
            "inventory_turnover_ratio": 0.09,
            "account_receivable_turnover_ratio": 27.49,
            "reinvestment_rate": -0.54,
            "research_to_sale_ratio": null,
            "price_fair": 70.8,
            "eps_avg_yearly": 2.02,
            "eps_latest_yearly": 3.96,
            "eps_growth_yearly": 188.21
        },
        "20162": {
            "year_quarter": 20162,
            "year": 2016,
            "quarter": 2,
            "eps": 0.41,
            "eps_growth_year": 412.5,
            "eps_4q": 3.44,
            "eps_4q_growth_year": 384.67,
            "roe": 2.55,
            "roe_4q": 25.45,
            "gross_profit": 137121,
            "gross_margin": 40.58,
            "gross_margin_4q_avg": 52.23,
            "net_income": 108778,
            "net_income_4q": null,
            "revenue": 337928,
            "revenue_4q": null,
            "common_shares": 2675907,
            "book_valuer_per_share": 15.76,
            "book_valuer_per_share_4q_avg": 15.22,
            "equity": 4216103,
            "current_ratio": 324.99,
            "debt_ratio": 34.76,
            "inventory_turnover_ratio": 0.04,
            "account_receivable_turnover_ratio": 213.07,
            "reinvestment_rate": -0.05,
            "research_to_sale_ratio": null,
            "price_fair": 69.9,
            "eps_avg_yearly": 2,
            "eps_latest_yearly": 1.64,
            "eps_growth_yearly": 167.57
        },
        "20163": {
            "year_quarter": 20163,
            "year": 2016,
            "quarter": 3,
            "eps": 0.13,
            "eps_growth_year": null,
            "eps_4q": 3.62,
            "eps_4q_growth_year": 1171.25,
            "roe": 0.91,
            "roe_4q": 26.71,
            "gross_profit": 57133,
            "gross_margin": 40.41,
            "gross_margin_4q_avg": 40.17,
            "net_income": 38730,
            "net_income_4q": null,
            "revenue": 141377,
            "revenue_4q": null,
            "common_shares": 2889980,
            "book_valuer_per_share": 14.72,
            "book_valuer_per_share_4q_avg": 15.45,
            "equity": 4254833,
            "current_ratio": 330.47,
            "debt_ratio": 34.25,
            "inventory_turnover_ratio": 0.02,
            "account_receivable_turnover_ratio": 205.64,
            "reinvestment_rate": 0.03,
            "research_to_sale_ratio": null,
            "price_fair": 70.5,
            "eps_avg_yearly": 2.01,
            "eps_latest_yearly": 0.52,
            "eps_growth_yearly": 172.63
        },
        "20164": {
            "year_quarter": 20164,
            "year": 2016,
            "quarter": 4,
            "eps": -0.17,
            "eps_growth_year": -107.35,
            "eps_4q": 1.25,
            "eps_4q_growth_year": -50.37,
            "roe": -1.19,
            "roe_4q": 8.56,
            "gross_profit": 33165,
            "gross_margin": 41.32,
            "gross_margin_4q_avg": 40.36,
            "net_income": -50402,
            "net_income_4q": null,
            "revenue": 80260,
            "revenue_4q": null,
            "common_shares": 2889980,
            "book_valuer_per_share": 14.55,
            "book_valuer_per_share_4q_avg": 15.3,
            "equity": 4204036,
            "current_ratio": 416.81,
            "debt_ratio": 35.74,
            "inventory_turnover_ratio": 0.01,
            "account_receivable_turnover_ratio": 348.2,
            "reinvestment_rate": 0.03,
            "research_to_sale_ratio": null,
            "price_fair": 6.01,
            "eps_avg_yearly": 2,
            "eps_latest_yearly": 0.52,
            "eps_growth_yearly": -20.68
        },
        "20171": {
            "year_quarter": 20171,
            "year": 2017,
            "quarter": 1,
            "eps": -0.06,
            "eps_growth_year": -106.06,
            "eps_4q": 0.28,
            "eps_4q_growth_year": -91.87,
            "roe": -0.42,
            "roe_4q": 1.85,
            "gross_profit": 88,
            "gross_margin": 42.31,
            "gross_margin_4q_avg": 41.16,
            "net_income": -17478,
            "net_income_4q": null,
            "revenue": 208,
            "revenue_4q": null,
            "common_shares": 2889980,
            "book_valuer_per_share": 14.49,
            "book_valuer_per_share_4q_avg": 14.88,
            "equity": 4186558,
            "current_ratio": 402.82,
            "debt_ratio": 36.47,
            "inventory_turnover_ratio": 0,
            "account_receivable_turnover_ratio": 0.22,
            "reinvestment_rate": 0.03,
            "research_to_sale_ratio": null,
            "price_fair": 4.74,
            "eps_avg_yearly": 1.58,
            "eps_latest_yearly": 0.52,
            "eps_growth_yearly": -98.33
        },
        "20172": {
            "year_quarter": 20172,
            "year": 2017,
            "quarter": 2,
            "eps": 0.05,
            "eps_growth_year": -87.8,
            "eps_4q": -0.05,
            "eps_4q_growth_year": -101.53,
            "roe": 0.32,
            "roe_4q": -0.38,
            "gross_profit": 49155,
            "gross_margin": 27.17,
            "gross_margin_4q_avg": 37.8,
            "net_income": 13323,
            "net_income_4q": null,
            "revenue": 180945,
            "revenue_4q": null,
            "common_shares": 2889980,
            "book_valuer_per_share": 14.13,
            "book_valuer_per_share_4q_avg": 14.47,
            "equity": 4084282,
            "current_ratio": 347.32,
            "debt_ratio": 39.56,
            "inventory_turnover_ratio": 0.02,
            "account_receivable_turnover_ratio": 30.12,
            "reinvestment_rate": 0.02,
            "research_to_sale_ratio": null,
            "price_fair": 4.33,
            "eps_avg_yearly": 1.44,
            "eps_latest_yearly": 0.52,
            "eps_growth_yearly": -86.73
        },
        "20173": {
            "year_quarter": 20173,
            "year": 2017,
            "quarter": 3,
            "eps": 0.07,
            "eps_growth_year": -46.15,
            "eps_4q": -0.11,
            "eps_4q_growth_year": -103.11,
            "roe": 0.51,
            "roe_4q": -0.7799999999999998,
            "gross_profit": 41739,
            "gross_margin": 32.11,
            "gross_margin_4q_avg": 35.73,
            "net_income": 20765,
            "net_income_4q": null,
            "revenue": 130002,
            "revenue_4q": null,
            "common_shares": 3005579,
            "book_valuer_per_share": 13.66,
            "book_valuer_per_share_4q_avg": 14.21,
            "equity": 4105047,
            "current_ratio": 289.69,
            "debt_ratio": 44.21,
            "inventory_turnover_ratio": 0.01,
            "account_receivable_turnover_ratio": 25.31,
            "reinvestment_rate": 0.04,
            "research_to_sale_ratio": null,
            "price_fair": 4.04,
            "eps_avg_yearly": 1.35,
            "eps_latest_yearly": 0.28,
            "eps_growth_yearly": -51.88
        },
        "20174": {
            "year_quarter": 20174,
            "year": 2017,
            "quarter": 4,
            "eps": -0.23,
            "eps_growth_year": null,
            "eps_4q": -0.17,
            "eps_4q_growth_year": -113.73,
            "roe": -1.67,
            "roe_4q": -1.2599999999999998,
            "gross_profit": 6726,
            "gross_margin": 16.41,
            "gross_margin_4q_avg": 29.5,
            "net_income": -68145,
            "net_income_4q": null,
            "revenue": 40998,
            "revenue_4q": null,
            "common_shares": 3005579,
            "book_valuer_per_share": 13.43,
            "book_valuer_per_share_4q_avg": 13.93,
            "equity": 4036827,
            "current_ratio": 251.03,
            "debt_ratio": 47.45,
            "inventory_turnover_ratio": 0.01,
            "account_receivable_turnover_ratio": 89.03,
            "reinvestment_rate": 0.04,
            "research_to_sale_ratio": null,
            "price_fair": 3.6,
            "eps_avg_yearly": 1.2,
            "eps_latest_yearly": 0.28,
            "eps_growth_yearly": -99.42
        },
        "20181": {
            "year_quarter": 20181,
            "year": 2018,
            "quarter": 1,
            "eps": 0.27,
            "eps_growth_year": null,
            "eps_4q": 0.16,
            "eps_4q_growth_year": -42,
            "roe": 2,
            "roe_4q": 1.1600000000000001,
            "gross_profit": 120098,
            "gross_margin": 10.39,
            "gross_margin_4q_avg": 21.52,
            "net_income": 82088,
            "net_income_4q": null,
            "revenue": 1155998,
            "revenue_4q": null,
            "common_shares": 3005579,
            "book_valuer_per_share": 13.89,
            "book_valuer_per_share_4q_avg": 13.78,
            "equity": 4174523,
            "current_ratio": 274.85,
            "debt_ratio": 44.32,
            "inventory_turnover_ratio": 0.17,
            "account_receivable_turnover_ratio": 759.28,
            "reinvestment_rate": 0.03,
            "research_to_sale_ratio": null,
            "price_fair": 3.41,
            "eps_avg_yearly": 1.14,
            "eps_latest_yearly": 0.28,
            "eps_growth_yearly": -93.96
        },
        "20182": {
            "year_quarter": 20182,
            "year": 2018,
            "quarter": 2,
            "eps": -0.09,
            "eps_growth_year": -280,
            "eps_4q": 0.02,
            "eps_4q_growth_year": null,
            "roe": -0.67,
            "roe_4q": 0.17000000000000015,
            "gross_profit": 9662,
            "gross_margin": 8.2,
            "gross_margin_4q_avg": 16.78,
            "net_income": -27674,
            "net_income_4q": null,
            "revenue": 117823,
            "revenue_4q": null,
            "common_shares": 3005579,
            "book_valuer_per_share": 13.8,
            "book_valuer_per_share_4q_avg": 13.7,
            "equity": 4146849,
            "current_ratio": 229.19,
            "debt_ratio": 50.35,
            "inventory_turnover_ratio": 0.02,
            "account_receivable_turnover_ratio": 39.61,
            "reinvestment_rate": 3.08,
            "research_to_sale_ratio": null,
            "price_fair": 3.54,
            "eps_avg_yearly": 1.18,
            "eps_latest_yearly": 0.28,
            "eps_growth_yearly": -78.43
        },
        "20183": {
            "year_quarter": 20183,
            "year": 2018,
            "quarter": 3,
            "eps": -0.05,
            "eps_growth_year": -171.43,
            "eps_4q": -0.1,
            "eps_4q_growth_year": null,
            "roe": -0.36,
            "roe_4q": -0.7,
            "gross_profit": 31402,
            "gross_margin": 9.2,
            "gross_margin_4q_avg": 11.05,
            "net_income": -15072,
            "net_income_4q": null,
            "revenue": 341486,
            "revenue_4q": null,
            "common_shares": 3005579,
            "book_valuer_per_share": 13.75,
            "book_valuer_per_share_4q_avg": 13.72,
            "equity": 4131777,
            "current_ratio": 221.07,
            "debt_ratio": 50.93,
            "inventory_turnover_ratio": 0.05,
            "account_receivable_turnover_ratio": 120.79,
            "reinvestment_rate": 19.41,
            "research_to_sale_ratio": null,
            "price_fair": 3.34,
            "eps_avg_yearly": 1.11,
            "eps_latest_yearly": 0.28,
            "eps_growth_yearly": -149.63
        },
        "20184": {
            "year_quarter": 20184,
            "year": 2018,
            "quarter": 4,
            "eps": -0.04,
            "eps_growth_year": null,
            "eps_4q": 0.09,
            "eps_4q_growth_year": null,
            "roe": -0.26,
            "roe_4q": 0.71,
            "gross_profit": 24856,
            "gross_margin": 8.72,
            "gross_margin_4q_avg": 9.13,
            "net_income": -10898,
            "net_income_4q": null,
            "revenue": 285100,
            "revenue_4q": null,
            "common_shares": 3005579,
            "book_valuer_per_share": 13.71,
            "book_valuer_per_share_4q_avg": 13.79,
            "equity": 4120771,
            "current_ratio": 221.37,
            "debt_ratio": 50.88,
            "inventory_turnover_ratio": 0.04,
            "account_receivable_turnover_ratio": 30.78,
            "reinvestment_rate": 20.58,
            "research_to_sale_ratio": null,
            "price_fair": 3.6,
            "eps_avg_yearly": 1.2,
            "eps_latest_yearly": 0.28,
            "eps_growth_yearly": -132.29
        },
        "20191": {
            "year_quarter": 20191,
            "year": 2019,
            "quarter": 1,
            "eps": -0.05,
            "eps_growth_year": -118.52,
            "eps_4q": -0.23,
            "eps_4q_growth_year": -244.6,
            "roe": -0.38,
            "roe_4q": -1.67,
            "gross_profit": 20493,
            "gross_margin": 8.65,
            "gross_margin_4q_avg": 8.69,
            "net_income": -15809,
            "net_income_4q": null,
            "revenue": 236828,
            "revenue_4q": null,
            "common_shares": 3005579,
            "book_valuer_per_share": 13.66,
            "book_valuer_per_share_4q_avg": 13.73,
            "equity": 4104962,
            "current_ratio": 222.05,
            "debt_ratio": 51.03,
            "inventory_turnover_ratio": 0.03,
            "account_receivable_turnover_ratio": 20.23,
            "reinvestment_rate": 21.32,
            "research_to_sale_ratio": null,
            "price_fair": 4.03,
            "eps_avg_yearly": 1.34,
            "eps_latest_yearly": 0.28,
            "eps_growth_yearly": -142.75
        },
        "20192": {
            "year_quarter": 20192,
            "year": 2019,
            "quarter": 2,
            "eps": 0.01,
            "eps_growth_year": null,
            "eps_4q": -0.13,
            "eps_4q_growth_year": -637.92,
            "roe": 0.1,
            "roe_4q": -0.9,
            "gross_profit": 24696,
            "gross_margin": 8.18,
            "gross_margin_4q_avg": 8.69,
            "net_income": 3942,
            "net_income_4q": null,
            "revenue": 302000,
            "revenue_4q": null,
            "common_shares": 3005579,
            "book_valuer_per_share": 13.67,
            "book_valuer_per_share_4q_avg": 13.7,
            "equity": 4108904,
            "current_ratio": 222.52,
            "debt_ratio": 51.05,
            "inventory_turnover_ratio": 0.04,
            "account_receivable_turnover_ratio": 20.35,
            "reinvestment_rate": 19.69,
            "research_to_sale_ratio": null,
            "price_fair": 4.8,
            "eps_avg_yearly": 1.6,
            "eps_latest_yearly": 0.28,
            "eps_growth_yearly": -145.11
        },
        "20193": {
            "year_quarter": 20193,
            "year": 2019,
            "quarter": 3,
            "eps": -0.28,
            "eps_growth_year": null,
            "eps_4q": -0.36,
            "eps_4q_growth_year": null,
            "roe": -2.1,
            "roe_4q": -2.6399999999999997,
            "gross_profit": 13987,
            "gross_margin": 6.64,
            "gross_margin_4q_avg": 8.05,
            "net_income": -85350,
            "net_income_4q": null,
            "revenue": 210732,
            "revenue_4q": null,
            "common_shares": 3005579,
            "book_valuer_per_share": 13.39,
            "book_valuer_per_share_4q_avg": 13.61,
            "equity": 4023554,
            "current_ratio": 217.13,
            "debt_ratio": 52.14,
            "inventory_turnover_ratio": 0.03,
            "account_receivable_turnover_ratio": 16.26,
            "reinvestment_rate": 20.2,
            "research_to_sale_ratio": null,
            "price_fair": 4.8,
            "eps_avg_yearly": 1.6,
            "eps_latest_yearly": 0.28,
            "eps_growth_yearly": -145.11
        },
        "20194": {
            "year_quarter": 20194,
            "year": 2019,
            "quarter": 4,
            "eps": -0.56,
            "eps_growth_year": null,
            "eps_4q": -0.88,
            "eps_4q_growth_year": -1029.19,
            "roe": -4.24,
            "roe_4q": -6.62,
            "gross_profit": 1855,
            "gross_margin": 4.74,
            "gross_margin_4q_avg": 7.05,
            "net_income": -167081,
            "net_income_4q": null,
            "revenue": 39144,
            "revenue_4q": null,
            "common_shares": 3005579,
            "book_valuer_per_share": 12.83,
            "book_valuer_per_share_4q_avg": 13.39,
            "equity": 3856594,
            "current_ratio": 200.22,
            "debt_ratio": 56.34,
            "inventory_turnover_ratio": 0.01,
            "account_receivable_turnover_ratio": 25.42,
            "reinvestment_rate": 41.22,
            "research_to_sale_ratio": null,
            "price_fair": 4.8,
            "eps_avg_yearly": 1.6,
            "eps_latest_yearly": 0.28,
            "eps_growth_yearly": -145.11
        },
        "20201": {
            "year_quarter": 20201,
            "year": 2020,
            "quarter": 1,
            "eps": 0.12,
            "eps_growth_year": null,
            "eps_4q": -0.71,
            "eps_4q_growth_year": null,
            "roe": 0.93,
            "roe_4q": -5.3100000000000005,
            "gross_profit": 66464,
            "gross_margin": 20.91,
            "gross_margin_4q_avg": 10.12,
            "net_income": 35893,
            "net_income_4q": null,
            "revenue": 317912,
            "revenue_4q": null,
            "common_shares": 3005579,
            "book_valuer_per_share": 12.95,
            "book_valuer_per_share_4q_avg": 13.21,
            "equity": 3892487,
            "current_ratio": 196.12,
            "debt_ratio": 57.17,
            "inventory_turnover_ratio": 0.03,
            "account_receivable_turnover_ratio": 3163.3,
            "reinvestment_rate": null,
            "research_to_sale_ratio": null,
            "price_fair": 2.44,
            "eps_avg_yearly": 0.81,
            "eps_latest_yearly": 0.28,
            "eps_growth_yearly": -115.84
        },
        "20202": {
            "year_quarter": 20202,
            "year": 2020,
            "quarter": 2,
            "eps": 0.67,
            "eps_growth_year": 6600,
            "eps_4q": -0.05,
            "eps_4q_growth_year": null,
            "roe": 5.07,
            "roe_4q": -0.3400000000000003,
            "gross_profit": 268680,
            "gross_margin": 24.5,
            "gross_margin_4q_avg": 14.2,
            "net_income": 202434,
            "net_income_4q": null,
            "revenue": 1096559,
            "revenue_4q": null,
            "common_shares": 3005579,
            "book_valuer_per_share": 13.62,
            "book_valuer_per_share_4q_avg": 13.2,
            "equity": 4094921,
            "current_ratio": 196.28,
            "debt_ratio": 54.49,
            "inventory_turnover_ratio": 0.11,
            "account_receivable_turnover_ratio": 672.53,
            "reinvestment_rate": null,
            "research_to_sale_ratio": null,
            "price_fair": 40.6,
            "eps_avg_yearly": 1.16,
            "eps_latest_yearly": 2.68,
            "eps_growth_yearly": 573.39
        },
        "20203": {
            "year_quarter": 20203,
            "year": 2020,
            "quarter": 3,
            "eps": -0.06,
            "eps_growth_year": null,
            "eps_4q": 0.17,
            "eps_4q_growth_year": null,
            "roe": -0.46,
            "roe_4q": 1.2999999999999998,
            "gross_profit": 9157,
            "gross_margin": 14.88,
            "gross_margin_4q_avg": 16.26,
            "net_income": -18925,
            "net_income_4q": null,
            "revenue": 61521,
            "revenue_4q": null,
            "common_shares": 3005579,
            "book_valuer_per_share": 13.56,
            "book_valuer_per_share_4q_avg": 13.24,
            "equity": 4075996,
            "current_ratio": 162.66,
            "debt_ratio": 63.68,
            "inventory_turnover_ratio": 0.01,
            "account_receivable_turnover_ratio": 22.86,
            "reinvestment_rate": null,
            "research_to_sale_ratio": null,
            "price_fair": 51.8,
            "eps_avg_yearly": 1.48,
            "eps_latest_yearly": 2.68,
            "eps_growth_yearly": 996.67
        },
        "20204": {
            "year_quarter": 20204,
            "year": 2020,
            "quarter": 4,
            "eps": -0.14,
            "eps_growth_year": null,
            "eps_4q": 0.59,
            "eps_4q_growth_year": null,
            "roe": -1.06,
            "roe_4q": 4.48,
            "gross_profit": 87,
            "gross_margin": 25.29,
            "gross_margin_4q_avg": 21.4,
            "net_income": -43012,
            "net_income_4q": null,
            "revenue": 344,
            "revenue_4q": null,
            "common_shares": 3005579,
            "book_valuer_per_share": 13.42,
            "book_valuer_per_share_4q_avg": 13.39,
            "equity": 4032863,
            "current_ratio": 155.04,
            "debt_ratio": 67.06,
            "inventory_turnover_ratio": 0,
            "account_receivable_turnover_ratio": 0.26,
            "reinvestment_rate": null,
            "research_to_sale_ratio": null,
            "price_fair": 51.8,
            "eps_avg_yearly": 1.48,
            "eps_latest_yearly": 2.68,
            "eps_growth_yearly": 996.67
        },
        "20211": {
            "year_quarter": 20211,
            "year": 2021,
            "quarter": 1,
            "eps": -0.13,
            "eps_growth_year": -208.33,
            "eps_4q": 0.34,
            "eps_4q_growth_year": null,
            "roe": -0.94,
            "roe_4q": 2.6100000000000003,
            "gross_profit": 190,
            "gross_margin": 5.75,
            "gross_margin_4q_avg": 17.61,
            "net_income": -37787,
            "net_income_4q": null,
            "revenue": 3303,
            "revenue_4q": null,
            "common_shares": 3005579,
            "book_valuer_per_share": 13.29,
            "book_valuer_per_share_4q_avg": 13.47,
            "equity": 3995076,
            "current_ratio": 158.79,
            "debt_ratio": 68.51,
            "inventory_turnover_ratio": 0,
            "account_receivable_turnover_ratio": 0.72,
            "reinvestment_rate": null,
            "research_to_sale_ratio": null,
            "price_fair": 51.8,
            "eps_avg_yearly": 1.48,
            "eps_latest_yearly": 2.68,
            "eps_growth_yearly": 996.67
        },
        "20212": {
            "year_quarter": 20212,
            "year": 2021,
            "quarter": 2,
            "eps": 0.03,
            "eps_growth_year": -95.52,
            "eps_4q": -0.3,
            "eps_4q_growth_year": null,
            "roe": 0.21,
            "roe_4q": -2.25,
            "gross_profit": 62356,
            "gross_margin": 31.25,
            "gross_margin_4q_avg": 19.29,
            "net_income": 8452,
            "net_income_4q": null,
            "revenue": 199517,
            "revenue_4q": null,
            "common_shares": 3005579,
            "book_valuer_per_share": 13.32,
            "book_valuer_per_share_4q_avg": 13.4,
            "equity": 4003528,
            "current_ratio": 159.21,
            "debt_ratio": 69.77,
            "inventory_turnover_ratio": 0.01,
            "account_receivable_turnover_ratio": 41.88,
            "reinvestment_rate": null,
            "research_to_sale_ratio": null,
            "price_fair": 51.8,
            "eps_avg_yearly": 1.48,
            "eps_latest_yearly": 2.68,
            "eps_growth_yearly": 996.67
        },
        "20213": {
            "year_quarter": 20213,
            "year": 2021,
            "quarter": 3,
            "eps": 1.29,
            "eps_growth_year": null,
            "eps_4q": 1.05,
            "eps_4q_growth_year": 504.84,
            "roe": 9.4,
            "roe_4q": 7.610000000000001,
            "gross_profit": 532118,
            "gross_margin": 30.89,
            "gross_margin_4q_avg": 23.3,
            "net_income": 388805,
            "net_income_4q": null,
            "revenue": 1722749,
            "revenue_4q": null,
            "common_shares": 3005579,
            "book_valuer_per_share": 14.21,
            "book_valuer_per_share_4q_avg": 13.56,
            "equity": 4272110,
            "current_ratio": 167.75,
            "debt_ratio": 66.91,
            "inventory_turnover_ratio": 0.11,
            "account_receivable_turnover_ratio": 744.65,
            "reinvestment_rate": 17.57,
            "research_to_sale_ratio": null,
            "price_fair": 137.2,
            "eps_avg_yearly": 3.92,
            "eps_latest_yearly": 5.16,
            "eps_growth_yearly": 9316.67
        },
        "20214": {
            "year_quarter": 20214,
            "year": 2021,
            "quarter": 4,
            "eps": 0.18,
            "eps_growth_year": null,
            "eps_4q": 1.38,
            "eps_4q_growth_year": 135.12,
            "roe": 1.29,
            "roe_4q": 9.960000000000003,
            "gross_profit": 122734,
            "gross_margin": 30.02,
            "gross_margin_4q_avg": 24.48,
            "net_income": 55259,
            "net_income_4q": null,
            "revenue": 408814,
            "revenue_4q": null,
            "common_shares": 3005579,
            "book_valuer_per_share": 14.4,
            "book_valuer_per_share_4q_avg": 13.81,
            "equity": 4327493,
            "current_ratio": 164.03,
            "debt_ratio": 70.87,
            "inventory_turnover_ratio": 0.03,
            "account_receivable_turnover_ratio": 98.77,
            "reinvestment_rate": 11.33,
            "research_to_sale_ratio": null,
            "price_fair": 99.87,
            "eps_avg_yearly": 2.85,
            "eps_latest_yearly": 0.72,
            "eps_growth_yearly": 6096.38
        },
        "20221": {
            "year_quarter": 20221,
            "year": 2022,
            "quarter": 1,
            "eps": 0.28,
            "eps_growth_year": null,
            "eps_4q": 1.79,
            "eps_4q_growth_year": 422.37,
            "roe": 1.92,
            "roe_4q": 12.82,
            "gross_profit": 212587,
            "gross_margin": 21.34,
            "gross_margin_4q_avg": 28.38,
            "net_income": 84007,
            "net_income_4q": null,
            "revenue": 996153,
            "revenue_4q": null,
            "common_shares": 3005579,
            "book_valuer_per_share": 14.68,
            "book_valuer_per_share_4q_avg": 14.15,
            "equity": 4411500,
            "current_ratio": 168.3,
            "debt_ratio": 69.72,
            "inventory_turnover_ratio": 0.07,
            "account_receivable_turnover_ratio": 204.4,
            "reinvestment_rate": 11.11,
            "research_to_sale_ratio": null,
            "price_fair": 84.7,
            "eps_avg_yearly": 2.42,
            "eps_latest_yearly": 1.12,
            "eps_growth_yearly": 4627.84
        },
        "20222": {
            "year_quarter": 20222,
            "year": 2022,
            "quarter": 2,
            "eps": 0.02,
            "eps_growth_year": -33.33,
            "eps_4q": 1.78,
            "eps_4q_growth_year": null,
            "roe": 0.16,
            "roe_4q": 12.77,
            "gross_profit": 87378,
            "gross_margin": 24.23,
            "gross_margin_4q_avg": 26.62,
            "net_income": 7030,
            "net_income_4q": null,
            "revenue": 360614,
            "revenue_4q": null,
            "common_shares": 3005579,
            "book_valuer_per_share": 13.8,
            "book_valuer_per_share_4q_avg": 14.27,
            "equity": 4148028,
            "current_ratio": 164.15,
            "debt_ratio": 71.24,
            "inventory_turnover_ratio": 0.02,
            "account_receivable_turnover_ratio": 78.98,
            "reinvestment_rate": 1.78,
            "research_to_sale_ratio": null,
            "price_fair": 68.32,
            "eps_avg_yearly": 1.95,
            "eps_latest_yearly": 0.08,
            "eps_growth_yearly": 3627.99
        },
        "20223": {
            "year_quarter": 20223,
            "year": 2022,
            "quarter": 3,
            "eps": 0.07,
            "eps_growth_year": -94.57,
            "eps_4q": 0.56,
            "eps_4q_growth_year": -47.16,
            "roe": 0.5,
            "roe_4q": 3.87,
            "gross_profit": 91063,
            "gross_margin": 35.04,
            "gross_margin_4q_avg": 27.66,
            "net_income": 20929,
            "net_income_4q": null,
            "revenue": 259886,
            "revenue_4q": null,
            "common_shares": 3005579,
            "book_valuer_per_share": 13.87,
            "book_valuer_per_share_4q_avg": 14.19,
            "equity": 4168957,
            "current_ratio": 161.46,
            "debt_ratio": 71.92,
            "inventory_turnover_ratio": 0.01,
            "account_receivable_turnover_ratio": 56.13,
            "reinvestment_rate": -38.07,
            "research_to_sale_ratio": null,
            "price_fair": 58.57,
            "eps_avg_yearly": 1.67,
            "eps_latest_yearly": 0.28,
            "eps_growth_yearly": 3189.99
        },
        "20224": {
            "year_quarter": 20224,
            "year": 2022,
            "quarter": 4,
            "eps": -0.11,
            "eps_growth_year": -161.64,
            "eps_4q": 0.26,
            "eps_4q_growth_year": -81.22,
            "roe": -0.82,
            "roe_4q": 1.76,
            "gross_profit": 25218,
            "gross_margin": 38.58,
            "gross_margin_4q_avg": 29.8,
            "net_income": -34064,
            "net_income_4q": null,
            "revenue": 65365,
            "revenue_4q": null,
            "common_shares": 3005579,
            "book_valuer_per_share": 13.76,
            "book_valuer_per_share_4q_avg": 14.03,
            "equity": 4135441,
            "current_ratio": 159.23,
            "debt_ratio": 72.53,
            "inventory_turnover_ratio": 0,
            "account_receivable_turnover_ratio": 14.14,
            "reinvestment_rate": -40.95,
            "research_to_sale_ratio": null,
            "price_fair": 58.57,
            "eps_avg_yearly": 1.67,
            "eps_latest_yearly": 0.28,
            "eps_growth_yearly": 3189.99
        },
        "20231": {
            "year_quarter": 20231,
            "year": 2023,
            "quarter": 1,
            "eps": -0.11,
            "eps_growth_year": -139.29,
            "eps_4q": -0.13,
            "eps_4q_growth_year": -107.53,
            "roe": -0.83,
            "roe_4q": -0.9899999999999999,
            "gross_profit": 19531,
            "gross_margin": 31.29,
            "gross_margin_4q_avg": 32.29,
            "net_income": -34278,
            "net_income_4q": null,
            "revenue": 62418,
            "revenue_4q": null,
            "common_shares": 3005579,
            "book_valuer_per_share": 13.65,
            "book_valuer_per_share_4q_avg": 13.77,
            "equity": 4101163,
            "current_ratio": 159.44,
            "debt_ratio": 72.53,
            "inventory_turnover_ratio": 0,
            "account_receivable_turnover_ratio": 33.42,
            "reinvestment_rate": -41.8,
            "research_to_sale_ratio": null,
            "price_fair": 58.57,
            "eps_avg_yearly": 1.67,
            "eps_latest_yearly": 0.28,
            "eps_growth_yearly": 3189.99
        },
        "20232": {
            "year_quarter": 20232,
            "year": 2023,
            "quarter": 2,
            "eps": -0.06,
            "eps_growth_year": -400,
            "eps_4q": -0.22,
            "eps_4q_growth_year": -112.35,
            "roe": -0.46,
            "roe_4q": -1.6099999999999999,
            "gross_profit": 26932,
            "gross_margin": 20.15,
            "gross_margin_4q_avg": 31.27,
            "net_income": -18672,
            "net_income_4q": null,
            "revenue": 133671,
            "revenue_4q": null,
            "common_shares": 3005579,
            "book_valuer_per_share": 13.58,
            "book_valuer_per_share_4q_avg": 13.72,
            "equity": 4082491,
            "current_ratio": 156.31,
            "debt_ratio": 73.43,
            "inventory_turnover_ratio": 0.01,
            "account_receivable_turnover_ratio": 35.22,
            "reinvestment_rate": -39.34,
            "research_to_sale_ratio": null,
            "price_fair": 58.57,
            "eps_avg_yearly": 1.67,
            "eps_latest_yearly": 0.28,
            "eps_growth_yearly": 3189.99
        }
    },
    "months": {
        "2001-06": {
            "month": "2001-06",
            "price": "1.89",
            "revenue": 139389
        },
        "2001-07": {
            "month": "2001-07",
            "price": "1.89",
            "revenue": 95267
        },
        "2001-08": {
            "month": "2001-08",
            "price": "2.32",
            "revenue": 30064
        },
        "2001-09": {
            "month": "2001-09",
            "price": "1.84",
            "revenue": 27717
        },
        "2001-10": {
            "month": "2001-10",
            "price": "1.36",
            "revenue": 60921
        },
        "2001-11": {
            "month": "2001-11",
            "price": "1.37",
            "revenue": 13599
        },
        "2001-12": {
            "month": "2001-12",
            "price": "1.90",
            "revenue": 33712
        },
        "2002-01": {
            "month": "2002-01",
            "price": "1.81",
            "revenue": 18125
        },
        "2002-02": {
            "month": "2002-02",
            "price": "1.99",
            "revenue": 52772
        },
        "2002-03": {
            "month": "2002-03",
            "price": "2.11",
            "revenue": 108615
        },
        "2002-04": {
            "month": "2002-04",
            "price": "3.83",
            "revenue": 95183
        },
        "2002-05": {
            "month": "2002-05",
            "price": "2.79",
            "revenue": 127148
        },
        "2002-06": {
            "month": "2002-06",
            "price": "1.45",
            "revenue": 122776
        },
        "2002-07": {
            "month": "2002-07",
            "price": "1.10",
            "revenue": 15829
        },
        "2002-08": {
            "month": "2002-08",
            "price": "0.88",
            "revenue": 2120
        },
        "2002-09": {
            "month": "2002-09",
            "price": "0.63",
            "revenue": 60394
        },
        "2002-10": {
            "month": "2002-10",
            "price": "0.75",
            "revenue": 52605
        },
        "2002-11": {
            "month": "2002-11",
            "price": "0.94",
            "revenue": 33773
        },
        "2002-12": {
            "month": "2002-12",
            "price": "1.58",
            "revenue": 65365
        },
        "2003-01": {
            "month": "2003-01",
            "price": "1.69",
            "revenue": 5024
        },
        "2003-02": {
            "month": "2003-02",
            "price": "1.63",
            "revenue": 37804
        },
        "2003-03": {
            "month": "2003-03",
            "price": "1.42",
            "revenue": 19920
        },
        "2003-04": {
            "month": "2003-04",
            "price": "1.38",
            "revenue": 61854
        },
        "2003-05": {
            "month": "2003-05",
            "price": "1.82",
            "revenue": 15456
        },
        "2003-06": {
            "month": "2003-06",
            "price": "2.68",
            "revenue": 61161
        },
        "2003-07": {
            "month": "2003-07",
            "price": "2.70",
            "revenue": 13160
        },
        "2003-08": {
            "month": "2003-08",
            "price": "2.55",
            "revenue": 2172
        },
        "2003-09": {
            "month": "2003-09",
            "price": "2.32",
            "revenue": 2339
        },
        "2003-10": {
            "month": "2003-10",
            "price": "2.75",
            "revenue": 14407
        },
        "2003-11": {
            "month": "2003-11",
            "price": "2.64",
            "revenue": 39234
        },
        "2003-12": {
            "month": "2003-12",
            "price": "2.39",
            "revenue": 28772
        },
        "2004-01": {
            "month": "2004-01",
            "price": "4.96",
            "revenue": 18384
        },
        "2004-02": {
            "month": "2004-02",
            "price": "6.28",
            "revenue": 13235
        },
        "2004-03": {
            "month": "2004-03",
            "price": "6.38",
            "revenue": 29685
        },
        "2004-04": {
            "month": "2004-04",
            "price": "5.56",
            "revenue": 12092
        },
        "2004-05": {
            "month": "2004-05",
            "price": "2.75",
            "revenue": 1602
        },
        "2004-06": {
            "month": "2004-06",
            "price": "1.18",
            "revenue": 29383
        },
        "2004-07": {
            "month": "2004-07",
            "price": "0.93",
            "revenue": 9463
        },
        "2004-08": {
            "month": "2004-08",
            "price": "0.98",
            "revenue": 3929
        },
        "2004-09": {
            "month": "2004-09",
            "price": "2.92",
            "revenue": -11889
        },
        "2004-10": {
            "month": "2004-10",
            "price": "2.94",
            "revenue": 13202
        },
        "2004-11": {
            "month": "2004-11",
            "price": "2.63",
            "revenue": 6763
        },
        "2004-12": {
            "month": "2004-12",
            "price": "3.10",
            "revenue": 13994
        },
        "2005-01": {
            "month": "2005-01",
            "price": "3.67",
            "revenue": 4598
        },
        "2005-02": {
            "month": "2005-02",
            "price": "3.04",
            "revenue": 5758
        },
        "2005-03": {
            "month": "2005-03",
            "price": "3.23",
            "revenue": 6663
        },
        "2005-04": {
            "month": "2005-04",
            "price": "2.47",
            "revenue": 3001
        },
        "2005-05": {
            "month": "2005-05",
            "price": "1.61",
            "revenue": 14908
        },
        "2005-06": {
            "month": "2005-06",
            "price": "1.83",
            "revenue": 21142
        },
        "2005-07": {
            "month": "2005-07",
            "price": "1.75",
            "revenue": 35012
        },
        "2005-08": {
            "month": "2005-08",
            "price": "1.46",
            "revenue": 41735
        },
        "2005-09": {
            "month": "2005-09",
            "price": "1.47",
            "revenue": 3018
        },
        "2005-10": {
            "month": "2005-10",
            "price": "1.46",
            "revenue": 757328
        },
        "2005-11": {
            "month": "2005-11",
            "price": "1.69",
            "revenue": 1055
        },
        "2005-12": {
            "month": "2005-12",
            "price": "1.85",
            "revenue": 23928
        },
        "2006-01": {
            "month": "2006-01",
            "price": "2.66",
            "revenue": 33517
        },
        "2006-02": {
            "month": "2006-02",
            "price": "2.45",
            "revenue": 834
        },
        "2006-03": {
            "month": "2006-03",
            "price": "2.57",
            "revenue": 827
        },
        "2006-04": {
            "month": "2006-04",
            "price": "2.45",
            "revenue": 1277
        },
        "2006-05": {
            "month": "2006-05",
            "price": "2.50",
            "revenue": 763
        },
        "2006-06": {
            "month": "2006-06",
            "price": "3.34",
            "revenue": 904
        },
        "2006-07": {
            "month": "2006-07",
            "price": "2.99",
            "revenue": 976
        },
        "2006-08": {
            "month": "2006-08",
            "price": "2.97",
            "revenue": 7414
        },
        "2006-09": {
            "month": "2006-09",
            "price": "2.71",
            "revenue": 530
        },
        "2006-10": {
            "month": "2006-10",
            "price": "5.98",
            "revenue": 217
        },
        "2006-11": {
            "month": "2006-11",
            "price": "6.00",
            "revenue": 261
        },
        "2006-12": {
            "month": "2006-12",
            "price": "8.85",
            "revenue": 8917
        },
        "2007-01": {
            "month": "2007-01",
            "price": "8.58",
            "revenue": 68
        },
        "2007-02": {
            "month": "2007-02",
            "price": "8.15",
            "revenue": 86
        },
        "2007-03": {
            "month": "2007-03",
            "price": "8.86",
            "revenue": 2437
        },
        "2007-04": {
            "month": "2007-04",
            "price": "9.22",
            "revenue": 143
        },
        "2007-05": {
            "month": "2007-05",
            "price": "9.01",
            "revenue": 88
        },
        "2007-06": {
            "month": "2007-06",
            "price": "8.70",
            "revenue": 86
        },
        "2007-07": {
            "month": "2007-07",
            "price": "8.41",
            "revenue": 106
        },
        "2007-08": {
            "month": "2007-08",
            "price": "8.44",
            "revenue": 985
        },
        "2007-09": {
            "month": "2007-09",
            "price": "8.29",
            "revenue": 114
        },
        "2007-10": {
            "month": "2007-10",
            "price": "7.70",
            "revenue": 145
        },
        "2007-11": {
            "month": "2007-11",
            "price": "7.66",
            "revenue": 135
        },
        "2007-12": {
            "month": "2007-12",
            "price": "7.27",
            "revenue": 51449
        },
        "2008-01": {
            "month": "2008-01",
            "price": "7.83",
            "revenue": 167
        },
        "2008-02": {
            "month": "2008-02",
            "price": "7.34",
            "revenue": 167
        },
        "2008-03": {
            "month": "2008-03",
            "price": "8.99",
            "revenue": 141
        },
        "2008-04": {
            "month": "2008-04",
            "price": "9.80",
            "revenue": 122
        },
        "2008-05": {
            "month": "2008-05",
            "price": "9.36",
            "revenue": 136
        },
        "2008-06": {
            "month": "2008-06",
            "price": "9.53",
            "revenue": 75
        },
        "2008-07": {
            "month": "2008-07",
            "price": "8.09",
            "revenue": 31023
        },
        "2008-08": {
            "month": "2008-08",
            "price": "8.13",
            "revenue": 15955
        },
        "2008-09": {
            "month": "2008-09",
            "price": "8.10",
            "revenue": 138
        },
        "2008-10": {
            "month": "2008-10",
            "price": "8.17",
            "revenue": 140
        },
        "2008-11": {
            "month": "2008-11",
            "price": "6.63",
            "revenue": 30017
        },
        "2008-12": {
            "month": "2008-12",
            "price": "5.53",
            "revenue": 568
        },
        "2009-01": {
            "month": "2009-01",
            "price": "5.12",
            "revenue": 40
        },
        "2009-02": {
            "month": "2009-02",
            "price": "5.72",
            "revenue": 22218
        },
        "2009-03": {
            "month": "2009-03",
            "price": "5.87",
            "revenue": 56
        },
        "2009-04": {
            "month": "2009-04",
            "price": "7.63",
            "revenue": 65
        },
        "2009-05": {
            "month": "2009-05",
            "price": "8.22",
            "revenue": 87512
        },
        "2009-06": {
            "month": "2009-06",
            "price": "9.07",
            "revenue": 123973
        },
        "2009-07": {
            "month": "2009-07",
            "price": "11.22",
            "revenue": 120724
        },
        "2009-08": {
            "month": "2009-08",
            "price": "13.02",
            "revenue": 87755
        },
        "2009-09": {
            "month": "2009-09",
            "price": "12.66",
            "revenue": 75540
        },
        "2009-10": {
            "month": "2009-10",
            "price": "13.21",
            "revenue": 74594
        },
        "2009-11": {
            "month": "2009-11",
            "price": "12.73",
            "revenue": 75395
        },
        "2009-12": {
            "month": "2009-12",
            "price": "12.47",
            "revenue": 183515
        },
        "2010-01": {
            "month": "2010-01",
            "price": "16.36",
            "revenue": 18447
        },
        "2010-02": {
            "month": "2010-02",
            "price": "15.55",
            "revenue": 24315
        },
        "2010-03": {
            "month": "2010-03",
            "price": "16.17",
            "revenue": 12881
        },
        "2010-04": {
            "month": "2010-04",
            "price": "18.35",
            "revenue": 9894
        },
        "2010-05": {
            "month": "2010-05",
            "price": "17.61",
            "revenue": 18963
        },
        "2010-06": {
            "month": "2010-06",
            "price": "16.87",
            "revenue": 46
        },
        "2010-07": {
            "month": "2010-07",
            "price": "16.60",
            "revenue": 52
        },
        "2010-08": {
            "month": "2010-08",
            "price": "16.20",
            "revenue": 75
        },
        "2010-09": {
            "month": "2010-09",
            "price": "15.78",
            "revenue": 47
        },
        "2010-10": {
            "month": "2010-10",
            "price": "16.03",
            "revenue": 10998
        },
        "2010-11": {
            "month": "2010-11",
            "price": "15.96",
            "revenue": 42
        },
        "2010-12": {
            "month": "2010-12",
            "price": "16.65",
            "revenue": 154012
        },
        "2011-01": {
            "month": "2011-01",
            "price": "18.37",
            "revenue": 45
        },
        "2011-02": {
            "month": "2011-02",
            "price": "17.56",
            "revenue": 42
        },
        "2011-03": {
            "month": "2011-03",
            "price": "15.58",
            "revenue": 21371
        },
        "2011-04": {
            "month": "2011-04",
            "price": "14.59",
            "revenue": 21106
        },
        "2011-05": {
            "month": "2011-05",
            "price": "14.68",
            "revenue": 59082
        },
        "2011-06": {
            "month": "2011-06",
            "price": "14.65",
            "revenue": 11716
        },
        "2011-07": {
            "month": "2011-07",
            "price": "15.69",
            "revenue": 116594
        },
        "2011-08": {
            "month": "2011-08",
            "price": "15.53",
            "revenue": 117286
        },
        "2011-09": {
            "month": "2011-09",
            "price": "14.93",
            "revenue": 98100
        },
        "2011-10": {
            "month": "2011-10",
            "price": "14.46",
            "revenue": 80002
        },
        "2011-11": {
            "month": "2011-11",
            "price": "14.50",
            "revenue": 72269
        },
        "2011-12": {
            "month": "2011-12",
            "price": "14.18",
            "revenue": 96677
        },
        "2012-01": {
            "month": "2012-01",
            "price": "14.77",
            "revenue": 57888
        },
        "2012-02": {
            "month": "2012-02",
            "price": "15.70",
            "revenue": 45213
        },
        "2012-03": {
            "month": "2012-03",
            "price": "16.73",
            "revenue": 86755
        },
        "2012-04": {
            "month": "2012-04",
            "price": "15.56",
            "revenue": 52363
        },
        "2012-05": {
            "month": "2012-05",
            "price": "15.35",
            "revenue": 111251
        },
        "2012-06": {
            "month": "2012-06",
            "price": "14.64",
            "revenue": 95813
        },
        "2012-07": {
            "month": "2012-07",
            "price": "13.99",
            "revenue": 10031
        },
        "2012-08": {
            "month": "2012-08",
            "price": "14.92",
            "revenue": 72059
        },
        "2012-09": {
            "month": "2012-09",
            "price": "15.97",
            "revenue": 60730
        },
        "2012-10": {
            "month": "2012-10",
            "price": "13.86",
            "revenue": 144978
        },
        "2012-11": {
            "month": "2012-11",
            "price": "13.04",
            "revenue": 69621
        },
        "2012-12": {
            "month": "2012-12",
            "price": "13.29",
            "revenue": 124294
        },
        "2013-01": {
            "month": "2013-01",
            "price": "15.28",
            "revenue": 95384
        },
        "2013-02": {
            "month": "2013-02",
            "price": "15.74",
            "revenue": 95020
        },
        "2013-03": {
            "month": "2013-03",
            "price": "15.96",
            "revenue": 695913
        },
        "2013-04": {
            "month": "2013-04",
            "price": "18.08",
            "revenue": 549157
        },
        "2013-05": {
            "month": "2013-05",
            "price": "18.99",
            "revenue": 26850
        },
        "2013-06": {
            "month": "2013-06",
            "price": "18.42",
            "revenue": 127961
        },
        "2013-07": {
            "month": "2013-07",
            "price": "17.82",
            "revenue": 148535
        },
        "2013-08": {
            "month": "2013-08",
            "price": "18.09",
            "revenue": 27112
        },
        "2013-09": {
            "month": "2013-09",
            "price": "17.44",
            "revenue": 54002
        },
        "2013-10": {
            "month": "2013-10",
            "price": "16.73",
            "revenue": 26921
        },
        "2013-11": {
            "month": "2013-11",
            "price": "16.22",
            "revenue": 69507
        },
        "2013-12": {
            "month": "2013-12",
            "price": "15.59",
            "revenue": 366981
        },
        "2014-01": {
            "month": "2014-01",
            "price": "15.17",
            "revenue": 54001
        },
        "2014-02": {
            "month": "2014-02",
            "price": "14.96",
            "revenue": 276314
        },
        "2014-03": {
            "month": "2014-03",
            "price": "14.83",
            "revenue": 27112
        },
        "2014-04": {
            "month": "2014-04",
            "price": "14.49",
            "revenue": 73748
        },
        "2014-05": {
            "month": "2014-05",
            "price": "13.78",
            "revenue": 86230
        },
        "2014-06": {
            "month": "2014-06",
            "price": "13.56",
            "revenue": 31689
        },
        "2014-07": {
            "month": "2014-07",
            "price": "12.67",
            "revenue": 120196
        },
        "2014-08": {
            "month": "2014-08",
            "price": "12.57",
            "revenue": 105517
        },
        "2014-09": {
            "month": "2014-09",
            "price": "11.95",
            "revenue": 116306
        },
        "2014-10": {
            "month": "2014-10",
            "price": "11.67",
            "revenue": 57667
        },
        "2014-11": {
            "month": "2014-11",
            "price": "11.52",
            "revenue": 82268
        },
        "2014-12": {
            "month": "2014-12",
            "price": "11.84",
            "revenue": 52857
        },
        "2015-01": {
            "month": "2015-01",
            "price": "11.58",
            "revenue": 66449
        },
        "2015-02": {
            "month": "2015-02",
            "price": "11.50",
            "revenue": 65253
        },
        "2015-03": {
            "month": "2015-03",
            "price": "11.36",
            "revenue": 10534
        },
        "2015-04": {
            "month": "2015-04",
            "price": "11.08",
            "revenue": 136973
        },
        "2015-05": {
            "month": "2015-05",
            "price": "10.52",
            "revenue": 32
        },
        "2015-06": {
            "month": "2015-06",
            "price": "9.58",
            "revenue": 83
        },
        "2015-07": {
            "month": "2015-07",
            "price": "9.31",
            "revenue": 32
        },
        "2015-08": {
            "month": "2015-08",
            "price": "8.02",
            "revenue": 33
        },
        "2015-09": {
            "month": "2015-09",
            "price": "8.24",
            "revenue": 32
        },
        "2015-10": {
            "month": "2015-10",
            "price": "8.83",
            "revenue": 32
        },
        "2015-11": {
            "month": "2015-11",
            "price": "8.44",
            "revenue": 33
        },
        "2015-12": {
            "month": "2015-12",
            "price": "8.35",
            "revenue": 1886407
        },
        "2016-01": {
            "month": "2016-01",
            "price": "8.46",
            "revenue": 299566
        },
        "2016-02": {
            "month": "2016-02",
            "price": "8.33",
            "revenue": 167911
        },
        "2016-03": {
            "month": "2016-03",
            "price": "9.49",
            "revenue": 337483
        },
        "2016-04": {
            "month": "2016-04",
            "price": "10.80",
            "revenue": 144049
        },
        "2016-05": {
            "month": "2016-05",
            "price": "11.21",
            "revenue": 59299
        },
        "2016-06": {
            "month": "2016-06",
            "price": "11.18",
            "revenue": 134580
        },
        "2016-07": {
            "month": "2016-07",
            "price": "11.21",
            "revenue": 74577
        },
        "2016-08": {
            "month": "2016-08",
            "price": "11.47",
            "revenue": 66767
        },
        "2016-09": {
            "month": "2016-09",
            "price": "10.73",
            "revenue": 33
        },
        "2016-10": {
            "month": "2016-10",
            "price": "9.47",
            "revenue": 69657
        },
        "2016-11": {
            "month": "2016-11",
            "price": "9.27",
            "revenue": 10548
        },
        "2016-12": {
            "month": "2016-12",
            "price": "9.73",
            "revenue": 55
        },
        "2017-01": {
            "month": "2017-01",
            "price": "9.39",
            "revenue": 24
        },
        "2017-02": {
            "month": "2017-02",
            "price": "9.86",
            "revenue": 62
        },
        "2017-03": {
            "month": "2017-03",
            "price": "10.23",
            "revenue": 122
        },
        "2017-04": {
            "month": "2017-04",
            "price": "9.76",
            "revenue": 62
        },
        "2017-05": {
            "month": "2017-05",
            "price": "9.43",
            "revenue": 32
        },
        "2017-06": {
            "month": "2017-06",
            "price": "9.42",
            "revenue": 180851
        },
        "2017-07": {
            "month": "2017-07",
            "price": "9.46",
            "revenue": 36995
        },
        "2017-08": {
            "month": "2017-08",
            "price": "9.25",
            "revenue": 26521
        },
        "2017-09": {
            "month": "2017-09",
            "price": "8.52",
            "revenue": 66486
        },
        "2017-10": {
            "month": "2017-10",
            "price": "8.41",
            "revenue": 869
        },
        "2017-11": {
            "month": "2017-11",
            "price": "8.30",
            "revenue": 30724
        },
        "2017-12": {
            "month": "2017-12",
            "price": "8.19",
            "revenue": 9405
        },
        "2018-01": {
            "month": "2018-01",
            "price": "8.26",
            "revenue": 626
        },
        "2018-02": {
            "month": "2018-02",
            "price": "7.75",
            "revenue": 1154743
        },
        "2018-03": {
            "month": "2018-03",
            "price": "7.98",
            "revenue": 629
        },
        "2018-04": {
            "month": "2018-04",
            "price": "7.93",
            "revenue": 27284
        },
        "2018-05": {
            "month": "2018-05",
            "price": "7.75",
            "revenue": 69835
        },
        "2018-06": {
            "month": "2018-06",
            "price": "7.80",
            "revenue": 20704
        },
        "2018-07": {
            "month": "2018-07",
            "price": "7.46",
            "revenue": 88797
        },
        "2018-08": {
            "month": "2018-08",
            "price": "7.50",
            "revenue": 148826
        },
        "2018-09": {
            "month": "2018-09",
            "price": "7.45",
            "revenue": 103863
        },
        "2018-10": {
            "month": "2018-10",
            "price": "6.55",
            "revenue": 99042
        },
        "2018-11": {
            "month": "2018-11",
            "price": "6.40",
            "revenue": 71182
        },
        "2018-12": {
            "month": "2018-12",
            "price": "6.30",
            "revenue": 114876
        },
        "2019-01": {
            "month": "2019-01",
            "price": "6.10",
            "revenue": 61581
        },
        "2019-02": {
            "month": "2019-02",
            "price": "6.33",
            "revenue": 39178
        },
        "2019-03": {
            "month": "2019-03",
            "price": "6.43",
            "revenue": 136069
        },
        "2019-04": {
            "month": "2019-04",
            "price": "6.46",
            "revenue": 45682
        },
        "2019-05": {
            "month": "2019-05",
            "price": "6.80",
            "revenue": 165794
        },
        "2019-06": {
            "month": "2019-06",
            "price": "7.05",
            "revenue": 90524
        },
        "2019-07": {
            "month": "2019-07",
            "price": "7.08",
            "revenue": 151808
        },
        "2019-08": {
            "month": "2019-08",
            "price": "7.92",
            "revenue": 3105
        },
        "2019-09": {
            "month": "2019-09",
            "price": "8.91",
            "revenue": 55819
        },
        "2019-10": {
            "month": "2019-10",
            "price": "8.30",
            "revenue": 0
        },
        "2019-11": {
            "month": "2019-11",
            "price": "8.39",
            "revenue": 39144
        },
        "2019-12": {
            "month": "2019-12",
            "price": "9.30",
            "revenue": 0
        },
        "2020-01": {
            "month": "2020-01",
            "price": "10.77",
            "revenue": 21016
        },
        "2020-02": {
            "month": "2020-02",
            "price": "10.55",
            "revenue": 19141
        },
        "2020-03": {
            "month": "2020-03",
            "price": "7.67",
            "revenue": 277755
        },
        "2020-04": {
            "month": "2020-04",
            "price": "8.29",
            "revenue": 599965
        },
        "2020-05": {
            "month": "2020-05",
            "price": "10.03",
            "revenue": 449166
        },
        "2020-06": {
            "month": "2020-06",
            "price": "9.95",
            "revenue": 47428
        },
        "2020-07": {
            "month": "2020-07",
            "price": "9.90",
            "revenue": 43781
        },
        "2020-08": {
            "month": "2020-08",
            "price": "10.03",
            "revenue": 17740
        },
        "2020-09": {
            "month": "2020-09",
            "price": "10.98",
            "revenue": 0
        },
        "2020-10": {
            "month": "2020-10",
            "price": "10.58",
            "revenue": 115
        },
        "2020-11": {
            "month": "2020-11",
            "price": "10.16",
            "revenue": 114
        },
        "2020-12": {
            "month": "2020-12",
            "price": "9.74",
            "revenue": 115
        },
        "2021-01": {
            "month": "2021-01",
            "price": "9.24",
            "revenue": 114
        },
        "2021-02": {
            "month": "2021-02",
            "price": "9.14",
            "revenue": 3075
        },
        "2021-03": {
            "month": "2021-03",
            "price": "9.61",
            "revenue": 114
        },
        "2021-04": {
            "month": "2021-04",
            "price": "10.15",
            "revenue": 114
        },
        "2021-05": {
            "month": "2021-05",
            "price": "9.21",
            "revenue": 114
        },
        "2021-06": {
            "month": "2021-06",
            "price": "9.57",
            "revenue": 199289
        },
        "2021-07": {
            "month": "2021-07",
            "price": "9.93",
            "revenue": 947250
        },
        "2021-08": {
            "month": "2021-08",
            "price": "9.59",
            "revenue": 592855
        },
        "2021-09": {
            "month": "2021-09",
            "price": "9.91",
            "revenue": 179680
        },
        "2021-10": {
            "month": "2021-10",
            "price": "9.57",
            "revenue": 290536
        },
        "2021-11": {
            "month": "2021-11",
            "price": "10.30",
            "revenue": 53196
        },
        "2021-12": {
            "month": "2021-12",
            "price": "10.41",
            "revenue": 68046
        },
        "2022-01": {
            "month": "2022-01",
            "price": "10.16",
            "revenue": 176736
        },
        "2022-02": {
            "month": "2022-02",
            "price": "10.16",
            "revenue": 69822
        },
        "2022-03": {
            "month": "2022-03",
            "price": "10.27",
            "revenue": 749595
        },
        "2022-04": {
            "month": "2022-04",
            "price": "10.91",
            "revenue": 150097
        },
        "2022-05": {
            "month": "2022-05",
            "price": "9.75",
            "revenue": 145188
        },
        "2022-06": {
            "month": "2022-06",
            "price": "9.23",
            "revenue": 65329
        },
        "2022-07": {
            "month": "2022-07",
            "price": "8.84",
            "revenue": 49400
        },
        "2022-08": {
            "month": "2022-08",
            "price": "8.00",
            "revenue": 145148
        },
        "2022-09": {
            "month": "2022-09",
            "price": "7.71",
            "revenue": 65338
        },
        "2022-10": {
            "month": "2022-10",
            "price": "7.08",
            "revenue": 114
        },
        "2022-11": {
            "month": "2022-11",
            "price": "7.06",
            "revenue": 63359
        },
        "2022-12": {
            "month": "2022-12",
            "price": "7.18",
            "revenue": 1892
        },
        "2023-01": {
            "month": "2023-01",
            "price": "7.04",
            "revenue": 20203
        },
        "2023-02": {
            "month": "2023-02",
            "price": "7.05",
            "revenue": 166
        },
        "2023-03": {
            "month": "2023-03",
            "price": "6.91",
            "revenue": 42049
        },
        "2023-04": {
            "month": "2023-04",
            "price": "6.97",
            "revenue": 68825
        },
        "2023-05": {
            "month": "2023-05",
            "price": "7.02",
            "revenue": 64654
        },
        "2023-06": {
            "month": "2023-06",
            "price": "7.28",
            "revenue": 192
        },
        "2023-07": {
            "month": "2023-07",
            "price": "7.16",
            "revenue": 2128
        },
        "2023-08": {
            "month": "2023-08",
            "price": "7.26",
            "revenue": 86748
        },
        "2023-09": {
            "month": "2023-09",
            "price": "7.86",
            "revenue": 71684
        }
    }
}
