{
    "summary": {
        "stock_name": "基泰",
        "stock_id": "2538",
        "category": "建材營造",
        "main_business": "委託營造廠商興建商業大樓及國民住宅出售、出租業務(營造廠除外)<br>企業管理、財務管理及投資計劃之諮詢分析顧問業務<br>廢棄物處理業及其他環保服務業(廢棄土處理)",
        "website_url": "http://www.keetai.com.tw",
        "ceo": "馮先勉",
        "pe_ratio": 8,
        "report_year_from": 2001,
        "report_year_to": 2023,
        "age": 22,
        "eps_negative_percentage": 30,
        "eps_growth_avg": {
            "last_all": -10.64,
            "last_2y": null,
            "last_4y": -58.33,
            "last_8y": -28.64,
            "last_12y": -11.44,
            "last_16y": -10.12,
            "last_20y": -10.64,
            "at_2006_last_3y": -13.73,
            "at_2007_last_3y": -50.24,
            "at_2008_last_3y": -20.57,
            "at_2009_last_3y": -6.19,
            "at_2010_last_3y": -4.48,
            "at_2011_last_3y": -1.74,
            "at_2012_last_3y": 13.9,
            "at_2013_last_3y": 10.07,
            "at_2014_last_3y": 20.88,
            "at_2015_last_3y": 25.66,
            "at_2016_last_3y": -4.82,
            "at_2017_last_3y": -8.85,
            "at_2018_last_3y": -29.04,
            "at_2019_last_3y": -72.22,
            "at_2020_last_3y": -58.33,
            "at_2021_last_3y": -58.33,
            "at_2022_last_3y": -100,
            "at_2023_last_3y": -100,
            "at_2006_last_all": -13.73,
            "at_2007_last_all": -9.31,
            "at_2008_last_all": -17.15,
            "at_2009_last_all": -9.2,
            "at_2010_last_all": -7.56,
            "at_2011_last_all": -4.99,
            "at_2012_last_all": -1.63,
            "at_2013_last_all": -0.64,
            "at_2014_last_all": 3.82,
            "at_2015_last_all": 6.16,
            "at_2016_last_all": -2.69,
            "at_2017_last_all": -2.69,
            "at_2018_last_all": -3.76,
            "at_2019_last_all": -10.64,
            "at_2020_last_all": -10.64,
            "at_2021_last_all": -10.64,
            "at_2022_last_all": -10.64,
            "at_2023_last_all": -10.64
        },
        "latest_eps": 1.61,
        "latest_price": 13.25,
        "latest_roe": 26.75,
        "latest_gross_margin": 93.8,
        "latest_equity": 7831691,
        "latest_revenue": 50398,
        "latest_gross_profit": 47275,
        "latest_net_income": 25803,
        "latest_debt_ratio": 63.55,
        "latest_current_ratio": 149.93,
        "latest_account_receivable_turnover_ratio": 2.94,
        "latest_inventory_turnover_ratio": 0,
        "latest_reinvestment_rate": -143.24,
        "latest_research_to_sale_ratio": null
    },
    "eps_dividends": {
        "1995": {
            "cash": 0,
            "stock": 3,
            "eps": 0
        },
        "1996": {
            "cash": 1,
            "stock": 0,
            "eps": 0
        },
        "1997": {
            "cash": 0,
            "stock": 3,
            "eps": 0
        },
        "1998": {
            "cash": 0,
            "stock": 3.5,
            "eps": 0
        },
        "1999": {
            "cash": 1,
            "stock": 1,
            "eps": 0
        },
        "2001": {
            "cash": 0,
            "stock": 0,
            "eps": -1.9
        },
        "2002": {
            "cash": 0,
            "stock": 0,
            "eps": 0.51
        },
        "2003": {
            "cash": 0,
            "stock": 0,
            "eps": 0.88
        },
        "2004": {
            "cash": 0,
            "stock": 0,
            "eps": -0.08
        },
        "2005": {
            "cash": 0,
            "stock": 0,
            "eps": -0.99
        },
        "2006": {
            "cash": 0,
            "stock": 1,
            "eps": 2.1
        },
        "2007": {
            "cash": 0.6,
            "stock": 0.5,
            "eps": 2.09
        },
        "2008": {
            "cash": 0.61,
            "stock": 0.81,
            "eps": 1.24
        },
        "2009": {
            "cash": 0.6,
            "stock": 0.5,
            "eps": 1.52
        },
        "2010": {
            "cash": 0.6,
            "stock": 0.6,
            "eps": 1.53
        },
        "2011": {
            "cash": 2.3,
            "stock": 0.2,
            "eps": 1.69
        },
        "2012": {
            "cash": 0,
            "stock": 0,
            "eps": 2.06
        },
        "2013": {
            "cash": 1.5,
            "stock": 0,
            "eps": 2.21
        },
        "2014": {
            "cash": 1.7,
            "stock": 0,
            "eps": 3.18
        },
        "2015": {
            "cash": 1.25,
            "stock": 0,
            "eps": 4.12
        },
        "2016": {
            "cash": 1.3,
            "stock": 0,
            "eps": -0.23
        },
        "2017": {
            "cash": 1,
            "stock": 0,
            "eps": 0.12
        },
        "2018": {
            "cash": 0.8,
            "stock": 0,
            "eps": 0.1
        },
        "2019": {
            "cash": 0.6,
            "stock": 0,
            "eps": -0.67
        },
        "2020": {
            "cash": 0.5,
            "stock": 0,
            "eps": -0.32
        },
        "2021": {
            "cash": 0.5,
            "stock": 0,
            "eps": -0.31
        },
        "2022": {
            "cash": 0.5,
            "stock": 0,
            "eps": 0.44
        },
        "2023": {
            "cash": 0.5,
            "stock": 0,
            "eps": 1.48
        }
    },
    "dividends": {
        "1995-06-17": {
            "cash": 0,
            "stock": 3
        },
        "1996-06-29": {
            "cash": 1,
            "stock": 0
        },
        "1997-06-30": {
            "cash": 0,
            "stock": 3
        },
        "1998-04-14": {
            "cash": 0,
            "stock": 3.5
        },
        "1999-06-17": {
            "cash": 1,
            "stock": 1
        },
        "2006-03-15": {
            "cash": 0,
            "stock": 1
        },
        "2007-03-23": {
            "cash": 0.6,
            "stock": 0.5
        },
        "2008-03-12": {
            "cash": 0.61,
            "stock": 0.81
        },
        "2009-03-11": {
            "cash": 0.6,
            "stock": 0.5
        },
        "2010-03-10": {
            "cash": 0.6,
            "stock": 0.6
        },
        "2011-01-01": {
            "cash": 1.3,
            "stock": 0
        },
        "2011-03-10": {
            "cash": 1,
            "stock": 0.2
        },
        "2013-03-14": {
            "cash": 1.5,
            "stock": 0
        },
        "2014-06-11": {
            "cash": 1.7,
            "stock": 0
        },
        "2015-07-31": {
            "cash": 1.25,
            "stock": 0
        },
        "2016-07-29": {
            "cash": 1.3,
            "stock": 0
        },
        "2017-07-31": {
            "cash": 1,
            "stock": 0
        },
        "2018-07-31": {
            "cash": 0.8,
            "stock": 0
        },
        "2019-07-31": {
            "cash": 0.6,
            "stock": 0
        },
        "2020-07-31": {
            "cash": 0.5,
            "stock": 0
        },
        "2021-09-10": {
            "cash": 0.5,
            "stock": 0
        },
        "2022-07-29": {
            "cash": 0.5,
            "stock": 0
        },
        "2023-07-31": {
            "cash": 0.5,
            "stock": 0
        }
    },
    "prices": {
        "200101": "6.42",
        "200102": "8.62",
        "200103": "7.82",
        "200104": "6.84",
        "200105": "6.00",
        "200106": "5.29",
        "200107": "5.25",
        "200108": "5.03",
        "200109": "4.01",
        "200110": "3.07",
        "200111": "2.16",
        "200112": "2.79",
        "200201": "3.27",
        "200202": "3.39",
        "200203": "3.46",
        "200204": "6.45",
        "200205": "3.74",
        "200206": "3.35",
        "200207": "2.71",
        "200208": "2.30",
        "200209": "2.98",
        "200210": "2.77",
        "200211": "2.81",
        "200212": "2.92",
        "200301": "3.77",
        "200302": "3.74",
        "200303": "3.36",
        "200304": "3.37",
        "200305": "2.91",
        "200306": "3.59",
        "200307": "5.67",
        "200308": "6.83",
        "200309": "7.52",
        "200310": "8.02",
        "200311": "8.70",
        "200312": "8.61",
        "200401": "11.36",
        "200402": "11.94",
        "200403": "11.22",
        "200404": "9.63",
        "200405": "8.09",
        "200406": "8.34",
        "200407": "8.32",
        "200408": "6.50",
        "200409": "6.46",
        "200410": "6.76",
        "200411": "7.18",
        "200412": "7.36",
        "200501": "7.25",
        "200502": "6.77",
        "200503": "6.46",
        "200504": "6.01",
        "200505": "5.80",
        "200506": "6.22",
        "200507": "6.42",
        "200508": "6.83",
        "200509": "6.70",
        "200510": "6.47",
        "200511": "6.14",
        "200512": "6.86",
        "200601": "7.00",
        "200602": "7.10",
        "200603": "6.95",
        "200604": "7.59",
        "200605": "10.95",
        "200606": "11.61",
        "200607": "14.00",
        "200608": "13.12",
        "200609": "12.81",
        "200610": "16.82",
        "200611": "24.24",
        "200612": "26.44",
        "200701": "23.52",
        "200702": "27.31",
        "200703": "28.70",
        "200704": "31.09",
        "200705": "35.34",
        "200706": "41.01",
        "200707": "42.30",
        "200708": "31.91",
        "200709": "28.96",
        "200710": "25.25",
        "200711": "20.25",
        "200712": "18.36",
        "200801": "19.58",
        "200802": "20.38",
        "200803": "24.56",
        "200804": "27.57",
        "200805": "23.91",
        "200806": "18.76",
        "200807": "14.21",
        "200808": "12.64",
        "200809": "9.20",
        "200810": "8.56",
        "200811": "7.35",
        "200812": "6.70",
        "200901": "6.52",
        "200902": "6.05",
        "200903": "7.44",
        "200904": "10.94",
        "200905": "14.08",
        "200906": "14.64",
        "200907": "15.72",
        "200908": "13.78",
        "200909": "15.30",
        "200910": "18.28",
        "200911": "16.74",
        "200912": "16.31",
        "201001": "17.52",
        "201002": "15.35",
        "201003": "16.46",
        "201004": "17.01",
        "201005": "14.88",
        "201006": "14.53",
        "201007": "14.30",
        "201008": "15.38",
        "201009": "16.36",
        "201010": "16.11",
        "201011": "16.25",
        "201012": "20.91",
        "201101": "22.48",
        "201102": "19.74",
        "201103": "16.55",
        "201104": "17.29",
        "201105": "17.57",
        "201106": "19.84",
        "201107": "21.84",
        "201108": "18.16",
        "201109": "15.03",
        "201110": "14.89",
        "201111": "14.54",
        "201112": "13.18",
        "201201": "12.96",
        "201202": "14.76",
        "201203": "15.71",
        "201204": "16.25",
        "201205": "15.90",
        "201206": "15.90",
        "201207": "15.07",
        "201208": "15.58",
        "201209": "16.80",
        "201210": "18.58",
        "201211": "20.10",
        "201212": "19.78",
        "201301": "21.19",
        "201302": "21.84",
        "201303": "21.60",
        "201304": "21.21",
        "201305": "21.90",
        "201306": "22.25",
        "201307": "21.11",
        "201308": "21.14",
        "201309": "20.88",
        "201310": "20.52",
        "201311": "21.08",
        "201312": "20.25",
        "201401": "19.00",
        "201402": "19.59",
        "201403": "20.15",
        "201404": "21.05",
        "201405": "21.09",
        "201406": "21.02",
        "201407": "19.30",
        "201408": "18.95",
        "201409": "18.78",
        "201410": "17.59",
        "201411": "18.04",
        "201412": "19.23",
        "201501": "19.60",
        "201502": "19.65",
        "201503": "20.49",
        "201504": "19.70",
        "201505": "19.41",
        "201506": "18.73",
        "201507": "17.83",
        "201508": "17.50",
        "201509": "16.54",
        "201510": "16.76",
        "201511": "16.55",
        "201512": "14.96",
        "201601": "14.15",
        "201602": "14.58",
        "201603": "16.08",
        "201604": "15.90",
        "201605": "14.38",
        "201606": "14.38",
        "201607": "13.27",
        "201608": "12.31",
        "201609": "11.55",
        "201610": "10.49",
        "201611": "9.22",
        "201612": "9.80",
        "201701": "9.42",
        "201702": "10.49",
        "201703": "11.52",
        "201704": "10.99",
        "201705": "11.26",
        "201706": "11.24",
        "201707": "10.41",
        "201708": "9.91",
        "201709": "10.10",
        "201710": "10.14",
        "201711": "10.31",
        "201712": "10.16",
        "201801": "10.56",
        "201802": "10.21",
        "201803": "10.32",
        "201804": "10.45",
        "201805": "10.99",
        "201806": "11.36",
        "201807": "10.66",
        "201808": "10.78",
        "201809": "13.73",
        "201810": "12.85",
        "201811": "12.46",
        "201812": "11.88",
        "201901": "12.28",
        "201902": "12.21",
        "201903": "11.88",
        "201904": "11.81",
        "201905": "11.79",
        "201906": "12.23",
        "201907": "12.18",
        "201908": "11.63",
        "201909": "11.68",
        "201910": "12.23",
        "201911": "12.38",
        "201912": "12.77",
        "202001": "12.57",
        "202002": "11.63",
        "202003": "9.55",
        "202004": "9.18",
        "202005": "9.85",
        "202006": "10.26",
        "202007": "10.04",
        "202008": "9.96",
        "202009": "10.05",
        "202010": "9.86",
        "202011": "9.98",
        "202012": "10.26",
        "202101": "10.09",
        "202102": "9.92",
        "202103": "10.06",
        "202104": "10.44",
        "202105": "9.94",
        "202106": "9.94",
        "202107": "10.03",
        "202108": "11.50",
        "202109": "12.41",
        "202110": "12.69",
        "202111": "13.39",
        "202112": "13.06",
        "202201": "12.21",
        "202202": "12.31",
        "202203": "12.50",
        "202204": "12.73",
        "202205": "12.76",
        "202206": "12.90",
        "202207": "12.65",
        "202208": "13.65",
        "202209": "14.06",
        "202210": "12.00",
        "202211": "11.95",
        "202212": "12.16",
        "202301": "12.81",
        "202302": "13.06",
        "202303": "12.88",
        "202304": "13.14",
        "202305": "12.93",
        "202306": "12.99",
        "202307": "12.19",
        "202308": "13.73",
        "202309": "13.56"
    },
    "quarters": {
        "20011": {
            "year_quarter": 20011,
            "year": 2001,
            "quarter": 1,
            "eps": 0,
            "eps_growth_year": -100,
            "eps_4q": -0.14,
            "eps_4q_growth_year": -108.87,
            "roe": -0.03,
            "roe_4q": -0.03,
            "gross_profit": 25669,
            "gross_margin": 27.46,
            "gross_margin_4q_avg": 27.46,
            "net_income": -1147,
            "revenue": 93485,
            "common_shares": 3134339,
            "book_valuer_per_share": 13.12,
            "book_valuer_per_share_4q_avg": 13.12,
            "equity": 4111763,
            "current_ratio": 139.66,
            "debt_ratio": 60.92,
            "inventory_turnover_ratio": 0.01,
            "account_receivable_turnover_ratio": null,
            "reinvestment_rate": null,
            "research_to_sale_ratio": null,
            "price_fair": 0,
            "eps_avg_yearly": 0,
            "eps_latest_yearly": 0,
            "eps_growth_yearly": 0
        },
        "20012": {
            "year_quarter": 20012,
            "year": 2001,
            "quarter": 2,
            "eps": 0.02,
            "eps_growth_year": -66.67,
            "eps_4q": -0.2,
            "eps_4q_growth_year": -114.11,
            "roe": 0.14,
            "roe_4q": 0.11000000000000001,
            "gross_profit": 67195,
            "gross_margin": 33.68,
            "gross_margin_4q_avg": 30.57,
            "net_income": 5593,
            "revenue": 199527,
            "common_shares": 3134339,
            "book_valuer_per_share": 12.64,
            "book_valuer_per_share_4q_avg": 12.88,
            "equity": 3961560,
            "current_ratio": 133.06,
            "debt_ratio": 64.94,
            "inventory_turnover_ratio": 0.02,
            "account_receivable_turnover_ratio": null,
            "reinvestment_rate": null,
            "research_to_sale_ratio": null,
            "price_fair": 0,
            "eps_avg_yearly": 0,
            "eps_latest_yearly": 0,
            "eps_growth_yearly": 0
        },
        "20013": {
            "year_quarter": 20013,
            "year": 2001,
            "quarter": 3,
            "eps": 0.03,
            "eps_growth_year": null,
            "eps_4q": 0.02,
            "eps_4q_growth_year": -97.92,
            "roe": 0.26,
            "roe_4q": 0.37,
            "gross_profit": 32307,
            "gross_margin": 43.5,
            "gross_margin_4q_avg": 34.88,
            "net_income": 10075,
            "revenue": 74269,
            "common_shares": 3134339,
            "book_valuer_per_share": 12.38,
            "book_valuer_per_share_4q_avg": 12.71,
            "equity": 3881832,
            "current_ratio": 123.21,
            "debt_ratio": 65.91,
            "inventory_turnover_ratio": 0,
            "account_receivable_turnover_ratio": null,
            "reinvestment_rate": null,
            "research_to_sale_ratio": null,
            "price_fair": 0,
            "eps_avg_yearly": 0,
            "eps_latest_yearly": 0,
            "eps_growth_yearly": 0
        },
        "20014": {
            "year_quarter": 20014,
            "year": 2001,
            "quarter": 4,
            "eps": -1.95,
            "eps_growth_year": null,
            "eps_4q": -1.9,
            "eps_4q_growth_year": -3900,
            "roe": -16.85,
            "roe_4q": -16.48,
            "gross_profit": 2865,
            "gross_margin": 12.7,
            "gross_margin_4q_avg": 29.34,
            "net_income": -595590,
            "revenue": 22567,
            "common_shares": 2653655,
            "book_valuer_per_share": 12.02,
            "book_valuer_per_share_4q_avg": 12.54,
            "equity": 3188853,
            "current_ratio": 114.47,
            "debt_ratio": 69.64,
            "inventory_turnover_ratio": 0,
            "account_receivable_turnover_ratio": null,
            "reinvestment_rate": null,
            "research_to_sale_ratio": null,
            "price_fair": 0,
            "eps_avg_yearly": 0,
            "eps_latest_yearly": 0,
            "eps_growth_yearly": 0
        },
        "20021": {
            "year_quarter": 20021,
            "year": 2002,
            "quarter": 1,
            "eps": -0.08,
            "eps_growth_year": null,
            "eps_4q": -2.41,
            "eps_4q_growth_year": null,
            "roe": -0.63,
            "roe_4q": -17.08,
            "gross_profit": 8250,
            "gross_margin": 12.09,
            "gross_margin_4q_avg": 25.49,
            "net_income": -19902,
            "revenue": 68229,
            "common_shares": 2653655,
            "book_valuer_per_share": 11.78,
            "book_valuer_per_share_4q_avg": 12.21,
            "equity": 3127204,
            "current_ratio": 114.53,
            "debt_ratio": 70.64,
            "inventory_turnover_ratio": 0.01,
            "account_receivable_turnover_ratio": null,
            "reinvestment_rate": null,
            "research_to_sale_ratio": null,
            "price_fair": 0,
            "eps_avg_yearly": 0,
            "eps_latest_yearly": 0,
            "eps_growth_yearly": 0
        },
        "20022": {
            "year_quarter": 20022,
            "year": 2002,
            "quarter": 2,
            "eps": 0.15,
            "eps_growth_year": 650,
            "eps_4q": -2.26,
            "eps_4q_growth_year": null,
            "roe": 1.2,
            "roe_4q": -16.02,
            "gross_profit": 143378,
            "gross_margin": 23.15,
            "gross_margin_4q_avg": 22.86,
            "net_income": 37681,
            "revenue": 619406,
            "common_shares": 2653655,
            "book_valuer_per_share": 11.93,
            "book_valuer_per_share_4q_avg": 12.03,
            "equity": 3164884,
            "current_ratio": 120.49,
            "debt_ratio": 70.58,
            "inventory_turnover_ratio": 0.06,
            "account_receivable_turnover_ratio": null,
            "reinvestment_rate": null,
            "research_to_sale_ratio": null,
            "price_fair": 0,
            "eps_avg_yearly": 0,
            "eps_latest_yearly": 0,
            "eps_growth_yearly": 0
        },
        "20023": {
            "year_quarter": 20023,
            "year": 2002,
            "quarter": 3,
            "eps": -0.11,
            "eps_growth_year": -466.67,
            "eps_4q": -2.28,
            "eps_4q_growth_year": -9696.4,
            "roe": -0.9,
            "roe_4q": -17.18,
            "gross_profit": 63885,
            "gross_margin": 13.7,
            "gross_margin_4q_avg": 15.41,
            "net_income": -28345,
            "revenue": 466248,
            "common_shares": 2653655,
            "book_valuer_per_share": 11.82,
            "book_valuer_per_share_4q_avg": 11.89,
            "equity": 3136536,
            "current_ratio": 127.46,
            "debt_ratio": 69.11,
            "inventory_turnover_ratio": 0.06,
            "account_receivable_turnover_ratio": null,
            "reinvestment_rate": null,
            "research_to_sale_ratio": null,
            "price_fair": 0,
            "eps_avg_yearly": 0,
            "eps_latest_yearly": 0,
            "eps_growth_yearly": 0
        },
        "20024": {
            "year_quarter": 20024,
            "year": 2002,
            "quarter": 4,
            "eps": 0.55,
            "eps_growth_year": null,
            "eps_4q": 0.51,
            "eps_4q_growth_year": null,
            "roe": 4.33,
            "roe_4q": 4,
            "gross_profit": 274514,
            "gross_margin": 19.81,
            "gross_margin_4q_avg": 17.19,
            "net_income": 138952,
            "revenue": 1385546,
            "common_shares": 2653655,
            "book_valuer_per_share": 12.34,
            "book_valuer_per_share_4q_avg": 11.97,
            "equity": 3275492,
            "current_ratio": 130.8,
            "debt_ratio": 67.4,
            "inventory_turnover_ratio": 0.16,
            "account_receivable_turnover_ratio": null,
            "reinvestment_rate": 99416.83,
            "research_to_sale_ratio": null,
            "price_fair": 0,
            "eps_avg_yearly": 0,
            "eps_latest_yearly": 0,
            "eps_growth_yearly": 0
        },
        "20031": {
            "year_quarter": 20031,
            "year": 2003,
            "quarter": 1,
            "eps": -0.08,
            "eps_growth_year": null,
            "eps_4q": 0.51,
            "eps_4q_growth_year": null,
            "roe": -0.62,
            "roe_4q": 4.01,
            "gross_profit": 46734,
            "gross_margin": 12.27,
            "gross_margin_4q_avg": 17.23,
            "net_income": -20082,
            "revenue": 380996,
            "common_shares": 2653655,
            "book_valuer_per_share": 12.27,
            "book_valuer_per_share_4q_avg": 12.09,
            "equity": 3255410,
            "current_ratio": 131.42,
            "debt_ratio": 66,
            "inventory_turnover_ratio": 0.05,
            "account_receivable_turnover_ratio": null,
            "reinvestment_rate": null,
            "research_to_sale_ratio": null,
            "price_fair": 0,
            "eps_avg_yearly": 0,
            "eps_latest_yearly": 0,
            "eps_growth_yearly": 0
        },
        "20032": {
            "year_quarter": 20032,
            "year": 2003,
            "quarter": 2,
            "eps": 0.17,
            "eps_growth_year": 13.33,
            "eps_4q": 0.54,
            "eps_4q_growth_year": null,
            "roe": 1.28,
            "roe_4q": 4.09,
            "gross_profit": 62066,
            "gross_margin": 20.93,
            "gross_margin_4q_avg": 16.68,
            "net_income": 42088,
            "revenue": 296514,
            "common_shares": 2653655,
            "book_valuer_per_share": 12.43,
            "book_valuer_per_share_4q_avg": 12.22,
            "equity": 3297498,
            "current_ratio": 133.79,
            "debt_ratio": 64.82,
            "inventory_turnover_ratio": 0.04,
            "account_receivable_turnover_ratio": null,
            "reinvestment_rate": null,
            "research_to_sale_ratio": null,
            "price_fair": 0,
            "eps_avg_yearly": 0,
            "eps_latest_yearly": 0,
            "eps_growth_yearly": 0
        },
        "20033": {
            "year_quarter": 20033,
            "year": 2003,
            "quarter": 3,
            "eps": 0.23,
            "eps_growth_year": null,
            "eps_4q": 0.87,
            "eps_4q_growth_year": null,
            "roe": 1.74,
            "roe_4q": 6.73,
            "gross_profit": 96856,
            "gross_margin": 13.7,
            "gross_margin_4q_avg": 16.68,
            "net_income": 57793,
            "revenue": 706870,
            "common_shares": 2653655,
            "book_valuer_per_share": 12.64,
            "book_valuer_per_share_4q_avg": 12.42,
            "equity": 3355291,
            "current_ratio": 140.5,
            "debt_ratio": 61.6,
            "inventory_turnover_ratio": 0.11,
            "account_receivable_turnover_ratio": null,
            "reinvestment_rate": null,
            "research_to_sale_ratio": null,
            "price_fair": 32.2,
            "eps_avg_yearly": 0.92,
            "eps_latest_yearly": 0.92,
            "eps_growth_yearly": 141.18
        },
        "20034": {
            "year_quarter": 20034,
            "year": 2003,
            "quarter": 4,
            "eps": 0.56,
            "eps_growth_year": 1.82,
            "eps_4q": 0.88,
            "eps_4q_growth_year": 73,
            "roe": 4.09,
            "roe_4q": 6.49,
            "gross_profit": 136601,
            "gross_margin": 15.19,
            "gross_margin_4q_avg": 15.52,
            "net_income": 140012,
            "revenue": 899092,
            "common_shares": 2653655,
            "book_valuer_per_share": 13.17,
            "book_valuer_per_share_4q_avg": 12.63,
            "equity": 3495303,
            "current_ratio": 135.51,
            "debt_ratio": 58.29,
            "inventory_turnover_ratio": 0.16,
            "account_receivable_turnover_ratio": null,
            "reinvestment_rate": null,
            "research_to_sale_ratio": null,
            "price_fair": 55.3,
            "eps_avg_yearly": 1.58,
            "eps_latest_yearly": 2.24,
            "eps_growth_yearly": 357.54
        },
        "20041": {
            "year_quarter": 20041,
            "year": 2004,
            "quarter": 1,
            "eps": 0.04,
            "eps_growth_year": null,
            "eps_4q": 1.1,
            "eps_4q_growth_year": 115.37,
            "roe": 0.26,
            "roe_4q": 7.37,
            "gross_profit": 29357,
            "gross_margin": 63.61,
            "gross_margin_4q_avg": 28.36,
            "net_income": 9053,
            "revenue": 46154,
            "common_shares": 2653655,
            "book_valuer_per_share": 13.21,
            "book_valuer_per_share_4q_avg": 12.86,
            "equity": 3504356,
            "current_ratio": 139.86,
            "debt_ratio": 55.91,
            "inventory_turnover_ratio": 0,
            "account_receivable_turnover_ratio": null,
            "reinvestment_rate": null,
            "research_to_sale_ratio": null,
            "price_fair": 38.73,
            "eps_avg_yearly": 1.11,
            "eps_latest_yearly": 0.16,
            "eps_growth_yearly": 114.55
        },
        "20042": {
            "year_quarter": 20042,
            "year": 2004,
            "quarter": 2,
            "eps": -0.11,
            "eps_growth_year": -164.71,
            "eps_4q": 0.68,
            "eps_4q_growth_year": 26.34,
            "roe": -0.78,
            "roe_4q": 5.31,
            "gross_profit": 67361,
            "gross_margin": 21.45,
            "gross_margin_4q_avg": 28.49,
            "net_income": -27283,
            "revenue": 313983,
            "common_shares": 2653655,
            "book_valuer_per_share": 13.1,
            "book_valuer_per_share_4q_avg": 13.03,
            "equity": 3477073,
            "current_ratio": 160.99,
            "debt_ratio": 54.93,
            "inventory_turnover_ratio": 0.06,
            "account_receivable_turnover_ratio": null,
            "reinvestment_rate": null,
            "research_to_sale_ratio": null,
            "price_fair": 38.73,
            "eps_avg_yearly": 1.11,
            "eps_latest_yearly": 0.16,
            "eps_growth_yearly": 114.55
        },
        "20043": {
            "year_quarter": 20043,
            "year": 2004,
            "quarter": 3,
            "eps": 0.18,
            "eps_growth_year": -21.74,
            "eps_4q": 0.68,
            "eps_4q_growth_year": -22.21,
            "roe": 1.26,
            "roe_4q": 4.83,
            "gross_profit": 85293,
            "gross_margin": 22.31,
            "gross_margin_4q_avg": 30.64,
            "net_income": 44087,
            "revenue": 382350,
            "common_shares": 2653655,
            "book_valuer_per_share": 13.27,
            "book_valuer_per_share_4q_avg": 13.19,
            "equity": 3521160,
            "current_ratio": 174.03,
            "debt_ratio": 48.31,
            "inventory_turnover_ratio": 0.08,
            "account_receivable_turnover_ratio": null,
            "reinvestment_rate": null,
            "research_to_sale_ratio": null,
            "price_fair": 38.73,
            "eps_avg_yearly": 1.11,
            "eps_latest_yearly": 0.16,
            "eps_growth_yearly": 114.55
        },
        "20044": {
            "year_quarter": 20044,
            "year": 2004,
            "quarter": 4,
            "eps": -0.19,
            "eps_growth_year": -133.93,
            "eps_4q": -0.09,
            "eps_4q_growth_year": -110.24,
            "roe": -1.35,
            "roe_4q": -0.6100000000000001,
            "gross_profit": 63870,
            "gross_margin": 20.71,
            "gross_margin_4q_avg": 32.02,
            "net_income": -47264,
            "revenue": 308456,
            "common_shares": 2653655,
            "book_valuer_per_share": 13.09,
            "book_valuer_per_share_4q_avg": 13.17,
            "equity": 3473896,
            "current_ratio": 171.29,
            "debt_ratio": 46.97,
            "inventory_turnover_ratio": 0.07,
            "account_receivable_turnover_ratio": null,
            "reinvestment_rate": null,
            "research_to_sale_ratio": null,
            "price_fair": 38.73,
            "eps_avg_yearly": 1.11,
            "eps_latest_yearly": 0.16,
            "eps_growth_yearly": 114.55
        },
        "20051": {
            "year_quarter": 20051,
            "year": 2005,
            "quarter": 1,
            "eps": -0.43,
            "eps_growth_year": -1175,
            "eps_4q": -0.55,
            "eps_4q_growth_year": -150.09,
            "roe": -3.17,
            "roe_4q": -4.04,
            "gross_profit": 32068,
            "gross_margin": 70.97,
            "gross_margin_4q_avg": 33.86,
            "net_income": -108309,
            "revenue": 45184,
            "common_shares": 2653655,
            "book_valuer_per_share": 12.68,
            "book_valuer_per_share_4q_avg": 13.04,
            "equity": 3365587,
            "current_ratio": 171.91,
            "debt_ratio": 46.04,
            "inventory_turnover_ratio": 0,
            "account_receivable_turnover_ratio": null,
            "reinvestment_rate": null,
            "research_to_sale_ratio": null,
            "price_fair": 38.73,
            "eps_avg_yearly": 1.11,
            "eps_latest_yearly": 0.16,
            "eps_growth_yearly": 114.55
        },
        "20052": {
            "year_quarter": 20052,
            "year": 2005,
            "quarter": 2,
            "eps": -0.3,
            "eps_growth_year": null,
            "eps_4q": -0.7,
            "eps_4q_growth_year": -203.27,
            "roe": -2.22,
            "roe_4q": -5.48,
            "gross_profit": 60318,
            "gross_margin": 22.05,
            "gross_margin_4q_avg": 34.01,
            "net_income": -73962,
            "revenue": 273522,
            "common_shares": 2653655,
            "book_valuer_per_share": 12.4,
            "book_valuer_per_share_4q_avg": 12.86,
            "equity": 3291625,
            "current_ratio": 98.71,
            "debt_ratio": 45.31,
            "inventory_turnover_ratio": 0.08,
            "account_receivable_turnover_ratio": null,
            "reinvestment_rate": null,
            "research_to_sale_ratio": null,
            "price_fair": 38.73,
            "eps_avg_yearly": 1.11,
            "eps_latest_yearly": 0.16,
            "eps_growth_yearly": 114.55
        },
        "20053": {
            "year_quarter": 20053,
            "year": 2005,
            "quarter": 3,
            "eps": 0.27,
            "eps_growth_year": 50,
            "eps_4q": -0.65,
            "eps_4q_growth_year": -195.75,
            "roe": 2.03,
            "roe_4q": -4.710000000000001,
            "gross_profit": 104631,
            "gross_margin": 32.52,
            "gross_margin_4q_avg": 36.56,
            "net_income": 67476,
            "revenue": 321737,
            "common_shares": 2503694,
            "book_valuer_per_share": 13.42,
            "book_valuer_per_share_4q_avg": 12.9,
            "equity": 3358960,
            "current_ratio": 104.63,
            "debt_ratio": 46.29,
            "inventory_turnover_ratio": 0.13,
            "account_receivable_turnover_ratio": null,
            "reinvestment_rate": null,
            "research_to_sale_ratio": null,
            "price_fair": 38.73,
            "eps_avg_yearly": 1.11,
            "eps_latest_yearly": 0.16,
            "eps_growth_yearly": 114.55
        },
        "20054": {
            "year_quarter": 20054,
            "year": 2005,
            "quarter": 4,
            "eps": -0.53,
            "eps_growth_year": null,
            "eps_4q": -0.98,
            "eps_4q_growth_year": null,
            "roe": -4.01,
            "roe_4q": -7.37,
            "gross_profit": -97615,
            "gross_margin": -12.94,
            "gross_margin_4q_avg": 28.15,
            "net_income": -131892,
            "revenue": 754494,
            "common_shares": 2503694,
            "book_valuer_per_share": 12.89,
            "book_valuer_per_share_4q_avg": 12.85,
            "equity": 3227068,
            "current_ratio": 108.14,
            "debt_ratio": 42.54,
            "inventory_turnover_ratio": 0.61,
            "account_receivable_turnover_ratio": null,
            "reinvestment_rate": 2132.2,
            "research_to_sale_ratio": null,
            "price_fair": 38.73,
            "eps_avg_yearly": 1.11,
            "eps_latest_yearly": 0.16,
            "eps_growth_yearly": 114.55
        },
        "20061": {
            "year_quarter": 20061,
            "year": 2006,
            "quarter": 1,
            "eps": 0.08,
            "eps_growth_year": null,
            "eps_4q": -0.45,
            "eps_4q_growth_year": null,
            "roe": 0.64,
            "roe_4q": -3.56,
            "gross_profit": 48453,
            "gross_margin": 27.18,
            "gross_margin_4q_avg": 17.2,
            "net_income": 20821,
            "revenue": 178289,
            "common_shares": 2503694,
            "book_valuer_per_share": 12.97,
            "book_valuer_per_share_4q_avg": 12.92,
            "equity": 3247890,
            "current_ratio": 105.73,
            "debt_ratio": 43.29,
            "inventory_turnover_ratio": 0.11,
            "account_receivable_turnover_ratio": null,
            "reinvestment_rate": 1441.46,
            "research_to_sale_ratio": null,
            "price_fair": 38.73,
            "eps_avg_yearly": 1.11,
            "eps_latest_yearly": 0.16,
            "eps_growth_yearly": 114.55
        },
        "20062": {
            "year_quarter": 20062,
            "year": 2006,
            "quarter": 2,
            "eps": 0.51,
            "eps_growth_year": null,
            "eps_4q": 0.33,
            "eps_4q_growth_year": null,
            "roe": 3.82,
            "roe_4q": 2.48,
            "gross_profit": 62505,
            "gross_margin": 30.96,
            "gross_margin_4q_avg": 19.43,
            "net_income": 126505,
            "revenue": 201863,
            "common_shares": 2503694,
            "book_valuer_per_share": 13.48,
            "book_valuer_per_share_4q_avg": 13.19,
            "equity": 3374394,
            "current_ratio": 113.54,
            "debt_ratio": 54.33,
            "inventory_turnover_ratio": 0.07,
            "account_receivable_turnover_ratio": null,
            "reinvestment_rate": 612.26,
            "research_to_sale_ratio": null,
            "price_fair": 46.9,
            "eps_avg_yearly": 1.34,
            "eps_latest_yearly": 2.04,
            "eps_growth_yearly": 623.42
        },
        "20063": {
            "year_quarter": 20063,
            "year": 2006,
            "quarter": 3,
            "eps": 1.5,
            "eps_growth_year": 455.56,
            "eps_4q": 1.56,
            "eps_4q_growth_year": null,
            "roe": 11.57,
            "roe_4q": 12.020000000000001,
            "gross_profit": 466953,
            "gross_margin": 18.74,
            "gross_margin_4q_avg": 15.99,
            "net_income": 414288,
            "revenue": 2491116,
            "common_shares": 2754063,
            "book_valuer_per_share": 13.76,
            "book_valuer_per_share_4q_avg": 13.28,
            "equity": 3788682,
            "current_ratio": 198.71,
            "debt_ratio": 42.48,
            "inventory_turnover_ratio": 0.71,
            "account_receivable_turnover_ratio": null,
            "reinvestment_rate": -104.13,
            "research_to_sale_ratio": null,
            "price_fair": 79.52,
            "eps_avg_yearly": 2.27,
            "eps_latest_yearly": 6,
            "eps_growth_yearly": 654.03
        },
        "20064": {
            "year_quarter": 20064,
            "year": 2006,
            "quarter": 4,
            "eps": 0.01,
            "eps_growth_year": null,
            "eps_4q": 2.05,
            "eps_4q_growth_year": null,
            "roe": 0.08,
            "roe_4q": 16.11,
            "gross_profit": 16434,
            "gross_margin": 7.11,
            "gross_margin_4q_avg": 21,
            "net_income": 2960,
            "revenue": 231239,
            "common_shares": 2754063,
            "book_valuer_per_share": 13.77,
            "book_valuer_per_share_4q_avg": 13.5,
            "equity": 3792020,
            "current_ratio": 185.68,
            "debt_ratio": 51,
            "inventory_turnover_ratio": 0.05,
            "account_receivable_turnover_ratio": null,
            "reinvestment_rate": -289.76,
            "research_to_sale_ratio": null,
            "price_fair": 66.5,
            "eps_avg_yearly": 1.9,
            "eps_latest_yearly": 0.04,
            "eps_growth_yearly": 478.8
        },
        "20071": {
            "year_quarter": 20071,
            "year": 2007,
            "quarter": 1,
            "eps": 0.6,
            "eps_growth_year": 650,
            "eps_4q": 2.56,
            "eps_4q_growth_year": null,
            "roe": 4.29,
            "roe_4q": 19.76,
            "gross_profit": 191557,
            "gross_margin": 14.88,
            "gross_margin_4q_avg": 17.92,
            "net_income": 166254,
            "revenue": 1287364,
            "common_shares": 2754063,
            "book_valuer_per_share": 14.37,
            "book_valuer_per_share_4q_avg": 13.85,
            "equity": 3958275,
            "current_ratio": 204.5,
            "debt_ratio": 45.82,
            "inventory_turnover_ratio": 0.21,
            "account_receivable_turnover_ratio": null,
            "reinvestment_rate": -230.15,
            "research_to_sale_ratio": null,
            "price_fair": 69,
            "eps_avg_yearly": 1.97,
            "eps_latest_yearly": 2.4,
            "eps_growth_yearly": 3781.83
        },
        "20072": {
            "year_quarter": 20072,
            "year": 2007,
            "quarter": 2,
            "eps": 0.71,
            "eps_growth_year": 39.22,
            "eps_4q": 2.62,
            "eps_4q_growth_year": 685.09,
            "roe": 5.07,
            "roe_4q": 21.009999999999998,
            "gross_profit": 327593,
            "gross_margin": 34.32,
            "gross_margin_4q_avg": 18.76,
            "net_income": 216432,
            "revenue": 954499,
            "common_shares": 3054063,
            "book_valuer_per_share": 14.97,
            "book_valuer_per_share_4q_avg": 14.22,
            "equity": 4573119,
            "current_ratio": 197.84,
            "debt_ratio": 46.15,
            "inventory_turnover_ratio": 0.11,
            "account_receivable_turnover_ratio": null,
            "reinvestment_rate": -199.71,
            "research_to_sale_ratio": null,
            "price_fair": 72.8,
            "eps_avg_yearly": 2.08,
            "eps_latest_yearly": 2.84,
            "eps_growth_yearly": 3318.27
        },
        "20073": {
            "year_quarter": 20073,
            "year": 2007,
            "quarter": 3,
            "eps": 0.57,
            "eps_growth_year": -62,
            "eps_4q": 1.82,
            "eps_4q_growth_year": 16.7,
            "roe": 3.79,
            "roe_4q": 13.229999999999999,
            "gross_profit": 212163,
            "gross_margin": 30.8,
            "gross_margin_4q_avg": 21.78,
            "net_income": 176461,
            "revenue": 688870,
            "common_shares": 3223010,
            "book_valuer_per_share": 14.74,
            "book_valuer_per_share_4q_avg": 14.46,
            "equity": 4749580,
            "current_ratio": 230.2,
            "debt_ratio": 40.02,
            "inventory_turnover_ratio": 0.08,
            "account_receivable_turnover_ratio": null,
            "reinvestment_rate": -175.8,
            "research_to_sale_ratio": null,
            "price_fair": 78.75,
            "eps_avg_yearly": 2.25,
            "eps_latest_yearly": 2.28,
            "eps_growth_yearly": 3290.76
        },
        "20074": {
            "year_quarter": 20074,
            "year": 2007,
            "quarter": 4,
            "eps": 0.21,
            "eps_growth_year": 2000,
            "eps_4q": 2,
            "eps_4q_growth_year": -2.23,
            "roe": 1.39,
            "roe_4q": 14.54,
            "gross_profit": 67577,
            "gross_margin": -10.39,
            "gross_margin_4q_avg": 17.4,
            "net_income": 65443,
            "revenue": -650364,
            "common_shares": 3223010,
            "book_valuer_per_share": 14.53,
            "book_valuer_per_share_4q_avg": 14.65,
            "equity": 4684130,
            "current_ratio": 188.99,
            "debt_ratio": 49.55,
            "inventory_turnover_ratio": -0.11,
            "account_receivable_turnover_ratio": null,
            "reinvestment_rate": -220.57,
            "research_to_sale_ratio": null,
            "price_fair": 72.63,
            "eps_avg_yearly": 2.08,
            "eps_latest_yearly": 0.84,
            "eps_growth_yearly": 3187.44
        },
        "20081": {
            "year_quarter": 20081,
            "year": 2008,
            "quarter": 1,
            "eps": 0.22,
            "eps_growth_year": -63.33,
            "eps_4q": 1.65,
            "eps_4q_growth_year": -35.46,
            "roe": 1.48,
            "roe_4q": 11.73,
            "gross_profit": 105555,
            "gross_margin": 34.02,
            "gross_margin_4q_avg": 22.19,
            "net_income": 70327,
            "revenue": 310265,
            "common_shares": 3223010,
            "book_valuer_per_share": 14.88,
            "book_valuer_per_share_4q_avg": 14.78,
            "equity": 4796981,
            "current_ratio": 183.42,
            "debt_ratio": 50.99,
            "inventory_turnover_ratio": 0.03,
            "account_receivable_turnover_ratio": null,
            "reinvestment_rate": -205.29,
            "research_to_sale_ratio": null,
            "price_fair": 75.78,
            "eps_avg_yearly": 2.17,
            "eps_latest_yearly": 0.88,
            "eps_growth_yearly": 3236.25
        },
        "20082": {
            "year_quarter": 20082,
            "year": 2008,
            "quarter": 2,
            "eps": 0.52,
            "eps_growth_year": -26.76,
            "eps_4q": 1.5,
            "eps_4q_growth_year": -42.87,
            "roe": 3.47,
            "roe_4q": 10.129999999999999,
            "gross_profit": 247582,
            "gross_margin": 34.47,
            "gross_margin_4q_avg": 22.23,
            "net_income": 165827,
            "revenue": 718349,
            "common_shares": 3223010,
            "book_valuer_per_share": 14.74,
            "book_valuer_per_share_4q_avg": 14.72,
            "equity": 4750990,
            "current_ratio": 168.74,
            "debt_ratio": 55.87,
            "inventory_turnover_ratio": 0.05,
            "account_receivable_turnover_ratio": null,
            "reinvestment_rate": -134.97,
            "research_to_sale_ratio": null,
            "price_fair": 75.44,
            "eps_avg_yearly": 2.16,
            "eps_latest_yearly": 2.08,
            "eps_growth_yearly": 2937.27
        },
        "20083": {
            "year_quarter": 20083,
            "year": 2008,
            "quarter": 3,
            "eps": 0.32,
            "eps_growth_year": -43.86,
            "eps_4q": 1.19,
            "eps_4q_growth_year": -34.27,
            "roe": 2.3,
            "roe_4q": 8.64,
            "gross_profit": 185853,
            "gross_margin": 29.33,
            "gross_margin_4q_avg": 21.86,
            "net_income": 110482,
            "revenue": 633664,
            "common_shares": 3499288,
            "book_valuer_per_share": 13.89,
            "book_valuer_per_share_4q_avg": 14.51,
            "equity": 4861472,
            "current_ratio": 163.71,
            "debt_ratio": 57.9,
            "inventory_turnover_ratio": 0.05,
            "account_receivable_turnover_ratio": null,
            "reinvestment_rate": -127.5,
            "research_to_sale_ratio": null,
            "price_fair": 72.38,
            "eps_avg_yearly": 2.07,
            "eps_latest_yearly": 1.28,
            "eps_growth_yearly": 2628.16
        },
        "20084": {
            "year_quarter": 20084,
            "year": 2008,
            "quarter": 4,
            "eps": 0.18,
            "eps_growth_year": -14.29,
            "eps_4q": 1.19,
            "eps_4q_growth_year": -40.64,
            "roe": 1.27,
            "roe_4q": 8.52,
            "gross_profit": 127969,
            "gross_margin": 22.04,
            "gross_margin_4q_avg": 29.97,
            "net_income": 61794,
            "revenue": 580556,
            "common_shares": 3499288,
            "book_valuer_per_share": 14,
            "book_valuer_per_share_4q_avg": 14.38,
            "equity": 4898095,
            "current_ratio": 160.65,
            "debt_ratio": 59.38,
            "inventory_turnover_ratio": 0.04,
            "account_receivable_turnover_ratio": 21.6,
            "reinvestment_rate": -119.42,
            "research_to_sale_ratio": null,
            "price_fair": 68.09,
            "eps_avg_yearly": 1.95,
            "eps_latest_yearly": 0.72,
            "eps_growth_yearly": 2373.33
        },
        "20091": {
            "year_quarter": 20091,
            "year": 2009,
            "quarter": 1,
            "eps": 0.28,
            "eps_growth_year": 27.27,
            "eps_4q": 1.26,
            "eps_4q_growth_year": -23.9,
            "roe": 1.96,
            "roe_4q": 9,
            "gross_profit": 149999,
            "gross_margin": 26.28,
            "gross_margin_4q_avg": 28.03,
            "net_income": 96742,
            "revenue": 570718,
            "common_shares": 3499288,
            "book_valuer_per_share": 14.26,
            "book_valuer_per_share_4q_avg": 14.22,
            "equity": 4989655,
            "current_ratio": 160.13,
            "debt_ratio": 59.42,
            "inventory_turnover_ratio": 0.04,
            "account_receivable_turnover_ratio": 14.86,
            "reinvestment_rate": -95.28,
            "research_to_sale_ratio": null,
            "price_fair": 65.68,
            "eps_avg_yearly": 1.88,
            "eps_latest_yearly": 1.12,
            "eps_growth_yearly": 2194.07
        },
        "20092": {
            "year_quarter": 20092,
            "year": 2009,
            "quarter": 2,
            "eps": 0.47,
            "eps_growth_year": -9.62,
            "eps_4q": 1.22,
            "eps_4q_growth_year": -18.82,
            "roe": 3.4,
            "roe_4q": 8.93,
            "gross_profit": 264414,
            "gross_margin": 28.43,
            "gross_margin_4q_avg": 26.52,
            "net_income": 169257,
            "revenue": 929994,
            "common_shares": 3499288,
            "book_valuer_per_share": 14.21,
            "book_valuer_per_share_4q_avg": 14.09,
            "equity": 4973451,
            "current_ratio": 154.55,
            "debt_ratio": 61.77,
            "inventory_turnover_ratio": 0.06,
            "account_receivable_turnover_ratio": 47.04,
            "reinvestment_rate": -185.71,
            "research_to_sale_ratio": null,
            "price_fair": 65.69,
            "eps_avg_yearly": 1.88,
            "eps_latest_yearly": 1.88,
            "eps_growth_yearly": 2046.17
        },
        "20093": {
            "year_quarter": 20093,
            "year": 2009,
            "quarter": 3,
            "eps": 0.47,
            "eps_growth_year": 46.88,
            "eps_4q": 1.38,
            "eps_4q_growth_year": 15.83,
            "roe": 3.34,
            "roe_4q": 9.969999999999999,
            "gross_profit": 272788,
            "gross_margin": 23.82,
            "gross_margin_4q_avg": 25.14,
            "net_income": 168845,
            "revenue": 1145120,
            "common_shares": 3671471,
            "book_valuer_per_share": 14.03,
            "book_valuer_per_share_4q_avg": 14.13,
            "equity": 5150069,
            "current_ratio": 168.38,
            "debt_ratio": 55.68,
            "inventory_turnover_ratio": 0.08,
            "account_receivable_turnover_ratio": 12.84,
            "reinvestment_rate": -173.07,
            "research_to_sale_ratio": null,
            "price_fair": 65.7,
            "eps_avg_yearly": 1.88,
            "eps_latest_yearly": 1.88,
            "eps_growth_yearly": 1900.02
        },
        "20094": {
            "year_quarter": 20094,
            "year": 2009,
            "quarter": 4,
            "eps": 0.3,
            "eps_growth_year": 66.67,
            "eps_4q": 1.5,
            "eps_4q_growth_year": 26.3,
            "roe": 2.08,
            "roe_4q": 10.780000000000001,
            "gross_profit": 181785,
            "gross_margin": 29.3,
            "gross_margin_4q_avg": 26.96,
            "net_income": 108493,
            "revenue": 620425,
            "common_shares": 3671471,
            "book_valuer_per_share": 14.6,
            "book_valuer_per_share_4q_avg": 14.28,
            "equity": 5278570,
            "current_ratio": 180.46,
            "debt_ratio": 52.99,
            "inventory_turnover_ratio": 0.04,
            "account_receivable_turnover_ratio": 26.8,
            "reinvestment_rate": -140.3,
            "research_to_sale_ratio": null,
            "price_fair": 64.12,
            "eps_avg_yearly": 1.83,
            "eps_latest_yearly": 1.2,
            "eps_growth_yearly": 1763.71
        },
        "20101": {
            "year_quarter": 20101,
            "year": 2010,
            "quarter": 1,
            "eps": 0.28,
            "eps_growth_year": 0,
            "eps_4q": 1.51,
            "eps_4q_growth_year": 20.17,
            "roe": 1.88,
            "roe_4q": 10.7,
            "gross_profit": 148570,
            "gross_margin": 29.77,
            "gross_margin_4q_avg": 27.83,
            "net_income": 100286,
            "revenue": 499026,
            "common_shares": 3671471,
            "book_valuer_per_share": 14.84,
            "book_valuer_per_share_4q_avg": 14.42,
            "equity": 5367484,
            "current_ratio": 177.01,
            "debt_ratio": 53.87,
            "inventory_turnover_ratio": 0.04,
            "account_receivable_turnover_ratio": 17.68,
            "reinvestment_rate": -136.77,
            "research_to_sale_ratio": null,
            "price_fair": 62.56,
            "eps_avg_yearly": 1.79,
            "eps_latest_yearly": 1.12,
            "eps_growth_yearly": 1651.81
        },
        "20102": {
            "year_quarter": 20102,
            "year": 2010,
            "quarter": 2,
            "eps": 0.34,
            "eps_growth_year": -27.94,
            "eps_4q": 1.32,
            "eps_4q_growth_year": 8.78,
            "roe": 2.44,
            "roe_4q": 9.74,
            "gross_profit": 245236,
            "gross_margin": 25.82,
            "gross_margin_4q_avg": 27.18,
            "net_income": 129811,
            "revenue": 949922,
            "common_shares": 3671471,
            "book_valuer_per_share": 14.62,
            "book_valuer_per_share_4q_avg": 14.52,
            "equity": 5287541,
            "current_ratio": 176.73,
            "debt_ratio": 53.87,
            "inventory_turnover_ratio": 0.07,
            "account_receivable_turnover_ratio": 13.62,
            "reinvestment_rate": -135.47,
            "research_to_sale_ratio": null,
            "price_fair": 61.08,
            "eps_avg_yearly": 1.75,
            "eps_latest_yearly": 1.36,
            "eps_growth_yearly": 1522.79
        },
        "20103": {
            "year_quarter": 20103,
            "year": 2010,
            "quarter": 3,
            "eps": 0.22,
            "eps_growth_year": -52.38,
            "eps_4q": 1.11,
            "eps_4q_growth_year": -19.91,
            "roe": 1.61,
            "roe_4q": 8.01,
            "gross_profit": 135605,
            "gross_margin": 27.83,
            "gross_margin_4q_avg": 28.18,
            "net_income": 85792,
            "revenue": 487252,
            "common_shares": 3888423,
            "book_valuer_per_share": 14.08,
            "book_valuer_per_share_4q_avg": 14.54,
            "equity": 5395356,
            "current_ratio": 187.13,
            "debt_ratio": 51.35,
            "inventory_turnover_ratio": 0.04,
            "account_receivable_turnover_ratio": 5.64,
            "reinvestment_rate": -61.69,
            "research_to_sale_ratio": null,
            "price_fair": 49.88,
            "eps_avg_yearly": 1.43,
            "eps_latest_yearly": 0.88,
            "eps_growth_yearly": 1465.44
        },
        "20104": {
            "year_quarter": 20104,
            "year": 2010,
            "quarter": 4,
            "eps": 0.69,
            "eps_growth_year": 128.66,
            "eps_4q": 1.5,
            "eps_4q_growth_year": -0.29,
            "roe": 4.77,
            "roe_4q": 10.7,
            "gross_profit": 429224,
            "gross_margin": 32.93,
            "gross_margin_4q_avg": 29.09,
            "net_income": 266739,
            "revenue": 1303517,
            "common_shares": 3888423,
            "book_valuer_per_share": 14.91,
            "book_valuer_per_share_4q_avg": 14.61,
            "equity": 5796771,
            "current_ratio": 241.59,
            "debt_ratio": 39.12,
            "inventory_turnover_ratio": 0.1,
            "account_receivable_turnover_ratio": 28.54,
            "reinvestment_rate": -16.27,
            "research_to_sale_ratio": null,
            "price_fair": 55.83,
            "eps_avg_yearly": 1.6,
            "eps_latest_yearly": 2.76,
            "eps_growth_yearly": 1543.68
        },
        "20111": {
            "year_quarter": 20111,
            "year": 2011,
            "quarter": 1,
            "eps": 0.3,
            "eps_growth_year": 7.14,
            "eps_4q": 1.54,
            "eps_4q_growth_year": 1.63,
            "roe": 1.97,
            "roe_4q": 10.79,
            "gross_profit": 153420,
            "gross_margin": 31.09,
            "gross_margin_4q_avg": 29.42,
            "net_income": 115331,
            "revenue": 493407,
            "common_shares": 3888423,
            "book_valuer_per_share": 15.13,
            "book_valuer_per_share_4q_avg": 14.69,
            "equity": 5882642,
            "current_ratio": 229.28,
            "debt_ratio": 39.64,
            "inventory_turnover_ratio": 0.04,
            "account_receivable_turnover_ratio": 10.05,
            "reinvestment_rate": 7.07,
            "research_to_sale_ratio": null,
            "price_fair": 53.2,
            "eps_avg_yearly": 1.52,
            "eps_latest_yearly": 1.2,
            "eps_growth_yearly": 54.55
        },
        "20112": {
            "year_quarter": 20112,
            "year": 2011,
            "quarter": 2,
            "eps": 0.39,
            "eps_growth_year": 15.09,
            "eps_4q": 1.57,
            "eps_4q_growth_year": 18.54,
            "roe": 2.67,
            "roe_4q": 11.02,
            "gross_profit": 208038,
            "gross_margin": 29.17,
            "gross_margin_4q_avg": 30.26,
            "net_income": 154600,
            "revenue": 713172,
            "common_shares": 3888423,
            "book_valuer_per_share": 14.63,
            "book_valuer_per_share_4q_avg": 14.69,
            "equity": 5689891,
            "current_ratio": 198.33,
            "debt_ratio": 46.19,
            "inventory_turnover_ratio": 0.06,
            "account_receivable_turnover_ratio": 21.16,
            "reinvestment_rate": 13.34,
            "research_to_sale_ratio": null,
            "price_fair": 50.4,
            "eps_avg_yearly": 1.44,
            "eps_latest_yearly": 1.56,
            "eps_growth_yearly": 57.47
        },
        "20113": {
            "year_quarter": 20113,
            "year": 2011,
            "quarter": 3,
            "eps": 0.75,
            "eps_growth_year": 234.75,
            "eps_4q": 2.1,
            "eps_4q_growth_year": 89.88,
            "roe": 5.08,
            "roe_4q": 14.49,
            "gross_profit": 234236,
            "gross_margin": 25.39,
            "gross_margin_4q_avg": 29.65,
            "net_income": 297179,
            "revenue": 922605,
            "common_shares": 3966191,
            "book_valuer_per_share": 15.16,
            "book_valuer_per_share_4q_avg": 14.96,
            "equity": 6013801,
            "current_ratio": 207.91,
            "debt_ratio": 44.52,
            "inventory_turnover_ratio": 0.08,
            "account_receivable_turnover_ratio": 16.62,
            "reinvestment_rate": 9.25,
            "research_to_sale_ratio": null,
            "price_fair": 51.98,
            "eps_avg_yearly": 1.49,
            "eps_latest_yearly": 3,
            "eps_growth_yearly": 85.47
        },
        "20114": {
            "year_quarter": 20114,
            "year": 2011,
            "quarter": 4,
            "eps": 0.25,
            "eps_growth_year": -63.68,
            "eps_4q": 1.68,
            "eps_4q_growth_year": 12.06,
            "roe": 1.63,
            "roe_4q": 11.35,
            "gross_profit": 110522,
            "gross_margin": 42.9,
            "gross_margin_4q_avg": 32.14,
            "net_income": 98825,
            "revenue": 257645,
            "common_shares": 3966191,
            "book_valuer_per_share": 15.44,
            "book_valuer_per_share_4q_avg": 15.09,
            "equity": 6124586,
            "current_ratio": 219.19,
            "debt_ratio": 42.74,
            "inventory_turnover_ratio": 0.02,
            "account_receivable_turnover_ratio": 4.12,
            "reinvestment_rate": 4.04,
            "research_to_sale_ratio": null,
            "price_fair": 52.33,
            "eps_avg_yearly": 1.5,
            "eps_latest_yearly": 1,
            "eps_growth_yearly": 84.59
        },
        "20121": {
            "year_quarter": 20121,
            "year": 2012,
            "quarter": 1,
            "eps": 0.32,
            "eps_growth_year": 6.67,
            "eps_4q": 1.7,
            "eps_4q_growth_year": 10.82,
            "roe": 2.04,
            "roe_4q": 11.42,
            "gross_profit": 65348,
            "gross_margin": 40.07,
            "gross_margin_4q_avg": 34.38,
            "net_income": 124978,
            "revenue": 163085,
            "common_shares": 3966191,
            "book_valuer_per_share": 0,
            "book_valuer_per_share_4q_avg": 11.31,
            "equity": 6155764,
            "current_ratio": 212.36,
            "debt_ratio": 44.51,
            "inventory_turnover_ratio": 0.01,
            "account_receivable_turnover_ratio": 3.49,
            "reinvestment_rate": 0.9,
            "research_to_sale_ratio": null,
            "price_fair": 53.2,
            "eps_avg_yearly": 1.52,
            "eps_latest_yearly": 1.28,
            "eps_growth_yearly": 90.4
        },
        "20122": {
            "year_quarter": 20122,
            "year": 2012,
            "quarter": 2,
            "eps": 0.37,
            "eps_growth_year": -4.65,
            "eps_4q": 1.69,
            "eps_4q_growth_year": 7.38,
            "roe": 2.47,
            "roe_4q": 11.219999999999999,
            "gross_profit": 183669,
            "gross_margin": 37.77,
            "gross_margin_4q_avg": 36.53,
            "net_income": 147409,
            "revenue": 486257,
            "common_shares": 3966191,
            "book_valuer_per_share": 14.6,
            "book_valuer_per_share_4q_avg": 11.3,
            "equity": 5791906,
            "current_ratio": 191.55,
            "debt_ratio": 49.48,
            "inventory_turnover_ratio": 0.03,
            "account_receivable_turnover_ratio": 8.54,
            "reinvestment_rate": 1.14,
            "research_to_sale_ratio": null,
            "price_fair": 51.89,
            "eps_avg_yearly": 1.48,
            "eps_latest_yearly": 1.48,
            "eps_growth_yearly": 60.22
        },
        "20123": {
            "year_quarter": 20123,
            "year": 2012,
            "quarter": 3,
            "eps": 0.51,
            "eps_growth_year": -32.21,
            "eps_4q": 1.44,
            "eps_4q_growth_year": -31.32,
            "roe": 3.42,
            "roe_4q": 9.56,
            "gross_profit": 278440,
            "gross_margin": 52.52,
            "gross_margin_4q_avg": 43.32,
            "net_income": 201455,
            "revenue": 530192,
            "common_shares": 3966191,
            "book_valuer_per_share": 15.09,
            "book_valuer_per_share_4q_avg": 11.28,
            "equity": 5986800,
            "current_ratio": 189.08,
            "debt_ratio": 50.3,
            "inventory_turnover_ratio": 0.03,
            "account_receivable_turnover_ratio": 13.26,
            "reinvestment_rate": 0.75,
            "research_to_sale_ratio": null,
            "price_fair": 53.55,
            "eps_avg_yearly": 1.53,
            "eps_latest_yearly": 2.04,
            "eps_growth_yearly": 79.29
        },
        "20124": {
            "year_quarter": 20124,
            "year": 2012,
            "quarter": 4,
            "eps": 0.86,
            "eps_growth_year": 245.58,
            "eps_4q": 2.06,
            "eps_4q_growth_year": 22.44,
            "roe": 5.54,
            "roe_4q": 13.470000000000002,
            "gross_profit": 502672,
            "gross_margin": 43.1,
            "gross_margin_4q_avg": 43.37,
            "net_income": 341516,
            "revenue": 1166308,
            "common_shares": 3966191,
            "book_valuer_per_share": 15.98,
            "book_valuer_per_share_4q_avg": 11.42,
            "equity": 6336705,
            "current_ratio": 203.76,
            "debt_ratio": 46.65,
            "inventory_turnover_ratio": 0.07,
            "account_receivable_turnover_ratio": 1.5,
            "reinvestment_rate": 3.12,
            "research_to_sale_ratio": null,
            "price_fair": 59.5,
            "eps_avg_yearly": 1.7,
            "eps_latest_yearly": 3.44,
            "eps_growth_yearly": 107.39
        },
        "20131": {
            "year_quarter": 20131,
            "year": 2013,
            "quarter": 1,
            "eps": 0.1,
            "eps_growth_year": -68.75,
            "eps_4q": 1.81,
            "eps_4q_growth_year": 6.2,
            "roe": 0.63,
            "roe_4q": 12.06,
            "gross_profit": 4440,
            "gross_margin": 26.31,
            "gross_margin_4q_avg": 39.93,
            "net_income": 39019,
            "revenue": 16873,
            "common_shares": 3966191,
            "book_valuer_per_share": 15.12,
            "book_valuer_per_share_4q_avg": 15.2,
            "equity": 5997522,
            "current_ratio": 186.64,
            "debt_ratio": 50.85,
            "inventory_turnover_ratio": 0,
            "account_receivable_turnover_ratio": 0.02,
            "reinvestment_rate": -0.88,
            "research_to_sale_ratio": null,
            "price_fair": 57.93,
            "eps_avg_yearly": 1.66,
            "eps_latest_yearly": 0.4,
            "eps_growth_yearly": 71.41
        },
        "20132": {
            "year_quarter": 20132,
            "year": 2013,
            "quarter": 2,
            "eps": 0.14,
            "eps_growth_year": -62.33,
            "eps_4q": 1.56,
            "eps_4q_growth_year": -7.37,
            "roe": 0.94,
            "roe_4q": 10.53,
            "gross_profit": 23538,
            "gross_margin": 8.04,
            "gross_margin_4q_avg": 32.49,
            "net_income": 54443,
            "revenue": 292614,
            "common_shares": 4032180,
            "book_valuer_per_share": 13.74,
            "book_valuer_per_share_4q_avg": 14.98,
            "equity": 5540489,
            "current_ratio": 170.38,
            "debt_ratio": 55.7,
            "inventory_turnover_ratio": 0.03,
            "account_receivable_turnover_ratio": 17.96,
            "reinvestment_rate": -0.25,
            "research_to_sale_ratio": null,
            "price_fair": 55.04,
            "eps_avg_yearly": 1.57,
            "eps_latest_yearly": 0.56,
            "eps_growth_yearly": 64.44
        },
        "20133": {
            "year_quarter": 20133,
            "year": 2013,
            "quarter": 3,
            "eps": 1.37,
            "eps_growth_year": 169.72,
            "eps_4q": 2.43,
            "eps_4q_growth_year": 68.4,
            "roe": 9.59,
            "roe_4q": 16.7,
            "gross_profit": 714480,
            "gross_margin": 46.72,
            "gross_margin_4q_avg": 31.04,
            "net_income": 558971,
            "revenue": 1529131,
            "common_shares": 4076972,
            "book_valuer_per_share": 15,
            "book_valuer_per_share_4q_avg": 14.96,
            "equity": 6113835,
            "current_ratio": 179.99,
            "debt_ratio": 52.11,
            "inventory_turnover_ratio": 0.08,
            "account_receivable_turnover_ratio": 115.59,
            "reinvestment_rate": 5.22,
            "research_to_sale_ratio": null,
            "price_fair": 62.91,
            "eps_avg_yearly": 1.8,
            "eps_latest_yearly": 5.48,
            "eps_growth_yearly": 284.09
        },
        "20134": {
            "year_quarter": 20134,
            "year": 2013,
            "quarter": 4,
            "eps": 0.6,
            "eps_growth_year": -30.7,
            "eps_4q": 2.19,
            "eps_4q_growth_year": 6.67,
            "roe": 3.9,
            "roe_4q": 15.06,
            "gross_profit": 352256,
            "gross_margin": 45.65,
            "gross_margin_4q_avg": 31.68,
            "net_income": 243935,
            "revenue": 771636,
            "common_shares": 4087754,
            "book_valuer_per_share": 15.63,
            "book_valuer_per_share_4q_avg": 14.87,
            "equity": 6390801,
            "current_ratio": 185.46,
            "debt_ratio": 50.53,
            "inventory_turnover_ratio": 0.04,
            "account_receivable_turnover_ratio": 11.61,
            "reinvestment_rate": 2.27,
            "research_to_sale_ratio": null,
            "price_fair": 65.54,
            "eps_avg_yearly": 1.87,
            "eps_latest_yearly": 2.4,
            "eps_growth_yearly": 279.08
        },
        "20141": {
            "year_quarter": 20141,
            "year": 2014,
            "quarter": 1,
            "eps": 0.13,
            "eps_growth_year": 30,
            "eps_4q": 2.23,
            "eps_4q_growth_year": 23.38,
            "roe": 0.86,
            "roe_4q": 15.29,
            "gross_profit": 88835,
            "gross_margin": 54.26,
            "gross_margin_4q_avg": 38.67,
            "net_income": 54961,
            "revenue": 163717,
            "common_shares": 4087754,
            "book_valuer_per_share": 15.79,
            "book_valuer_per_share_4q_avg": 15.04,
            "equity": 6452572,
            "current_ratio": 163.7,
            "debt_ratio": 57.75,
            "inventory_turnover_ratio": 0.01,
            "account_receivable_turnover_ratio": 2.05,
            "reinvestment_rate": 2.72,
            "research_to_sale_ratio": null,
            "price_fair": 64.23,
            "eps_avg_yearly": 1.84,
            "eps_latest_yearly": 0.52,
            "eps_growth_yearly": 261.16
        },
        "20142": {
            "year_quarter": 20142,
            "year": 2014,
            "quarter": 2,
            "eps": 2.89,
            "eps_growth_year": 1964.29,
            "eps_4q": 4.99,
            "eps_4q_growth_year": 219.67,
            "roe": 17.66,
            "roe_4q": 32.01,
            "gross_profit": 1440726,
            "gross_margin": 72.59,
            "gross_margin_4q_avg": 54.81,
            "net_income": 1181978,
            "revenue": 1984617,
            "common_shares": 4087754,
            "book_valuer_per_share": 16.96,
            "book_valuer_per_share_4q_avg": 15.85,
            "equity": 6930817,
            "current_ratio": 161.86,
            "debt_ratio": 57.18,
            "inventory_turnover_ratio": 0.05,
            "account_receivable_turnover_ratio": 64.32,
            "reinvestment_rate": 1.75,
            "research_to_sale_ratio": null,
            "price_fair": 86.54,
            "eps_avg_yearly": 2.47,
            "eps_latest_yearly": 11.56,
            "eps_growth_yearly": 786.57
        },
        "20143": {
            "year_quarter": 20143,
            "year": 2014,
            "quarter": 3,
            "eps": 0.16,
            "eps_growth_year": -88.32,
            "eps_4q": 3.78,
            "eps_4q_growth_year": 55.34,
            "roe": 0.92,
            "roe_4q": 23.34,
            "gross_profit": 2321,
            "gross_margin": 68.04,
            "gross_margin_4q_avg": 60.14,
            "net_income": 63815,
            "revenue": 3411,
            "common_shares": 4087754,
            "book_valuer_per_share": 17.14,
            "book_valuer_per_share_4q_avg": 16.38,
            "equity": 7006547,
            "current_ratio": 166.66,
            "debt_ratio": 55.27,
            "inventory_turnover_ratio": 0,
            "account_receivable_turnover_ratio": 0.22,
            "reinvestment_rate": 4.66,
            "research_to_sale_ratio": null,
            "price_fair": 86.01,
            "eps_avg_yearly": 2.46,
            "eps_latest_yearly": 0.64,
            "eps_growth_yearly": 771.78
        },
        "20144": {
            "year_quarter": 20144,
            "year": 2014,
            "quarter": 4,
            "eps": 0,
            "eps_growth_year": -99.7,
            "eps_4q": 3.17,
            "eps_4q_growth_year": 44.76,
            "roe": 0.01,
            "roe_4q": 19.45,
            "gross_profit": 29441,
            "gross_margin": 19.16,
            "gross_margin_4q_avg": 53.51,
            "net_income": 732,
            "revenue": 153666,
            "common_shares": 4089644,
            "book_valuer_per_share": 17.26,
            "book_valuer_per_share_4q_avg": 16.79,
            "equity": 7059048,
            "current_ratio": 149.62,
            "debt_ratio": 59.64,
            "inventory_turnover_ratio": 0.01,
            "account_receivable_turnover_ratio": 7.85,
            "reinvestment_rate": 14.88,
            "research_to_sale_ratio": null,
            "price_fair": 85.31,
            "eps_avg_yearly": 2.44,
            "eps_latest_yearly": 0.64,
            "eps_growth_yearly": 766.26
        },
        "20151": {
            "year_quarter": 20151,
            "year": 2015,
            "quarter": 1,
            "eps": 1.27,
            "eps_growth_year": 876.92,
            "eps_4q": 4.22,
            "eps_4q_growth_year": 89.2,
            "roe": 6.96,
            "roe_4q": 25.55,
            "gross_profit": 747217,
            "gross_margin": 33.73,
            "gross_margin_4q_avg": 48.38,
            "net_income": 521790,
            "revenue": 2215206,
            "common_shares": 4100193,
            "book_valuer_per_share": 18.83,
            "book_valuer_per_share_4q_avg": 17.55,
            "equity": 7944082,
            "current_ratio": 165.34,
            "debt_ratio": 60.62,
            "inventory_turnover_ratio": 0.14,
            "account_receivable_turnover_ratio": 82.54,
            "reinvestment_rate": 3.98,
            "research_to_sale_ratio": null,
            "price_fair": 88.4,
            "eps_avg_yearly": 2.53,
            "eps_latest_yearly": 0.64,
            "eps_growth_yearly": 837.14
        },
        "20152": {
            "year_quarter": 20152,
            "year": 2015,
            "quarter": 2,
            "eps": 3,
            "eps_growth_year": 3.81,
            "eps_4q": 4.39,
            "eps_4q_growth_year": -12.12,
            "roe": 15.07,
            "roe_4q": 22.960000000000004,
            "gross_profit": 1647659,
            "gross_margin": 56.96,
            "gross_margin_4q_avg": 44.47,
            "net_income": 1252429,
            "revenue": 2892420,
            "common_shares": 4190253,
            "book_valuer_per_share": 20.19,
            "book_valuer_per_share_4q_avg": 18.36,
            "equity": 8679860,
            "current_ratio": 204.01,
            "debt_ratio": 52.68,
            "inventory_turnover_ratio": 0.13,
            "account_receivable_turnover_ratio": 101.08,
            "reinvestment_rate": 3.28,
            "research_to_sale_ratio": null,
            "price_fair": 114.5,
            "eps_avg_yearly": 3.27,
            "eps_latest_yearly": 12,
            "eps_growth_yearly": 867.49
        },
        "20153": {
            "year_quarter": 20153,
            "year": 2015,
            "quarter": 3,
            "eps": 0.23,
            "eps_growth_year": 43.75,
            "eps_4q": 4.34,
            "eps_4q_growth_year": 14.96,
            "roe": 1.12,
            "roe_4q": 23.160000000000004,
            "gross_profit": 31991,
            "gross_margin": 52.91,
            "gross_margin_4q_avg": 40.69,
            "net_income": 98762,
            "revenue": 60468,
            "common_shares": 4200437,
            "book_valuer_per_share": 20.94,
            "book_valuer_per_share_4q_avg": 19.31,
            "equity": 9016348,
            "current_ratio": 207.6,
            "debt_ratio": 51.55,
            "inventory_turnover_ratio": 0,
            "account_receivable_turnover_ratio": 1.7,
            "reinvestment_rate": 5.8,
            "research_to_sale_ratio": null,
            "price_fair": 109.3,
            "eps_avg_yearly": 3.12,
            "eps_latest_yearly": 0.92,
            "eps_growth_yearly": 814.74
        },
        "20154": {
            "year_quarter": 20154,
            "year": 2015,
            "quarter": 4,
            "eps": -0.38,
            "eps_growth_year": -21459.61,
            "eps_4q": 3.9,
            "eps_4q_growth_year": 22.89,
            "roe": -1.83,
            "roe_4q": 21.32,
            "gross_profit": -37228,
            "gross_margin": -108.79,
            "gross_margin_4q_avg": 8.7,
            "net_income": -165135,
            "revenue": 34220,
            "common_shares": 4325338,
            "book_valuer_per_share": 20.15,
            "book_valuer_per_share_4q_avg": 20.03,
            "equity": 9079311,
            "current_ratio": 196.72,
            "debt_ratio": 52.3,
            "inventory_turnover_ratio": 0.01,
            "account_receivable_turnover_ratio": 1.26,
            "reinvestment_rate": 9.32,
            "research_to_sale_ratio": null,
            "price_fair": 115.02,
            "eps_avg_yearly": 3.29,
            "eps_latest_yearly": 0.92,
            "eps_growth_yearly": 897.92
        },
        "20161": {
            "year_quarter": 20161,
            "year": 2016,
            "quarter": 1,
            "eps": 0.25,
            "eps_growth_year": -80.32,
            "eps_4q": 2.96,
            "eps_4q_growth_year": -29.84,
            "roe": 1.23,
            "roe_4q": 15.59,
            "gross_profit": 147695,
            "gross_margin": 44.08,
            "gross_margin_4q_avg": 11.29,
            "net_income": 112420,
            "revenue": 335099,
            "common_shares": 4384488,
            "book_valuer_per_share": 20.1,
            "book_valuer_per_share_4q_avg": 20.35,
            "equity": 9177594,
            "current_ratio": 195.6,
            "debt_ratio": 51.84,
            "inventory_turnover_ratio": 0.02,
            "account_receivable_turnover_ratio": 13.2,
            "reinvestment_rate": 10.25,
            "research_to_sale_ratio": null,
            "price_fair": 120.87,
            "eps_avg_yearly": 3.45,
            "eps_latest_yearly": 0.92,
            "eps_growth_yearly": 963.42
        },
        "20162": {
            "year_quarter": 20162,
            "year": 2016,
            "quarter": 2,
            "eps": -0.22,
            "eps_growth_year": -107.33,
            "eps_4q": -0.12,
            "eps_4q_growth_year": -102.79,
            "roe": -1.13,
            "roe_4q": -0.6099999999999999,
            "gross_profit": 85274,
            "gross_margin": 35.68,
            "gross_margin_4q_avg": 5.97,
            "net_income": -99826,
            "revenue": 239029,
            "common_shares": 4384488,
            "book_valuer_per_share": 18.58,
            "book_valuer_per_share_4q_avg": 19.94,
            "equity": 8510453,
            "current_ratio": 178.88,
            "debt_ratio": 55.15,
            "inventory_turnover_ratio": 0.02,
            "account_receivable_turnover_ratio": 9.38,
            "reinvestment_rate": 11.17,
            "research_to_sale_ratio": null,
            "price_fair": 127.15,
            "eps_avg_yearly": 3.63,
            "eps_latest_yearly": 0.92,
            "eps_growth_yearly": 1045.32
        },
        "20163": {
            "year_quarter": 20163,
            "year": 2016,
            "quarter": 3,
            "eps": -0.21,
            "eps_growth_year": -191.3,
            "eps_4q": -0.56,
            "eps_4q_growth_year": -112.9,
            "roe": -1.07,
            "roe_4q": -2.8000000000000003,
            "gross_profit": 22628,
            "gross_margin": 70.22,
            "gross_margin_4q_avg": 10.3,
            "net_income": -90209,
            "revenue": 32224,
            "common_shares": 4384488,
            "book_valuer_per_share": 18.32,
            "book_valuer_per_share_4q_avg": 19.29,
            "equity": 8399158,
            "current_ratio": 176.98,
            "debt_ratio": 55.64,
            "inventory_turnover_ratio": 0,
            "account_receivable_turnover_ratio": 1.28,
            "reinvestment_rate": 11.14,
            "research_to_sale_ratio": null,
            "price_fair": 132.72,
            "eps_avg_yearly": 3.79,
            "eps_latest_yearly": 0.92,
            "eps_growth_yearly": 1134.72
        },
        "20164": {
            "year_quarter": 20164,
            "year": 2016,
            "quarter": 4,
            "eps": -0.05,
            "eps_growth_year": null,
            "eps_4q": -0.23,
            "eps_4q_growth_year": -105.8,
            "roe": -0.24,
            "roe_4q": -1.21,
            "gross_profit": 38169,
            "gross_margin": 51.95,
            "gross_margin_4q_avg": 50.48,
            "net_income": -19745,
            "revenue": 73477,
            "common_shares": 4384488,
            "book_valuer_per_share": 18.27,
            "book_valuer_per_share_4q_avg": 18.82,
            "equity": 8377493,
            "current_ratio": 179.2,
            "debt_ratio": 55.16,
            "inventory_turnover_ratio": 0,
            "account_receivable_turnover_ratio": 3.02,
            "reinvestment_rate": 12.17,
            "research_to_sale_ratio": null,
            "price_fair": 134.09,
            "eps_avg_yearly": 3.83,
            "eps_latest_yearly": 0.92,
            "eps_growth_yearly": 1230.29
        },
        "20171": {
            "year_quarter": 20171,
            "year": 2017,
            "quarter": 1,
            "eps": -0.16,
            "eps_growth_year": -164,
            "eps_4q": -0.64,
            "eps_4q_growth_year": -121.53,
            "roe": -0.82,
            "roe_4q": -3.26,
            "gross_profit": 69732,
            "gross_margin": 36.37,
            "gross_margin_4q_avg": 48.56,
            "net_income": -67931,
            "revenue": 191739,
            "common_shares": 4384488,
            "book_valuer_per_share": 18.01,
            "book_valuer_per_share_4q_avg": 18.3,
            "equity": 8266233,
            "current_ratio": 179.23,
            "debt_ratio": 55.27,
            "inventory_turnover_ratio": 0.01,
            "account_receivable_turnover_ratio": 8.05,
            "reinvestment_rate": 14.25,
            "research_to_sale_ratio": null,
            "price_fair": 149.1,
            "eps_avg_yearly": 4.26,
            "eps_latest_yearly": 0.92,
            "eps_growth_yearly": 1428.27
        },
        "20172": {
            "year_quarter": 20172,
            "year": 2017,
            "quarter": 2,
            "eps": 0.08,
            "eps_growth_year": null,
            "eps_4q": -0.33,
            "eps_4q_growth_year": null,
            "roe": 0.47,
            "roe_4q": -1.6600000000000001,
            "gross_profit": 20338,
            "gross_margin": 62.31,
            "gross_margin_4q_avg": 55.21,
            "net_income": 38309,
            "revenue": 32642,
            "common_shares": 4384488,
            "book_valuer_per_share": 17.1,
            "book_valuer_per_share_4q_avg": 17.93,
            "equity": 7868247,
            "current_ratio": 168.22,
            "debt_ratio": 57.67,
            "inventory_turnover_ratio": 0,
            "account_receivable_turnover_ratio": 1.51,
            "reinvestment_rate": 13.96,
            "research_to_sale_ratio": null,
            "price_fair": 167.6,
            "eps_avg_yearly": 4.79,
            "eps_latest_yearly": 0.92,
            "eps_growth_yearly": 1609.45
        },
        "20173": {
            "year_quarter": 20173,
            "year": 2017,
            "quarter": 3,
            "eps": 0.13,
            "eps_growth_year": null,
            "eps_4q": 0.01,
            "eps_4q_growth_year": null,
            "roe": 0.75,
            "roe_4q": 0.16000000000000003,
            "gross_profit": 30055,
            "gross_margin": 69.91,
            "gross_margin_4q_avg": 55.14,
            "net_income": 59426,
            "revenue": 42991,
            "common_shares": 4384488,
            "book_valuer_per_share": 17.23,
            "book_valuer_per_share_4q_avg": 17.65,
            "equity": 7927748,
            "current_ratio": 175.42,
            "debt_ratio": 57.42,
            "inventory_turnover_ratio": 0,
            "account_receivable_turnover_ratio": 1.65,
            "reinvestment_rate": 11.4,
            "research_to_sale_ratio": null,
            "price_fair": 142.8,
            "eps_avg_yearly": 4.08,
            "eps_latest_yearly": 0.52,
            "eps_growth_yearly": 1143.12
        },
        "20174": {
            "year_quarter": 20174,
            "year": 2017,
            "quarter": 4,
            "eps": 0.07,
            "eps_growth_year": null,
            "eps_4q": 0.12,
            "eps_4q_growth_year": null,
            "roe": 0.35,
            "roe_4q": 0.7500000000000001,
            "gross_profit": 22818,
            "gross_margin": 61.67,
            "gross_margin_4q_avg": 57.57,
            "net_income": 27950,
            "revenue": 36999,
            "common_shares": 4384488,
            "book_valuer_per_share": 17.27,
            "book_valuer_per_share_4q_avg": 17.4,
            "equity": 7943557,
            "current_ratio": 173.85,
            "debt_ratio": 57.56,
            "inventory_turnover_ratio": 0,
            "account_receivable_turnover_ratio": 1.43,
            "reinvestment_rate": 10.97,
            "research_to_sale_ratio": null,
            "price_fair": 132.2,
            "eps_avg_yearly": 3.78,
            "eps_latest_yearly": 0.28,
            "eps_growth_yearly": 1148.86
        },
        "20181": {
            "year_quarter": 20181,
            "year": 2018,
            "quarter": 1,
            "eps": 0.12,
            "eps_growth_year": null,
            "eps_4q": 0.4,
            "eps_4q_growth_year": null,
            "roe": 0.69,
            "roe_4q": 2.26,
            "gross_profit": 23812,
            "gross_margin": 70.03,
            "gross_margin_4q_avg": 65.98,
            "net_income": 54725,
            "revenue": 34003,
            "common_shares": 4384488,
            "book_valuer_per_share": 17.41,
            "book_valuer_per_share_4q_avg": 17.25,
            "equity": 8006215,
            "current_ratio": 171.56,
            "debt_ratio": 57.55,
            "inventory_turnover_ratio": 0,
            "account_receivable_turnover_ratio": 1.8,
            "reinvestment_rate": 6.64,
            "research_to_sale_ratio": null,
            "price_fair": 132,
            "eps_avg_yearly": 3.77,
            "eps_latest_yearly": 0.48,
            "eps_growth_yearly": 1234.44
        },
        "20182": {
            "year_quarter": 20182,
            "year": 2018,
            "quarter": 2,
            "eps": 0.01,
            "eps_growth_year": -87.5,
            "eps_4q": 0.32,
            "eps_4q_growth_year": null,
            "roe": 0.05,
            "roe_4q": 1.8399999999999999,
            "gross_profit": 22161,
            "gross_margin": 64.35,
            "gross_margin_4q_avg": 66.49,
            "net_income": 3695,
            "revenue": 34436,
            "common_shares": 4384488,
            "book_valuer_per_share": 16.7,
            "book_valuer_per_share_4q_avg": 17.15,
            "equity": 7694478,
            "current_ratio": 163.73,
            "debt_ratio": 59.88,
            "inventory_turnover_ratio": 0,
            "account_receivable_turnover_ratio": 1.78,
            "reinvestment_rate": 13.14,
            "research_to_sale_ratio": null,
            "price_fair": 6.38,
            "eps_avg_yearly": 2.13,
            "eps_latest_yearly": 0.04,
            "eps_growth_yearly": -31.12
        },
        "20183": {
            "year_quarter": 20183,
            "year": 2018,
            "quarter": 3,
            "eps": -0.13,
            "eps_growth_year": -200,
            "eps_4q": 0.07,
            "eps_4q_growth_year": 494.54,
            "roe": -0.72,
            "roe_4q": 0.37,
            "gross_profit": 26597,
            "gross_margin": 68.45,
            "gross_margin_4q_avg": 66.13,
            "net_income": -55144,
            "revenue": 38858,
            "common_shares": 4384488,
            "book_valuer_per_share": 16.57,
            "book_valuer_per_share_4q_avg": 16.99,
            "equity": 7637182,
            "current_ratio": 162.31,
            "debt_ratio": 60.27,
            "inventory_turnover_ratio": 0,
            "account_receivable_turnover_ratio": 1.95,
            "reinvestment_rate": 11.95,
            "research_to_sale_ratio": null,
            "price_fair": 83.07,
            "eps_avg_yearly": 2.37,
            "eps_latest_yearly": 0.04,
            "eps_growth_yearly": 26.66
        },
        "20184": {
            "year_quarter": 20184,
            "year": 2018,
            "quarter": 4,
            "eps": 0.1,
            "eps_growth_year": 55.87,
            "eps_4q": 0.1,
            "eps_4q_growth_year": -16.62,
            "roe": 0.62,
            "roe_4q": 0.64,
            "gross_profit": 30635,
            "gross_margin": 74.65,
            "gross_margin_4q_avg": 69.37,
            "net_income": 47278,
            "revenue": 41037,
            "common_shares": 4384488,
            "book_valuer_per_share": 16.64,
            "book_valuer_per_share_4q_avg": 16.83,
            "equity": 7672805,
            "current_ratio": 161.47,
            "debt_ratio": 60.65,
            "inventory_turnover_ratio": 0,
            "account_receivable_turnover_ratio": 2.05,
            "reinvestment_rate": -9.25,
            "research_to_sale_ratio": null,
            "price_fair": 83.07,
            "eps_avg_yearly": 2.37,
            "eps_latest_yearly": 0.04,
            "eps_growth_yearly": 26.66
        },
        "20191": {
            "year_quarter": 20191,
            "year": 2019,
            "quarter": 1,
            "eps": 0.15,
            "eps_growth_year": 25,
            "eps_4q": 0.13,
            "eps_4q_growth_year": -68.35,
            "roe": 0.86,
            "roe_4q": 0.81,
            "gross_profit": 25145,
            "gross_margin": 71.14,
            "gross_margin_4q_avg": 69.65,
            "net_income": 65944,
            "revenue": 35348,
            "common_shares": 4384488,
            "book_valuer_per_share": 16.8,
            "book_valuer_per_share_4q_avg": 16.68,
            "equity": 7742785,
            "current_ratio": 159.77,
            "debt_ratio": 61.1,
            "inventory_turnover_ratio": 0,
            "account_receivable_turnover_ratio": 1.81,
            "reinvestment_rate": -11.2,
            "research_to_sale_ratio": null,
            "price_fair": 74.2,
            "eps_avg_yearly": 2.12,
            "eps_latest_yearly": 0.6,
            "eps_growth_yearly": 51.43
        },
        "20192": {
            "year_quarter": 20192,
            "year": 2019,
            "quarter": 2,
            "eps": -0.08,
            "eps_growth_year": -900,
            "eps_4q": 0.04,
            "eps_4q_growth_year": -86.46,
            "roe": -0.43,
            "roe_4q": 0.33000000000000007,
            "gross_profit": 21999,
            "gross_margin": 33.16,
            "gross_margin_4q_avg": 61.85,
            "net_income": -32331,
            "revenue": 66339,
            "common_shares": 4384488,
            "book_valuer_per_share": 16.13,
            "book_valuer_per_share_4q_avg": 16.54,
            "equity": 7451395,
            "current_ratio": 153.79,
            "debt_ratio": 63.09,
            "inventory_turnover_ratio": 0,
            "account_receivable_turnover_ratio": 3.5,
            "reinvestment_rate": null,
            "research_to_sale_ratio": null,
            "price_fair": 1.42,
            "eps_avg_yearly": 0.47,
            "eps_latest_yearly": 0.6,
            "eps_growth_yearly": -30.82
        },
        "20193": {
            "year_quarter": 20193,
            "year": 2019,
            "quarter": 3,
            "eps": -0.06,
            "eps_growth_year": null,
            "eps_4q": 0.11,
            "eps_4q_growth_year": 63.39,
            "roe": -0.35,
            "roe_4q": 0.7,
            "gross_profit": 25137,
            "gross_margin": 71.92,
            "gross_margin_4q_avg": 62.72,
            "net_income": -25749,
            "revenue": 34951,
            "common_shares": 4384488,
            "book_valuer_per_share": 16.08,
            "book_valuer_per_share_4q_avg": 16.41,
            "equity": 7430973,
            "current_ratio": 154.14,
            "debt_ratio": 63.16,
            "inventory_turnover_ratio": 0,
            "account_receivable_turnover_ratio": 1.79,
            "reinvestment_rate": null,
            "research_to_sale_ratio": null,
            "price_fair": 13.44,
            "eps_avg_yearly": 0.38,
            "eps_latest_yearly": 0.6,
            "eps_growth_yearly": 36.89
        },
        "20194": {
            "year_quarter": 20194,
            "year": 2019,
            "quarter": 4,
            "eps": -0.68,
            "eps_growth_year": -768.77,
            "eps_4q": -0.68,
            "eps_4q_growth_year": -755.14,
            "roe": -4.12,
            "roe_4q": -4.039999999999999,
            "gross_profit": 23342,
            "gross_margin": 62.77,
            "gross_margin_4q_avg": 59.75,
            "net_income": -298952,
            "revenue": 37188,
            "common_shares": 4384488,
            "book_valuer_per_share": 15.31,
            "book_valuer_per_share_4q_avg": 16.08,
            "equity": 7092378,
            "current_ratio": 150.48,
            "debt_ratio": 64.73,
            "inventory_turnover_ratio": 0,
            "account_receivable_turnover_ratio": 1.26,
            "reinvestment_rate": null,
            "research_to_sale_ratio": null,
            "price_fair": 13.44,
            "eps_avg_yearly": 0.38,
            "eps_latest_yearly": 0.6,
            "eps_growth_yearly": 36.89
        },
        "20201": {
            "year_quarter": 20201,
            "year": 2020,
            "quarter": 1,
            "eps": 0.02,
            "eps_growth_year": -86.67,
            "eps_4q": -0.8,
            "eps_4q_growth_year": -730.8,
            "roe": 0.15,
            "roe_4q": -4.75,
            "gross_profit": 33915,
            "gross_margin": 34.03,
            "gross_margin_4q_avg": 50.47,
            "net_income": 10332,
            "revenue": 99671,
            "common_shares": 4384488,
            "book_valuer_per_share": 15.33,
            "book_valuer_per_share_4q_avg": 15.71,
            "equity": 7106752,
            "current_ratio": 246.52,
            "debt_ratio": 64.83,
            "inventory_turnover_ratio": 0.01,
            "account_receivable_turnover_ratio": 3.17,
            "reinvestment_rate": null,
            "research_to_sale_ratio": null,
            "price_fair": 13.44,
            "eps_avg_yearly": 0.38,
            "eps_latest_yearly": 0.6,
            "eps_growth_yearly": 36.89
        },
        "20202": {
            "year_quarter": 20202,
            "year": 2020,
            "quarter": 2,
            "eps": -0.18,
            "eps_growth_year": null,
            "eps_4q": -0.91,
            "eps_4q_growth_year": -2169.34,
            "roe": -1.11,
            "roe_4q": -5.43,
            "gross_profit": 23916,
            "gross_margin": 66.81,
            "gross_margin_4q_avg": 58.88,
            "net_income": -76844,
            "revenue": 35795,
            "common_shares": 4384488,
            "book_valuer_per_share": 14.6,
            "book_valuer_per_share_4q_avg": 15.33,
            "equity": 6789056,
            "current_ratio": 233.5,
            "debt_ratio": 66.34,
            "inventory_turnover_ratio": 0,
            "account_receivable_turnover_ratio": 2.4,
            "reinvestment_rate": null,
            "research_to_sale_ratio": null,
            "price_fair": 13.44,
            "eps_avg_yearly": 0.38,
            "eps_latest_yearly": 0.6,
            "eps_growth_yearly": 36.89
        },
        "20203": {
            "year_quarter": 20203,
            "year": 2020,
            "quarter": 3,
            "eps": -0.13,
            "eps_growth_year": null,
            "eps_4q": -0.97,
            "eps_4q_growth_year": -991.69,
            "roe": -0.74,
            "roe_4q": -5.82,
            "gross_profit": 24967,
            "gross_margin": 52.56,
            "gross_margin_4q_avg": 54.04,
            "net_income": -49963,
            "revenue": 47505,
            "common_shares": 4384488,
            "book_valuer_per_share": 14.45,
            "book_valuer_per_share_4q_avg": 14.92,
            "equity": 6728664,
            "current_ratio": 230.46,
            "debt_ratio": 66.69,
            "inventory_turnover_ratio": 0,
            "account_receivable_turnover_ratio": 2.15,
            "reinvestment_rate": null,
            "research_to_sale_ratio": null,
            "price_fair": 13.44,
            "eps_avg_yearly": 0.38,
            "eps_latest_yearly": 0.6,
            "eps_growth_yearly": 36.89
        },
        "20204": {
            "year_quarter": 20204,
            "year": 2020,
            "quarter": 4,
            "eps": -0.03,
            "eps_growth_year": null,
            "eps_4q": -0.32,
            "eps_4q_growth_year": null,
            "roe": -0.14,
            "roe_4q": -1.8400000000000003,
            "gross_profit": 78341,
            "gross_margin": 24.2,
            "gross_margin_4q_avg": 44.4,
            "net_income": -9135,
            "revenue": 323768,
            "common_shares": 4384488,
            "book_valuer_per_share": 14.35,
            "book_valuer_per_share_4q_avg": 14.68,
            "equity": 6684526,
            "current_ratio": 141.21,
            "debt_ratio": 67.89,
            "inventory_turnover_ratio": 0.02,
            "account_receivable_turnover_ratio": 7.49,
            "reinvestment_rate": null,
            "research_to_sale_ratio": null,
            "price_fair": 13.44,
            "eps_avg_yearly": 0.38,
            "eps_latest_yearly": 0.6,
            "eps_growth_yearly": 36.89
        },
        "20211": {
            "year_quarter": 20211,
            "year": 2021,
            "quarter": 1,
            "eps": 0.01,
            "eps_growth_year": -50,
            "eps_4q": -0.33,
            "eps_4q_growth_year": null,
            "roe": 0.12,
            "roe_4q": -1.87,
            "gross_profit": 30753,
            "gross_margin": 38.45,
            "gross_margin_4q_avg": 45.51,
            "net_income": 8265,
            "revenue": 79992,
            "common_shares": 4384488,
            "book_valuer_per_share": 14.37,
            "book_valuer_per_share_4q_avg": 14.44,
            "equity": 6700317,
            "current_ratio": 141.33,
            "debt_ratio": 67.84,
            "inventory_turnover_ratio": 0,
            "account_receivable_turnover_ratio": 1.53,
            "reinvestment_rate": null,
            "research_to_sale_ratio": null,
            "price_fair": 13.44,
            "eps_avg_yearly": 0.38,
            "eps_latest_yearly": 0.6,
            "eps_growth_yearly": 36.89
        },
        "20212": {
            "year_quarter": 20212,
            "year": 2021,
            "quarter": 2,
            "eps": -0.28,
            "eps_growth_year": null,
            "eps_4q": -0.43,
            "eps_4q_growth_year": null,
            "roe": -1.82,
            "roe_4q": -2.58,
            "gross_profit": 37911,
            "gross_margin": 69.62,
            "gross_margin_4q_avg": 46.21,
            "net_income": -120642,
            "revenue": 54454,
            "common_shares": 4384488,
            "book_valuer_per_share": 14.04,
            "book_valuer_per_share_4q_avg": 14.3,
            "equity": 6560291,
            "current_ratio": 140.14,
            "debt_ratio": 68.36,
            "inventory_turnover_ratio": 0,
            "account_receivable_turnover_ratio": 0.94,
            "reinvestment_rate": null,
            "research_to_sale_ratio": null,
            "price_fair": 13.44,
            "eps_avg_yearly": 0.38,
            "eps_latest_yearly": 0.6,
            "eps_growth_yearly": 36.89
        },
        "20213": {
            "year_quarter": 20213,
            "year": 2021,
            "quarter": 3,
            "eps": -0.05,
            "eps_growth_year": null,
            "eps_4q": -0.36,
            "eps_4q_growth_year": null,
            "roe": -0.3,
            "roe_4q": -2.14,
            "gross_profit": 42023,
            "gross_margin": 74.21,
            "gross_margin_4q_avg": 51.62,
            "net_income": -19204,
            "revenue": 56629,
            "common_shares": 4384488,
            "book_valuer_per_share": 13.49,
            "book_valuer_per_share_4q_avg": 14.06,
            "equity": 6321533,
            "current_ratio": 136.75,
            "debt_ratio": 69.58,
            "inventory_turnover_ratio": 0,
            "account_receivable_turnover_ratio": 1.03,
            "reinvestment_rate": null,
            "research_to_sale_ratio": null,
            "price_fair": 1.05,
            "eps_avg_yearly": 0.35,
            "eps_latest_yearly": 0.6,
            "eps_growth_yearly": -16.39
        },
        "20214": {
            "year_quarter": 20214,
            "year": 2021,
            "quarter": 4,
            "eps": 0.01,
            "eps_growth_year": null,
            "eps_4q": -0.31,
            "eps_4q_growth_year": null,
            "roe": 0.15,
            "roe_4q": -1.85,
            "gross_profit": 45475,
            "gross_margin": 71.15,
            "gross_margin_4q_avg": 63.36,
            "net_income": 9206,
            "revenue": 63913,
            "common_shares": 4384488,
            "book_valuer_per_share": 13.48,
            "book_valuer_per_share_4q_avg": 13.85,
            "equity": 6319737,
            "current_ratio": 135.45,
            "debt_ratio": 70.02,
            "inventory_turnover_ratio": 0,
            "account_receivable_turnover_ratio": 1.12,
            "reinvestment_rate": null,
            "research_to_sale_ratio": null,
            "price_fair": 13.07,
            "eps_avg_yearly": 0.37,
            "eps_latest_yearly": 0.6,
            "eps_growth_yearly": 39.68
        },
        "20221": {
            "year_quarter": 20221,
            "year": 2022,
            "quarter": 1,
            "eps": 0.15,
            "eps_growth_year": 1400,
            "eps_4q": -0.18,
            "eps_4q_growth_year": null,
            "roe": 1.07,
            "roe_4q": -0.9000000000000001,
            "gross_profit": 51154,
            "gross_margin": 78.63,
            "gross_margin_4q_avg": 73.4,
            "net_income": 68220,
            "revenue": 65058,
            "common_shares": 4384488,
            "book_valuer_per_share": 13.6,
            "book_valuer_per_share_4q_avg": 13.65,
            "equity": 6375390,
            "current_ratio": 135.4,
            "debt_ratio": 70.21,
            "inventory_turnover_ratio": 0,
            "account_receivable_turnover_ratio": 0.93,
            "reinvestment_rate": null,
            "research_to_sale_ratio": null,
            "price_fair": 14.47,
            "eps_avg_yearly": 0.41,
            "eps_latest_yearly": 0.6,
            "eps_growth_yearly": 1811.11
        },
        "20222": {
            "year_quarter": 20222,
            "year": 2022,
            "quarter": 2,
            "eps": 0.16,
            "eps_growth_year": null,
            "eps_4q": 0.27,
            "eps_4q_growth_year": null,
            "roe": 1.29,
            "roe_4q": 2.2100000000000004,
            "gross_profit": 78661,
            "gross_margin": 58.59,
            "gross_margin_4q_avg": 70.65,
            "net_income": 81018,
            "revenue": 134257,
            "common_shares": 4384488,
            "book_valuer_per_share": 13.25,
            "book_valuer_per_share_4q_avg": 13.46,
            "equity": 6221674,
            "current_ratio": 163.65,
            "debt_ratio": 71.27,
            "inventory_turnover_ratio": 0,
            "account_receivable_turnover_ratio": 1.62,
            "reinvestment_rate": null,
            "research_to_sale_ratio": null,
            "price_fair": 21.47,
            "eps_avg_yearly": 0.61,
            "eps_latest_yearly": 0.64,
            "eps_growth_yearly": 1942.22
        },
        "20223": {
            "year_quarter": 20223,
            "year": 2022,
            "quarter": 3,
            "eps": 0.37,
            "eps_growth_year": null,
            "eps_4q": 0.69,
            "eps_4q_growth_year": null,
            "roe": 2.87,
            "roe_4q": 5.380000000000001,
            "gross_profit": 67230,
            "gross_margin": 87.84,
            "gross_margin_4q_avg": 74.05,
            "net_income": 180392,
            "revenue": 76534,
            "common_shares": 4384488,
            "book_valuer_per_share": 13.53,
            "book_valuer_per_share_4q_avg": 13.47,
            "equity": 6358987,
            "current_ratio": 133.89,
            "debt_ratio": 71.09,
            "inventory_turnover_ratio": 0,
            "account_receivable_turnover_ratio": 1.61,
            "reinvestment_rate": null,
            "research_to_sale_ratio": null,
            "price_fair": 29.05,
            "eps_avg_yearly": 0.83,
            "eps_latest_yearly": 1.48,
            "eps_growth_yearly": 1587.92
        },
        "20224": {
            "year_quarter": 20224,
            "year": 2022,
            "quarter": 4,
            "eps": -0.24,
            "eps_growth_year": -1726.2,
            "eps_4q": 0.44,
            "eps_4q_growth_year": null,
            "roe": -2.44,
            "roe_4q": 2.79,
            "gross_profit": 67414,
            "gross_margin": 90.23,
            "gross_margin_4q_avg": 78.82,
            "net_income": -153201,
            "revenue": 74713,
            "common_shares": 4384488,
            "book_valuer_per_share": 13.29,
            "book_valuer_per_share_4q_avg": 13.42,
            "equity": 6201859,
            "current_ratio": 127.65,
            "debt_ratio": 75.32,
            "inventory_turnover_ratio": 0,
            "account_receivable_turnover_ratio": 8.88,
            "reinvestment_rate": null,
            "research_to_sale_ratio": null,
            "price_fair": 29.05,
            "eps_avg_yearly": 0.83,
            "eps_latest_yearly": 1.48,
            "eps_growth_yearly": 1587.92
        },
        "20231": {
            "year_quarter": 20231,
            "year": 2023,
            "quarter": 1,
            "eps": 1.44,
            "eps_growth_year": 860,
            "eps_4q": 1.73,
            "eps_4q_growth_year": null,
            "roe": 25.67,
            "roe_4q": 27.39,
            "gross_profit": 78378,
            "gross_margin": 89.67,
            "gross_margin_4q_avg": 81.58,
            "net_income": 1826441,
            "revenue": 87404,
            "common_shares": 4384488,
            "book_valuer_per_share": 14.73,
            "book_valuer_per_share_4q_avg": 13.7,
            "equity": 8028300,
            "current_ratio": 152.41,
            "debt_ratio": 62.66,
            "inventory_turnover_ratio": 0,
            "account_receivable_turnover_ratio": 6.81,
            "reinvestment_rate": -176.71,
            "research_to_sale_ratio": null,
            "price_fair": 31.73,
            "eps_avg_yearly": 0.91,
            "eps_latest_yearly": 1.48,
            "eps_growth_yearly": 2050.56
        },
        "20232": {
            "year_quarter": 20232,
            "year": 2023,
            "quarter": 2,
            "eps": 0.04,
            "eps_growth_year": -75,
            "eps_4q": 1.61,
            "eps_4q_growth_year": 507.08,
            "roe": 0.33,
            "roe_4q": 26.43,
            "gross_profit": 47275,
            "gross_margin": 93.8,
            "gross_margin_4q_avg": 90.39,
            "net_income": 25803,
            "revenue": 50398,
            "common_shares": 4384488,
            "book_valuer_per_share": 14.26,
            "book_valuer_per_share_4q_avg": 13.95,
            "equity": 7831691,
            "current_ratio": 149.93,
            "debt_ratio": 63.55,
            "inventory_turnover_ratio": 0,
            "account_receivable_turnover_ratio": 2.94,
            "reinvestment_rate": -143.24,
            "research_to_sale_ratio": null,
            "price_fair": 25.2,
            "eps_avg_yearly": 0.72,
            "eps_latest_yearly": 0.16,
            "eps_growth_yearly": 1440.69
        }
    },
    "months": {
        "2001-06": {
            "month": "2001-06",
            "price": "5.29",
            "revenue": 111771
        },
        "2001-07": {
            "month": "2001-07",
            "price": "5.25",
            "revenue": 7915
        },
        "2001-08": {
            "month": "2001-08",
            "price": "5.03",
            "revenue": 74185
        },
        "2001-09": {
            "month": "2001-09",
            "price": "4.01",
            "revenue": 61815
        },
        "2001-10": {
            "month": "2001-10",
            "price": "3.07",
            "revenue": 5778
        },
        "2001-11": {
            "month": "2001-11",
            "price": "2.16",
            "revenue": 8581
        },
        "2001-12": {
            "month": "2001-12",
            "price": "2.79",
            "revenue": 12482
        },
        "2002-01": {
            "month": "2002-01",
            "price": "3.27",
            "revenue": 31116
        },
        "2002-02": {
            "month": "2002-02",
            "price": "3.39",
            "revenue": 9108
        },
        "2002-03": {
            "month": "2002-03",
            "price": "3.46",
            "revenue": 28670
        },
        "2002-04": {
            "month": "2002-04",
            "price": "6.45",
            "revenue": 4852
        },
        "2002-05": {
            "month": "2002-05",
            "price": "3.74",
            "revenue": 3148
        },
        "2002-06": {
            "month": "2002-06",
            "price": "3.35",
            "revenue": 2962
        },
        "2002-07": {
            "month": "2002-07",
            "price": "2.71",
            "revenue": 673711
        },
        "2002-08": {
            "month": "2002-08",
            "price": "2.30",
            "revenue": 108344
        },
        "2002-09": {
            "month": "2002-09",
            "price": "2.98",
            "revenue": 301520
        },
        "2002-10": {
            "month": "2002-10",
            "price": "2.77",
            "revenue": 76044
        },
        "2002-11": {
            "month": "2002-11",
            "price": "2.81",
            "revenue": 52410
        },
        "2002-12": {
            "month": "2002-12",
            "price": "2.92",
            "revenue": 1261520
        },
        "2003-01": {
            "month": "2003-01",
            "price": "3.77",
            "revenue": 94657
        },
        "2003-02": {
            "month": "2003-02",
            "price": "3.74",
            "revenue": 35117
        },
        "2003-03": {
            "month": "2003-03",
            "price": "3.36",
            "revenue": 251222
        },
        "2003-04": {
            "month": "2003-04",
            "price": "3.37",
            "revenue": 33997
        },
        "2003-05": {
            "month": "2003-05",
            "price": "2.91",
            "revenue": 27244
        },
        "2003-06": {
            "month": "2003-06",
            "price": "3.59",
            "revenue": 57713
        },
        "2003-07": {
            "month": "2003-07",
            "price": "5.67",
            "revenue": 385055
        },
        "2003-08": {
            "month": "2003-08",
            "price": "6.83",
            "revenue": 355929
        },
        "2003-09": {
            "month": "2003-09",
            "price": "7.52",
            "revenue": 139788
        },
        "2003-10": {
            "month": "2003-10",
            "price": "8.02",
            "revenue": 19689
        },
        "2003-11": {
            "month": "2003-11",
            "price": "8.70",
            "revenue": 99697
        },
        "2003-12": {
            "month": "2003-12",
            "price": "8.61",
            "revenue": 729037
        },
        "2004-01": {
            "month": "2004-01",
            "price": "11.36",
            "revenue": 10826
        },
        "2004-02": {
            "month": "2004-02",
            "price": "11.94",
            "revenue": 11756
        },
        "2004-03": {
            "month": "2004-03",
            "price": "11.22",
            "revenue": 21105
        },
        "2004-04": {
            "month": "2004-04",
            "price": "9.63",
            "revenue": 11008
        },
        "2004-05": {
            "month": "2004-05",
            "price": "8.09",
            "revenue": 123083
        },
        "2004-06": {
            "month": "2004-06",
            "price": "8.34",
            "revenue": 183316
        },
        "2004-07": {
            "month": "2004-07",
            "price": "8.32",
            "revenue": 29083
        },
        "2004-08": {
            "month": "2004-08",
            "price": "6.50",
            "revenue": 487718
        },
        "2004-09": {
            "month": "2004-09",
            "price": "6.46",
            "revenue": 340254
        },
        "2004-10": {
            "month": "2004-10",
            "price": "6.76",
            "revenue": 10576
        },
        "2004-11": {
            "month": "2004-11",
            "price": "7.18",
            "revenue": 191958
        },
        "2004-12": {
            "month": "2004-12",
            "price": "7.36",
            "revenue": 108969
        },
        "2005-01": {
            "month": "2005-01",
            "price": "7.25",
            "revenue": 37498
        },
        "2005-02": {
            "month": "2005-02",
            "price": "6.77",
            "revenue": 48444
        },
        "2005-03": {
            "month": "2005-03",
            "price": "6.46",
            "revenue": 34841
        },
        "2005-04": {
            "month": "2005-04",
            "price": "6.01",
            "revenue": 14588
        },
        "2005-05": {
            "month": "2005-05",
            "price": "5.80",
            "revenue": 41462
        },
        "2005-06": {
            "month": "2005-06",
            "price": "6.22",
            "revenue": 184967
        },
        "2005-07": {
            "month": "2005-07",
            "price": "6.42",
            "revenue": 23382
        },
        "2005-08": {
            "month": "2005-08",
            "price": "6.83",
            "revenue": 15794
        },
        "2005-09": {
            "month": "2005-09",
            "price": "6.70",
            "revenue": 15233
        },
        "2005-10": {
            "month": "2005-10",
            "price": "6.47",
            "revenue": 336945
        },
        "2005-11": {
            "month": "2005-11",
            "price": "6.14",
            "revenue": 901708
        },
        "2005-12": {
            "month": "2005-12",
            "price": "6.86",
            "revenue": 117292
        },
        "2006-01": {
            "month": "2006-01",
            "price": "7.00",
            "revenue": 50199
        },
        "2006-02": {
            "month": "2006-02",
            "price": "7.10",
            "revenue": 42890
        },
        "2006-03": {
            "month": "2006-03",
            "price": "6.95",
            "revenue": 71980
        },
        "2006-04": {
            "month": "2006-04",
            "price": "7.59",
            "revenue": 44522
        },
        "2006-05": {
            "month": "2006-05",
            "price": "10.95",
            "revenue": 48110
        },
        "2006-06": {
            "month": "2006-06",
            "price": "11.61",
            "revenue": 151159
        },
        "2006-07": {
            "month": "2006-07",
            "price": "14.00",
            "revenue": 18112
        },
        "2006-08": {
            "month": "2006-08",
            "price": "13.12",
            "revenue": 2396134
        },
        "2006-09": {
            "month": "2006-09",
            "price": "12.81",
            "revenue": 48162
        },
        "2006-10": {
            "month": "2006-10",
            "price": "16.82",
            "revenue": 41702
        },
        "2006-11": {
            "month": "2006-11",
            "price": "24.24",
            "revenue": 125225
        },
        "2006-12": {
            "month": "2006-12",
            "price": "26.44",
            "revenue": 52387
        },
        "2007-01": {
            "month": "2007-01",
            "price": "23.52",
            "revenue": 50868
        },
        "2007-02": {
            "month": "2007-02",
            "price": "27.31",
            "revenue": 411686
        },
        "2007-03": {
            "month": "2007-03",
            "price": "28.70",
            "revenue": 823348
        },
        "2007-04": {
            "month": "2007-04",
            "price": "31.09",
            "revenue": 54667
        },
        "2007-05": {
            "month": "2007-05",
            "price": "35.34",
            "revenue": 62457
        },
        "2007-06": {
            "month": "2007-06",
            "price": "41.01",
            "revenue": 425996
        },
        "2007-07": {
            "month": "2007-07",
            "price": "42.30",
            "revenue": 48157
        },
        "2007-08": {
            "month": "2007-08",
            "price": "31.91",
            "revenue": 318727
        },
        "2007-09": {
            "month": "2007-09",
            "price": "28.96",
            "revenue": 424761
        },
        "2007-10": {
            "month": "2007-10",
            "price": "25.25",
            "revenue": 45168
        },
        "2007-11": {
            "month": "2007-11",
            "price": "20.25",
            "revenue": 126650
        },
        "2007-12": {
            "month": "2007-12",
            "price": "18.36",
            "revenue": 386943
        },
        "2008-01": {
            "month": "2008-01",
            "price": "19.58",
            "revenue": 55497
        },
        "2008-02": {
            "month": "2008-02",
            "price": "20.38",
            "revenue": 53196
        },
        "2008-03": {
            "month": "2008-03",
            "price": "24.56",
            "revenue": 201573
        },
        "2008-04": {
            "month": "2008-04",
            "price": "27.57",
            "revenue": 85021
        },
        "2008-05": {
            "month": "2008-05",
            "price": "23.91",
            "revenue": 88265
        },
        "2008-06": {
            "month": "2008-06",
            "price": "18.76",
            "revenue": 530640
        },
        "2008-07": {
            "month": "2008-07",
            "price": "14.21",
            "revenue": 48746
        },
        "2008-08": {
            "month": "2008-08",
            "price": "12.64",
            "revenue": 162968
        },
        "2008-09": {
            "month": "2008-09",
            "price": "9.20",
            "revenue": 435472
        },
        "2008-10": {
            "month": "2008-10",
            "price": "8.56",
            "revenue": 51922
        },
        "2008-11": {
            "month": "2008-11",
            "price": "7.35",
            "revenue": 137491
        },
        "2008-12": {
            "month": "2008-12",
            "price": "6.70",
            "revenue": 392883
        },
        "2009-01": {
            "month": "2009-01",
            "price": "6.52",
            "revenue": 60645
        },
        "2009-02": {
            "month": "2009-02",
            "price": "6.05",
            "revenue": 61697
        },
        "2009-03": {
            "month": "2009-03",
            "price": "7.44",
            "revenue": 432319
        },
        "2009-04": {
            "month": "2009-04",
            "price": "10.94",
            "revenue": 102245
        },
        "2009-05": {
            "month": "2009-05",
            "price": "14.08",
            "revenue": 108664
        },
        "2009-06": {
            "month": "2009-06",
            "price": "14.64",
            "revenue": 735141
        },
        "2009-07": {
            "month": "2009-07",
            "price": "15.72",
            "revenue": 52368
        },
        "2009-08": {
            "month": "2009-08",
            "price": "13.78",
            "revenue": 180219
        },
        "2009-09": {
            "month": "2009-09",
            "price": "15.30",
            "revenue": 912534
        },
        "2009-10": {
            "month": "2009-10",
            "price": "18.28",
            "revenue": 59340
        },
        "2009-11": {
            "month": "2009-11",
            "price": "16.74",
            "revenue": 141770
        },
        "2009-12": {
            "month": "2009-12",
            "price": "16.31",
            "revenue": 419315
        },
        "2010-01": {
            "month": "2010-01",
            "price": "17.52",
            "revenue": 67987
        },
        "2010-02": {
            "month": "2010-02",
            "price": "15.35",
            "revenue": 70027
        },
        "2010-03": {
            "month": "2010-03",
            "price": "16.46",
            "revenue": 361012
        },
        "2010-04": {
            "month": "2010-04",
            "price": "17.01",
            "revenue": 110000
        },
        "2010-05": {
            "month": "2010-05",
            "price": "14.88",
            "revenue": 111001
        },
        "2010-06": {
            "month": "2010-06",
            "price": "14.53",
            "revenue": 728921
        },
        "2010-07": {
            "month": "2010-07",
            "price": "14.30",
            "revenue": 55457
        },
        "2010-08": {
            "month": "2010-08",
            "price": "15.38",
            "revenue": 153864
        },
        "2010-09": {
            "month": "2010-09",
            "price": "16.36",
            "revenue": 277931
        },
        "2010-10": {
            "month": "2010-10",
            "price": "16.11",
            "revenue": 102147
        },
        "2010-11": {
            "month": "2010-11",
            "price": "16.25",
            "revenue": 250821
        },
        "2010-12": {
            "month": "2010-12",
            "price": "20.91",
            "revenue": 950549
        },
        "2011-01": {
            "month": "2011-01",
            "price": "22.48",
            "revenue": 71061
        },
        "2011-02": {
            "month": "2011-02",
            "price": "19.74",
            "revenue": 73075
        },
        "2011-03": {
            "month": "2011-03",
            "price": "16.55",
            "revenue": 349271
        },
        "2011-04": {
            "month": "2011-04",
            "price": "17.29",
            "revenue": 112289
        },
        "2011-05": {
            "month": "2011-05",
            "price": "17.57",
            "revenue": 115139
        },
        "2011-06": {
            "month": "2011-06",
            "price": "19.84",
            "revenue": 485744
        },
        "2011-07": {
            "month": "2011-07",
            "price": "21.84",
            "revenue": 21059
        },
        "2011-08": {
            "month": "2011-08",
            "price": "18.16",
            "revenue": 41841
        },
        "2011-09": {
            "month": "2011-09",
            "price": "15.03",
            "revenue": 859705
        },
        "2011-10": {
            "month": "2011-10",
            "price": "14.89",
            "revenue": 31431
        },
        "2011-11": {
            "month": "2011-11",
            "price": "14.54",
            "revenue": 37943
        },
        "2011-12": {
            "month": "2011-12",
            "price": "13.18",
            "revenue": 188271
        },
        "2012-01": {
            "month": "2012-01",
            "price": "12.96",
            "revenue": 33762
        },
        "2012-02": {
            "month": "2012-02",
            "price": "14.76",
            "revenue": 41264
        },
        "2012-03": {
            "month": "2012-03",
            "price": "15.71",
            "revenue": 88059
        },
        "2012-04": {
            "month": "2012-04",
            "price": "16.25",
            "revenue": 113660
        },
        "2012-05": {
            "month": "2012-05",
            "price": "15.90",
            "revenue": 120369
        },
        "2012-06": {
            "month": "2012-06",
            "price": "15.90",
            "revenue": 252228
        },
        "2012-07": {
            "month": "2012-07",
            "price": "15.07",
            "revenue": 46470
        },
        "2012-08": {
            "month": "2012-08",
            "price": "15.58",
            "revenue": 104658
        },
        "2012-09": {
            "month": "2012-09",
            "price": "16.80",
            "revenue": 378114
        },
        "2012-10": {
            "month": "2012-10",
            "price": "18.58",
            "revenue": 3285605
        },
        "2012-11": {
            "month": "2012-11",
            "price": "20.10",
            "revenue": 124097
        },
        "2012-12": {
            "month": "2012-12",
            "price": "19.78",
            "revenue": 936780
        },
        "2013-01": {
            "month": "2013-01",
            "price": "21.19",
            "revenue": 1341
        },
        "2013-02": {
            "month": "2013-02",
            "price": "21.84",
            "revenue": 7251
        },
        "2013-03": {
            "month": "2013-03",
            "price": "21.60",
            "revenue": 8281
        },
        "2013-04": {
            "month": "2013-04",
            "price": "21.21",
            "revenue": 12197
        },
        "2013-05": {
            "month": "2013-05",
            "price": "21.90",
            "revenue": 1140
        },
        "2013-06": {
            "month": "2013-06",
            "price": "22.25",
            "revenue": 279276
        },
        "2013-07": {
            "month": "2013-07",
            "price": "21.11",
            "revenue": 192928
        },
        "2013-08": {
            "month": "2013-08",
            "price": "21.14",
            "revenue": 699356
        },
        "2013-09": {
            "month": "2013-09",
            "price": "20.88",
            "revenue": 636846
        },
        "2013-10": {
            "month": "2013-10",
            "price": "20.52",
            "revenue": 111138
        },
        "2013-11": {
            "month": "2013-11",
            "price": "21.08",
            "revenue": 104951
        },
        "2013-12": {
            "month": "2013-12",
            "price": "20.25",
            "revenue": 555545
        },
        "2014-01": {
            "month": "2014-01",
            "price": "19.00",
            "revenue": 3002
        },
        "2014-02": {
            "month": "2014-02",
            "price": "19.59",
            "revenue": 817
        },
        "2014-03": {
            "month": "2014-03",
            "price": "20.15",
            "revenue": 159899
        },
        "2014-04": {
            "month": "2014-04",
            "price": "21.05",
            "revenue": 36832
        },
        "2014-05": {
            "month": "2014-05",
            "price": "21.09",
            "revenue": 1946678
        },
        "2014-06": {
            "month": "2014-06",
            "price": "21.02",
            "revenue": 1108
        },
        "2014-07": {
            "month": "2014-07",
            "price": "19.30",
            "revenue": 1189
        },
        "2014-08": {
            "month": "2014-08",
            "price": "18.95",
            "revenue": 1089
        },
        "2014-09": {
            "month": "2014-09",
            "price": "18.78",
            "revenue": 1133
        },
        "2014-10": {
            "month": "2014-10",
            "price": "17.59",
            "revenue": 114481
        },
        "2014-11": {
            "month": "2014-11",
            "price": "18.04",
            "revenue": 1254
        },
        "2014-12": {
            "month": "2014-12",
            "price": "19.23",
            "revenue": 37931
        },
        "2015-01": {
            "month": "2015-01",
            "price": "19.60",
            "revenue": 1199930
        },
        "2015-02": {
            "month": "2015-02",
            "price": "19.65",
            "revenue": 375898
        },
        "2015-03": {
            "month": "2015-03",
            "price": "20.49",
            "revenue": 639379
        },
        "2015-04": {
            "month": "2015-04",
            "price": "19.70",
            "revenue": 384365
        },
        "2015-05": {
            "month": "2015-05",
            "price": "19.41",
            "revenue": 2200858
        },
        "2015-06": {
            "month": "2015-06",
            "price": "18.73",
            "revenue": 307197
        },
        "2015-07": {
            "month": "2015-07",
            "price": "17.83",
            "revenue": 10235
        },
        "2015-08": {
            "month": "2015-08",
            "price": "17.50",
            "revenue": 10219
        },
        "2015-09": {
            "month": "2015-09",
            "price": "16.54",
            "revenue": 40012
        },
        "2015-10": {
            "month": "2015-10",
            "price": "16.76",
            "revenue": 10171
        },
        "2015-11": {
            "month": "2015-11",
            "price": "16.55",
            "revenue": 10435
        },
        "2015-12": {
            "month": "2015-12",
            "price": "14.96",
            "revenue": 13613
        },
        "2016-01": {
            "month": "2016-01",
            "price": "14.15",
            "revenue": 98531
        },
        "2016-02": {
            "month": "2016-02",
            "price": "14.58",
            "revenue": 138930
        },
        "2016-03": {
            "month": "2016-03",
            "price": "16.08",
            "revenue": 97638
        },
        "2016-04": {
            "month": "2016-04",
            "price": "15.90",
            "revenue": 7071
        },
        "2016-05": {
            "month": "2016-05",
            "price": "14.38",
            "revenue": 221016
        },
        "2016-06": {
            "month": "2016-06",
            "price": "14.38",
            "revenue": 10942
        },
        "2016-07": {
            "month": "2016-07",
            "price": "13.27",
            "revenue": 10669
        },
        "2016-08": {
            "month": "2016-08",
            "price": "12.31",
            "revenue": 10750
        },
        "2016-09": {
            "month": "2016-09",
            "price": "11.55",
            "revenue": 10807
        },
        "2016-10": {
            "month": "2016-10",
            "price": "10.49",
            "revenue": 10681
        },
        "2016-11": {
            "month": "2016-11",
            "price": "9.22",
            "revenue": 45341
        },
        "2016-12": {
            "month": "2016-12",
            "price": "9.80",
            "revenue": 17454
        },
        "2017-01": {
            "month": "2017-01",
            "price": "9.42",
            "revenue": 10686
        },
        "2017-02": {
            "month": "2017-02",
            "price": "10.49",
            "revenue": 10484
        },
        "2017-03": {
            "month": "2017-03",
            "price": "11.52",
            "revenue": 170570
        },
        "2017-04": {
            "month": "2017-04",
            "price": "10.99",
            "revenue": 10731
        },
        "2017-05": {
            "month": "2017-05",
            "price": "11.26",
            "revenue": 10959
        },
        "2017-06": {
            "month": "2017-06",
            "price": "11.24",
            "revenue": 10952
        },
        "2017-07": {
            "month": "2017-07",
            "price": "10.41",
            "revenue": 10726
        },
        "2017-08": {
            "month": "2017-08",
            "price": "9.91",
            "revenue": 10837
        },
        "2017-09": {
            "month": "2017-09",
            "price": "10.10",
            "revenue": 21429
        },
        "2017-10": {
            "month": "2017-10",
            "price": "10.14",
            "revenue": 10896
        },
        "2017-11": {
            "month": "2017-11",
            "price": "10.31",
            "revenue": 11054
        },
        "2017-12": {
            "month": "2017-12",
            "price": "10.16",
            "revenue": 15049
        },
        "2018-01": {
            "month": "2018-01",
            "price": "10.56",
            "revenue": 10731
        },
        "2018-02": {
            "month": "2018-02",
            "price": "10.21",
            "revenue": 11970
        },
        "2018-03": {
            "month": "2018-03",
            "price": "10.32",
            "revenue": 11302
        },
        "2018-04": {
            "month": "2018-04",
            "price": "10.45",
            "revenue": 11337
        },
        "2018-05": {
            "month": "2018-05",
            "price": "10.99",
            "revenue": 11340
        },
        "2018-06": {
            "month": "2018-06",
            "price": "11.36",
            "revenue": 11760
        },
        "2018-07": {
            "month": "2018-07",
            "price": "10.66",
            "revenue": 11743
        },
        "2018-08": {
            "month": "2018-08",
            "price": "10.78",
            "revenue": 15434
        },
        "2018-09": {
            "month": "2018-09",
            "price": "13.73",
            "revenue": 11681
        },
        "2018-10": {
            "month": "2018-10",
            "price": "12.85",
            "revenue": 11242
        },
        "2018-11": {
            "month": "2018-11",
            "price": "12.46",
            "revenue": 11751
        },
        "2018-12": {
            "month": "2018-12",
            "price": "11.88",
            "revenue": 18045
        },
        "2019-01": {
            "month": "2019-01",
            "price": "12.28",
            "revenue": 11731
        },
        "2019-02": {
            "month": "2019-02",
            "price": "12.21",
            "revenue": 11653
        },
        "2019-03": {
            "month": "2019-03",
            "price": "11.88",
            "revenue": 11966
        },
        "2019-04": {
            "month": "2019-04",
            "price": "11.81",
            "revenue": 11562
        },
        "2019-05": {
            "month": "2019-05",
            "price": "11.79",
            "revenue": 11454
        },
        "2019-06": {
            "month": "2019-06",
            "price": "12.23",
            "revenue": 43323
        },
        "2019-07": {
            "month": "2019-07",
            "price": "12.18",
            "revenue": 11575
        },
        "2019-08": {
            "month": "2019-08",
            "price": "11.63",
            "revenue": 11677
        },
        "2019-09": {
            "month": "2019-09",
            "price": "11.68",
            "revenue": 11697
        },
        "2019-10": {
            "month": "2019-10",
            "price": "12.23",
            "revenue": 11564
        },
        "2019-11": {
            "month": "2019-11",
            "price": "12.38",
            "revenue": 11356
        },
        "2019-12": {
            "month": "2019-12",
            "price": "12.77",
            "revenue": 14269
        },
        "2020-01": {
            "month": "2020-01",
            "price": "12.57",
            "revenue": 36361
        },
        "2020-02": {
            "month": "2020-02",
            "price": "11.63",
            "revenue": 51577
        },
        "2020-03": {
            "month": "2020-03",
            "price": "9.55",
            "revenue": 11733
        },
        "2020-04": {
            "month": "2020-04",
            "price": "9.18",
            "revenue": 11223
        },
        "2020-05": {
            "month": "2020-05",
            "price": "9.85",
            "revenue": 11735
        },
        "2020-06": {
            "month": "2020-06",
            "price": "10.26",
            "revenue": 12838
        },
        "2020-07": {
            "month": "2020-07",
            "price": "10.04",
            "revenue": 12659
        },
        "2020-08": {
            "month": "2020-08",
            "price": "9.96",
            "revenue": 12966
        },
        "2020-09": {
            "month": "2020-09",
            "price": "10.05",
            "revenue": 21879
        },
        "2020-10": {
            "month": "2020-10",
            "price": "9.86",
            "revenue": 12839
        },
        "2020-11": {
            "month": "2020-11",
            "price": "9.98",
            "revenue": 12777
        },
        "2020-12": {
            "month": "2020-12",
            "price": "10.26",
            "revenue": 298160
        },
        "2021-01": {
            "month": "2021-01",
            "price": "10.09",
            "revenue": 12637
        },
        "2021-02": {
            "month": "2021-02",
            "price": "9.92",
            "revenue": 32739
        },
        "2021-03": {
            "month": "2021-03",
            "price": "10.06",
            "revenue": 34586
        },
        "2021-04": {
            "month": "2021-04",
            "price": "10.44",
            "revenue": 15527
        },
        "2021-05": {
            "month": "2021-05",
            "price": "9.94",
            "revenue": 22545
        },
        "2021-06": {
            "month": "2021-06",
            "price": "9.94",
            "revenue": 16410
        },
        "2021-07": {
            "month": "2021-07",
            "price": "10.03",
            "revenue": 18122
        },
        "2021-08": {
            "month": "2021-08",
            "price": "11.50",
            "revenue": 19391
        },
        "2021-09": {
            "month": "2021-09",
            "price": "12.41",
            "revenue": 19118
        },
        "2021-10": {
            "month": "2021-10",
            "price": "12.69",
            "revenue": 21015
        },
        "2021-11": {
            "month": "2021-11",
            "price": "13.39",
            "revenue": 20846
        },
        "2021-12": {
            "month": "2021-12",
            "price": "13.06",
            "revenue": 22073
        },
        "2022-01": {
            "month": "2022-01",
            "price": "12.21",
            "revenue": 20682
        },
        "2022-02": {
            "month": "2022-02",
            "price": "12.31",
            "revenue": 22471
        },
        "2022-03": {
            "month": "2022-03",
            "price": "12.50",
            "revenue": 21876
        },
        "2022-04": {
            "month": "2022-04",
            "price": "12.73",
            "revenue": 30836
        },
        "2022-05": {
            "month": "2022-05",
            "price": "12.76",
            "revenue": 49314
        },
        "2022-06": {
            "month": "2022-06",
            "price": "12.90",
            "revenue": 54077
        },
        "2022-07": {
            "month": "2022-07",
            "price": "12.65",
            "revenue": 26987
        },
        "2022-08": {
            "month": "2022-08",
            "price": "13.65",
            "revenue": 23611
        },
        "2022-09": {
            "month": "2022-09",
            "price": "14.06",
            "revenue": 25908
        },
        "2022-10": {
            "month": "2022-10",
            "price": "12.00",
            "revenue": 22799
        },
        "2022-11": {
            "month": "2022-11",
            "price": "11.95",
            "revenue": 22209
        },
        "2022-12": {
            "month": "2022-12",
            "price": "12.16",
            "revenue": 34806
        },
        "2023-01": {
            "month": "2023-01",
            "price": "12.81",
            "revenue": 24264
        },
        "2023-02": {
            "month": "2023-02",
            "price": "13.06",
            "revenue": 30777
        },
        "2023-03": {
            "month": "2023-03",
            "price": "12.88",
            "revenue": 32364
        },
        "2023-04": {
            "month": "2023-04",
            "price": "13.14",
            "revenue": 17515
        },
        "2023-05": {
            "month": "2023-05",
            "price": "12.93",
            "revenue": 16158
        },
        "2023-06": {
            "month": "2023-06",
            "price": "12.99",
            "revenue": 16724
        },
        "2023-07": {
            "month": "2023-07",
            "price": "12.19",
            "revenue": 17006
        },
        "2023-08": {
            "month": "2023-08",
            "price": "13.73",
            "revenue": 108380
        }
    }
}
