{
    "summary": {
        "stock_name": "櫻花建",
        "stock_id": "2539",
        "category": "建材營造",
        "main_business": "委託營造廠商興建國民住宅及商業大樓之出租出售業務",
        "website_url": "http://www.sakurad.com.tw",
        "ceo": "沈淑貞",
        "pe_ratio": 51,
        "report_year_from": 2001,
        "report_year_to": 2023,
        "age": 23,
        "eps_negative_percentage": 26,
        "eps_growth_avg": {
            "last_all": 5.94,
            "last_2y": 7.55,
            "last_4y": 14.01,
            "last_8y": -5.18,
            "last_12y": -0.38,
            "last_16y": 13,
            "last_20y": 5.94,
            "at_2006_last_3y": -100,
            "at_2007_last_3y": -100,
            "at_2008_last_3y": -100,
            "at_2009_last_3y": 100,
            "at_2010_last_3y": 100,
            "at_2011_last_3y": 65.44,
            "at_2012_last_3y": 36.82,
            "at_2013_last_3y": 36.82,
            "at_2014_last_3y": 10.41,
            "at_2015_last_3y": 5.77,
            "at_2016_last_3y": 11.3,
            "at_2017_last_3y": -15.98,
            "at_2018_last_3y": -29.17,
            "at_2019_last_3y": 1.4,
            "at_2020_last_3y": -5.02,
            "at_2021_last_3y": -9.15,
            "at_2022_last_3y": 27.86,
            "at_2023_last_3y": -7.48,
            "at_2024_last_3y": -7.48,
            "at_2006_last_all": -100,
            "at_2007_last_all": -100,
            "at_2008_last_all": -100,
            "at_2009_last_all": 0,
            "at_2010_last_all": 33.33,
            "at_2011_last_all": 24.08,
            "at_2012_last_all": 9.45,
            "at_2013_last_all": 24.55,
            "at_2014_last_all": 20.24,
            "at_2015_last_all": 14.92,
            "at_2016_last_all": 10.28,
            "at_2017_last_all": 8.34,
            "at_2018_last_all": 2.27,
            "at_2019_last_all": 10.42,
            "at_2020_last_all": 5.57,
            "at_2021_last_all": 3.34,
            "at_2022_last_all": 9.09,
            "at_2023_last_all": 5.94,
            "at_2024_last_all": 5.94
        },
        "latest_eps": 1.18,
        "latest_price": 59.6,
        "latest_roe": 9.68,
        "latest_gross_margin": 41.76,
        "latest_equity": 10918286,
        "latest_revenue": 2301299,
        "latest_gross_profit": 961065,
        "latest_net_income": 592767,
        "latest_debt_ratio": 52.73,
        "latest_current_ratio": 226.28,
        "latest_account_receivable_turnover_ratio": 48.11,
        "latest_inventory_turnover_ratio": 0.07,
        "latest_reinvestment_rate": -0.1,
        "latest_research_to_sale_ratio": null
    },
    "eps_dividends": {
        "1996": {
            "cash": 0,
            "stock": 1.2,
            "eps": 0
        },
        "1997": {
            "cash": 0,
            "stock": 1.3,
            "eps": 0
        },
        "1998": {
            "cash": 0,
            "stock": 3,
            "eps": 0
        },
        "2001": {
            "cash": 0,
            "stock": 0,
            "eps": -2.35
        },
        "2002": {
            "cash": 0,
            "stock": 0,
            "eps": -6.93
        },
        "2003": {
            "cash": 0,
            "stock": 0,
            "eps": -3.65
        },
        "2004": {
            "cash": 0,
            "stock": 0,
            "eps": 6.81
        },
        "2005": {
            "cash": 0,
            "stock": 0,
            "eps": -5.04
        },
        "2006": {
            "cash": 0,
            "stock": 0,
            "eps": -0.47
        },
        "2007": {
            "cash": 0,
            "stock": 0,
            "eps": -1.83
        },
        "2008": {
            "cash": 0,
            "stock": 0,
            "eps": 0.12
        },
        "2009": {
            "cash": 0,
            "stock": 0,
            "eps": 0.42
        },
        "2010": {
            "cash": 0.04,
            "stock": 0.27,
            "eps": 1.63
        },
        "2011": {
            "cash": 0.27,
            "stock": 2.4299999999999997,
            "eps": 1.57
        },
        "2012": {
            "cash": 0,
            "stock": 0,
            "eps": 0.8
        },
        "2013": {
            "cash": 0.15,
            "stock": 1.35,
            "eps": 5.52
        },
        "2014": {
            "cash": 0.3,
            "stock": 2.7,
            "eps": 5.21
        },
        "2015": {
            "cash": 1,
            "stock": 2,
            "eps": 4.05
        },
        "2016": {
            "cash": 1.1,
            "stock": 2,
            "eps": 2.96
        },
        "2017": {
            "cash": 1.6,
            "stock": 1,
            "eps": 2.69
        },
        "2018": {
            "cash": 1.5,
            "stock": 0.8,
            "eps": 1.12
        },
        "2019": {
            "cash": 0.2,
            "stock": 1.3,
            "eps": 3.29
        },
        "2020": {
            "cash": 1,
            "stock": 1.9,
            "eps": 1.56
        },
        "2021": {
            "cash": 0.2,
            "stock": 1.4,
            "eps": 1.16
        },
        "2022": {
            "cash": 0.2,
            "stock": 1.4,
            "eps": 2.2
        },
        "2023": {
            "cash": 0.2,
            "stock": 1.6,
            "eps": 1.29
        }
    },
    "dividends": {
        "1996-04-30": {
            "cash": 0,
            "stock": 1.2
        },
        "1997-04-29": {
            "cash": 0,
            "stock": 1.3
        },
        "1998-03-17": {
            "cash": 0,
            "stock": 3
        },
        "2010-03-19": {
            "cash": 0.04,
            "stock": 0.27
        },
        "2011-01-01": {
            "cash": 0.14,
            "stock": 1.26
        },
        "2011-03-22": {
            "cash": 0.13,
            "stock": 1.17
        },
        "2013-03-20": {
            "cash": 0.15,
            "stock": 1.35
        },
        "2014-09-05": {
            "cash": 0.3,
            "stock": 2.7
        },
        "2015-09-04": {
            "cash": 1,
            "stock": 2
        },
        "2016-09-09": {
            "cash": 1.1,
            "stock": 2
        },
        "2017-09-08": {
            "cash": 1.6,
            "stock": 1
        },
        "2018-10-12": {
            "cash": 1.5,
            "stock": 0.8
        },
        "2019-09-12": {
            "cash": 0.2,
            "stock": 1.3
        },
        "2020-09-24": {
            "cash": 1,
            "stock": 1.9
        },
        "2021-10-27": {
            "cash": 0.2,
            "stock": 1.4
        },
        "2022-10-05": {
            "cash": 0.2,
            "stock": 1.4
        },
        "2023-09-28": {
            "cash": 0.2,
            "stock": 1.6
        }
    },
    "prices": {
        "200101": "1.28",
        "200102": "無",
        "200103": "4.05",
        "200104": "3.18",
        "200105": "2.31",
        "200106": "1.73",
        "200107": "1.46",
        "200108": "2.06",
        "200109": "2.02",
        "200110": "1.50",
        "200111": "1.35",
        "200112": "1.54",
        "200201": "1.97",
        "200202": "2.05",
        "200203": "2.14",
        "200204": "4.11",
        "200205": "2.75",
        "200206": "1.92",
        "200207": "2.25",
        "200208": "2.20",
        "200209": "2.01",
        "200210": "1.38",
        "200211": "1.43",
        "200212": "1.38",
        "200301": "1.28",
        "200302": "3.77",
        "200303": "3.71",
        "200304": "3.81",
        "200305": "3.16",
        "200306": "3.39",
        "200307": "3.31",
        "200308": "3.30",
        "200309": "3.04",
        "200310": "3.44",
        "200311": "3.29",
        "200312": "3.20",
        "200401": "13.42",
        "200402": "16.70",
        "200403": "19.74",
        "200404": "23.65",
        "200405": "19.82",
        "200406": "19.82",
        "200407": "18.89",
        "200408": "17.58",
        "200409": "20.38",
        "200410": "20.58",
        "200411": "18.85",
        "200412": "18.73",
        "200501": "18.40",
        "200502": "17.93",
        "200503": "14.85",
        "200504": "11.68",
        "200505": "7.04",
        "200506": "5.53",
        "200507": "7.08",
        "200508": "6.26",
        "200509": "5.83",
        "200510": "5.35",
        "200511": "4.50",
        "200512": "4.25",
        "200601": "5.41",
        "200602": "4.24",
        "200603": "3.64",
        "200604": "3.29",
        "200605": "4.55",
        "200606": "4.93",
        "200607": "4.47",
        "200608": "4.13",
        "200609": "4.43",
        "200610": "4.19",
        "200611": "5.08",
        "200612": "5.25",
        "200701": "4.89",
        "200702": "4.68",
        "200703": "5.28",
        "200704": "4.14",
        "200705": "5.09",
        "200706": "5.03",
        "200707": "4.14",
        "200708": "6.37",
        "200709": "6.99",
        "200710": "5.79",
        "200711": "4.26",
        "200712": "3.49",
        "200801": "5.44",
        "200802": "7.23",
        "200803": "16.98",
        "200804": "29.39",
        "200805": "無",
        "200806": "無",
        "200807": "25.00",
        "200808": "21.93",
        "200809": "17.40",
        "200810": "無",
        "200811": "無",
        "200812": "無",
        "200901": "11.35",
        "200902": "10.34",
        "200903": "11.34",
        "200904": "18.81",
        "200905": "28.32",
        "200906": "22.47",
        "200907": "32.07",
        "200908": "28.28",
        "200909": "29.26",
        "200910": "28.13",
        "200911": "26.37",
        "200912": "25.80",
        "201001": "27.39",
        "201002": "25.82",
        "201003": "25.86",
        "201004": "26.21",
        "201005": "23.93",
        "201006": "24.17",
        "201007": "23.62",
        "201008": "22.73",
        "201009": "22.53",
        "201010": "22.77",
        "201011": "22.31",
        "201012": "23.42",
        "201101": "23.98",
        "201102": "23.24",
        "201103": "20.83",
        "201104": "21.90",
        "201105": "22.42",
        "201106": "22.65",
        "201107": "23.40",
        "201108": "22.51",
        "201109": "21.10",
        "201110": "19.91",
        "201111": "19.45",
        "201112": "18.94",
        "201201": "18.45",
        "201202": "17.97",
        "201203": "19.04",
        "201204": "20.78",
        "201205": "20.13",
        "201206": "20.09",
        "201207": "19.74",
        "201208": "18.90",
        "201209": "19.61",
        "201210": "19.65",
        "201211": "19.62",
        "201212": "20.17",
        "201301": "20.67",
        "201302": "20.53",
        "201303": "20.50",
        "201304": "23.48",
        "201305": "26.85",
        "201306": "28.19",
        "201307": "29.14",
        "201308": "29.06",
        "201309": "29.66",
        "201310": "29.26",
        "201311": "29.38",
        "201312": "30.00",
        "201401": "35.73",
        "201402": "35.50",
        "201403": "37.33",
        "201404": "39.38",
        "201405": "39.04",
        "201406": "39.07",
        "201407": "39.92",
        "201408": "35.83",
        "201409": "35.57",
        "201410": "33.65",
        "201411": "32.57",
        "201412": "32.69",
        "201501": "32.61",
        "201502": "32.85",
        "201503": "34.84",
        "201504": "37.68",
        "201505": "38.51",
        "201506": "36.57",
        "201507": "34.96",
        "201508": "26.35",
        "201509": "24.55",
        "201510": "23.46",
        "201511": "23.74",
        "201512": "24.00",
        "201601": "24.39",
        "201602": "24.65",
        "201603": "25.87",
        "201604": "29.36",
        "201605": "28.78",
        "201606": "29.22",
        "201607": "29.73",
        "201608": "25.76",
        "201609": "25.09",
        "201610": "24.99",
        "201611": "24.78",
        "201612": "25.04",
        "201701": "25.29",
        "201702": "27.35",
        "201703": "27.86",
        "201704": "27.78",
        "201705": "28.03",
        "201706": "28.62",
        "201707": "29.46",
        "201708": "27.64",
        "201709": "27.31",
        "201710": "27.86",
        "201711": "28.54",
        "201712": "28.46",
        "201801": "28.30",
        "201802": "28.16",
        "201803": "28.47",
        "201804": "29.05",
        "201805": "29.44",
        "201806": "29.46",
        "201807": "29.69",
        "201808": "29.97",
        "201809": "28.44",
        "201810": "27.41",
        "201811": "27.20",
        "201812": "27.11",
        "201901": "26.94",
        "201902": "27.44",
        "201903": "28.20",
        "201904": "29.07",
        "201905": "29.42",
        "201906": "30.01",
        "201907": "30.30",
        "201908": "28.73",
        "201909": "29.20",
        "201910": "29.12",
        "201911": "29.25",
        "201912": "29.42",
        "202001": "29.93",
        "202002": "29.97",
        "202003": "30.14",
        "202004": "32.94",
        "202005": "33.96",
        "202006": "34.28",
        "202007": "34.56",
        "202008": "33.77",
        "202009": "30.94",
        "202010": "30.25",
        "202011": "30.71",
        "202012": "30.38",
        "202101": "30.33",
        "202102": "30.61",
        "202103": "32.28",
        "202104": "32.87",
        "202105": "31.50",
        "202106": "31.65",
        "202107": "32.38",
        "202108": "32.52",
        "202109": "33.30",
        "202110": "31.20",
        "202111": "31.30",
        "202112": "31.19",
        "202201": "30.82",
        "202202": "30.80",
        "202203": "31.79",
        "202204": "32.52",
        "202205": "32.26",
        "202206": "32.75",
        "202207": "32.53",
        "202208": "33.86",
        "202209": "32.02",
        "202210": "31.81",
        "202211": "31.85",
        "202212": "31.94",
        "202301": "32.44",
        "202302": "33.94",
        "202303": "35.69",
        "202304": "37.38",
        "202305": "37.78",
        "202306": "40.39",
        "202307": "45.04",
        "202308": "45.30",
        "202309": "41.16",
        "202310": "42.42",
        "202311": "47.05",
        "202312": "48.97"
    },
    "quarters": {
        "20011": {
            "year_quarter": 20011,
            "year": 2001,
            "quarter": 1,
            "eps": 1.33,
            "eps_growth_year": 209.3,
            "eps_4q": -5.6,
            "eps_4q_growth_year": null,
            "roe": 19.86,
            "roe_4q": 19.86,
            "gross_profit": 16824,
            "gross_margin": 15.09,
            "gross_margin_4q_avg": 15.09,
            "net_income": 146728,
            "net_income_4q": null,
            "revenue": 111518,
            "revenue_4q": null,
            "common_shares": 1104857,
            "book_valuer_per_share": 7.35,
            "book_valuer_per_share_4q_avg": 7.35,
            "equity": 812042,
            "current_ratio": 116.18,
            "debt_ratio": 75.66,
            "inventory_turnover_ratio": 0.04,
            "account_receivable_turnover_ratio": null,
            "reinvestment_rate": null,
            "research_to_sale_ratio": null,
            "price_fair": 0,
            "eps_avg_yearly": 0,
            "eps_latest_yearly": 0,
            "eps_growth_yearly": 0
        },
        "20012": {
            "year_quarter": 20012,
            "year": 2001,
            "quarter": 2,
            "eps": -0.39,
            "eps_growth_year": null,
            "eps_4q": -5.16,
            "eps_4q_growth_year": null,
            "roe": -5.48,
            "roe_4q": 14.379999999999999,
            "gross_profit": 57630,
            "gross_margin": 15.13,
            "gross_margin_4q_avg": 15.11,
            "net_income": -43343,
            "net_income_4q": null,
            "revenue": 380806,
            "revenue_4q": null,
            "common_shares": 1104857,
            "book_valuer_per_share": 6.96,
            "book_valuer_per_share_4q_avg": 7.16,
            "equity": 768699,
            "current_ratio": 118.88,
            "debt_ratio": 74.13,
            "inventory_turnover_ratio": 0.16,
            "account_receivable_turnover_ratio": null,
            "reinvestment_rate": null,
            "research_to_sale_ratio": null,
            "price_fair": 0,
            "eps_avg_yearly": 0,
            "eps_latest_yearly": 0,
            "eps_growth_yearly": 0
        },
        "20013": {
            "year_quarter": 20013,
            "year": 2001,
            "quarter": 3,
            "eps": -1.95,
            "eps_growth_year": null,
            "eps_4q": -5.86,
            "eps_4q_growth_year": null,
            "roe": -32.61,
            "roe_4q": -18.230000000000004,
            "gross_profit": 12335,
            "gross_margin": 12.56,
            "gross_margin_4q_avg": 14.26,
            "net_income": -215545,
            "net_income_4q": null,
            "revenue": 98188,
            "revenue_4q": null,
            "common_shares": 1104857,
            "book_valuer_per_share": 5.01,
            "book_valuer_per_share_4q_avg": 6.44,
            "equity": 553154,
            "current_ratio": 108.68,
            "debt_ratio": 78.62,
            "inventory_turnover_ratio": 0.05,
            "account_receivable_turnover_ratio": null,
            "reinvestment_rate": null,
            "research_to_sale_ratio": null,
            "price_fair": 0,
            "eps_avg_yearly": 0,
            "eps_latest_yearly": 0,
            "eps_growth_yearly": 0
        },
        "20014": {
            "year_quarter": 20014,
            "year": 2001,
            "quarter": 4,
            "eps": -1.34,
            "eps_growth_year": null,
            "eps_4q": -2.36,
            "eps_4q_growth_year": null,
            "roe": -31.03,
            "roe_4q": -49.260000000000005,
            "gross_profit": 6406,
            "gross_margin": 8.83,
            "gross_margin_4q_avg": 12.9,
            "net_income": -148578,
            "net_income_4q": null,
            "revenue": 72566,
            "revenue_4q": null,
            "common_shares": 1104857,
            "book_valuer_per_share": 3.66,
            "book_valuer_per_share_4q_avg": 5.75,
            "equity": 404576,
            "current_ratio": 103.83,
            "debt_ratio": 82.84,
            "inventory_turnover_ratio": 0.04,
            "account_receivable_turnover_ratio": null,
            "reinvestment_rate": null,
            "research_to_sale_ratio": null,
            "price_fair": 0,
            "eps_avg_yearly": 0,
            "eps_latest_yearly": 0,
            "eps_growth_yearly": 0
        },
        "20021": {
            "year_quarter": 20021,
            "year": 2002,
            "quarter": 1,
            "eps": -0.31,
            "eps_growth_year": -123.31,
            "eps_4q": -3.98,
            "eps_4q_growth_year": null,
            "roe": -8.88,
            "roe_4q": -78.00000000000001,
            "gross_profit": -1718,
            "gross_margin": -5.26,
            "gross_margin_4q_avg": 7.82,
            "net_income": -34413,
            "net_income_4q": null,
            "revenue": 32632,
            "revenue_4q": null,
            "common_shares": 1104857,
            "book_valuer_per_share": 3.35,
            "book_valuer_per_share_4q_avg": 4.75,
            "equity": 370163,
            "current_ratio": 101.72,
            "debt_ratio": 83.79,
            "inventory_turnover_ratio": 0.02,
            "account_receivable_turnover_ratio": null,
            "reinvestment_rate": null,
            "research_to_sale_ratio": null,
            "price_fair": 0,
            "eps_avg_yearly": 0,
            "eps_latest_yearly": 0,
            "eps_growth_yearly": 0
        },
        "20022": {
            "year_quarter": 20022,
            "year": 2002,
            "quarter": 2,
            "eps": -0.5,
            "eps_growth_year": null,
            "eps_4q": -4.11,
            "eps_4q_growth_year": null,
            "roe": -16.27,
            "roe_4q": -88.78999999999999,
            "gross_profit": -7033,
            "gross_margin": -23.1,
            "gross_margin_4q_avg": -1.74,
            "net_income": -55706,
            "net_income_4q": null,
            "revenue": 30447,
            "revenue_4q": null,
            "common_shares": 1104857,
            "book_valuer_per_share": 2.85,
            "book_valuer_per_share_4q_avg": 3.72,
            "equity": 314457,
            "current_ratio": 98.91,
            "debt_ratio": 85.7,
            "inventory_turnover_ratio": 0.02,
            "account_receivable_turnover_ratio": null,
            "reinvestment_rate": null,
            "research_to_sale_ratio": null,
            "price_fair": 0,
            "eps_avg_yearly": 0,
            "eps_latest_yearly": 0,
            "eps_growth_yearly": 0
        },
        "20023": {
            "year_quarter": 20023,
            "year": 2002,
            "quarter": 3,
            "eps": -0.51,
            "eps_growth_year": null,
            "eps_4q": -2.67,
            "eps_4q_growth_year": null,
            "roe": -19.49,
            "roe_4q": -75.67,
            "gross_profit": -638,
            "gross_margin": -2.55,
            "gross_margin_4q_avg": -5.52,
            "net_income": -55848,
            "net_income_4q": null,
            "revenue": 24978,
            "revenue_4q": null,
            "common_shares": 1104857,
            "book_valuer_per_share": 2.34,
            "book_valuer_per_share_4q_avg": 3.05,
            "equity": 258609,
            "current_ratio": 98.17,
            "debt_ratio": 87.81,
            "inventory_turnover_ratio": 0.02,
            "account_receivable_turnover_ratio": null,
            "reinvestment_rate": null,
            "research_to_sale_ratio": null,
            "price_fair": 0,
            "eps_avg_yearly": 0,
            "eps_latest_yearly": 0,
            "eps_growth_yearly": 0
        },
        "20024": {
            "year_quarter": 20024,
            "year": 2002,
            "quarter": 4,
            "eps": -5.61,
            "eps_growth_year": null,
            "eps_4q": -10.9,
            "eps_4q_growth_year": null,
            "roe": -85.51,
            "roe_4q": -130.15,
            "gross_profit": -5578,
            "gross_margin": -17.58,
            "gross_margin_4q_avg": -12.12,
            "net_income": -154906,
            "net_income_4q": null,
            "revenue": 31721,
            "revenue_4q": null,
            "common_shares": 276000,
            "book_valuer_per_share": 3.76,
            "book_valuer_per_share_4q_avg": 3.08,
            "equity": 103703,
            "current_ratio": 43.12,
            "debt_ratio": 94.52,
            "inventory_turnover_ratio": 0.03,
            "account_receivable_turnover_ratio": null,
            "reinvestment_rate": null,
            "research_to_sale_ratio": null,
            "price_fair": 0,
            "eps_avg_yearly": 0,
            "eps_latest_yearly": 0,
            "eps_growth_yearly": 0
        },
        "20031": {
            "year_quarter": 20031,
            "year": 2003,
            "quarter": 1,
            "eps": -1.29,
            "eps_growth_year": null,
            "eps_4q": -10.97,
            "eps_4q_growth_year": null,
            "roe": -41.31,
            "roe_4q": -162.58,
            "gross_profit": 240,
            "gross_margin": 31.37,
            "gross_margin_4q_avg": -2.97,
            "net_income": -35509,
            "net_income_4q": null,
            "revenue": 765,
            "revenue_4q": null,
            "common_shares": 276000,
            "book_valuer_per_share": 2.47,
            "book_valuer_per_share_4q_avg": 2.86,
            "equity": 68194,
            "current_ratio": 40.17,
            "debt_ratio": 96.3,
            "inventory_turnover_ratio": 0,
            "account_receivable_turnover_ratio": null,
            "reinvestment_rate": null,
            "research_to_sale_ratio": null,
            "price_fair": 0,
            "eps_avg_yearly": 0,
            "eps_latest_yearly": 0,
            "eps_growth_yearly": 0
        },
        "20032": {
            "year_quarter": 20032,
            "year": 2003,
            "quarter": 2,
            "eps": -1.14,
            "eps_growth_year": null,
            "eps_4q": -10.06,
            "eps_4q_growth_year": null,
            "roe": -59.66,
            "roe_4q": -205.97000000000003,
            "gross_profit": -563,
            "gross_margin": -19.15,
            "gross_margin_4q_avg": -1.98,
            "net_income": -31337,
            "net_income_4q": null,
            "revenue": 2940,
            "revenue_4q": null,
            "common_shares": 276000,
            "book_valuer_per_share": 1.34,
            "book_valuer_per_share_4q_avg": 2.48,
            "equity": 36857,
            "current_ratio": 38.14,
            "debt_ratio": 97.96,
            "inventory_turnover_ratio": 0.01,
            "account_receivable_turnover_ratio": null,
            "reinvestment_rate": null,
            "research_to_sale_ratio": null,
            "price_fair": 0,
            "eps_avg_yearly": 0,
            "eps_latest_yearly": 0,
            "eps_growth_yearly": 0
        },
        "20033": {
            "year_quarter": 20033,
            "year": 2003,
            "quarter": 3,
            "eps": -1.92,
            "eps_growth_year": null,
            "eps_4q": -8.72,
            "eps_4q_growth_year": null,
            "roe": -69.3,
            "roe_4q": -255.77999999999997,
            "gross_profit": -861,
            "gross_margin": -15.93,
            "gross_margin_4q_avg": -5.32,
            "net_income": -18969,
            "net_income_4q": null,
            "revenue": 5405,
            "revenue_4q": null,
            "common_shares": 276000,
            "book_valuer_per_share": 0.65,
            "book_valuer_per_share_4q_avg": 2.06,
            "equity": 17888,
            "current_ratio": 37.23,
            "debt_ratio": 99,
            "inventory_turnover_ratio": 0.01,
            "account_receivable_turnover_ratio": null,
            "reinvestment_rate": null,
            "research_to_sale_ratio": null,
            "price_fair": 0,
            "eps_avg_yearly": 0,
            "eps_latest_yearly": 0,
            "eps_growth_yearly": 0
        },
        "20034": {
            "year_quarter": 20034,
            "year": 2003,
            "quarter": 4,
            "eps": 0.7,
            "eps_growth_year": null,
            "eps_4q": -7.99,
            "eps_4q_growth_year": null,
            "roe": 14.91,
            "roe_4q": -155.36,
            "gross_profit": -2437,
            "gross_margin": -123.52,
            "gross_margin_4q_avg": -31.81,
            "net_income": 6911,
            "net_income_4q": null,
            "revenue": 1973,
            "revenue_4q": null,
            "common_shares": 198550,
            "book_valuer_per_share": 3.77,
            "book_valuer_per_share_4q_avg": 2.06,
            "equity": 74799,
            "current_ratio": 40.45,
            "debt_ratio": 95.93,
            "inventory_turnover_ratio": 0.01,
            "account_receivable_turnover_ratio": null,
            "reinvestment_rate": null,
            "research_to_sale_ratio": null,
            "price_fair": 0,
            "eps_avg_yearly": 0,
            "eps_latest_yearly": 0,
            "eps_growth_yearly": 0
        },
        "20041": {
            "year_quarter": 20041,
            "year": 2004,
            "quarter": 1,
            "eps": 9.02,
            "eps_growth_year": null,
            "eps_4q": 7.57,
            "eps_4q_growth_year": null,
            "roe": 94.64,
            "roe_4q": -19.409999999999997,
            "gross_profit": -20072,
            "gross_margin": -150.28,
            "gross_margin_4q_avg": -77.22,
            "net_income": 269761,
            "net_income_4q": null,
            "revenue": 13356,
            "revenue_4q": null,
            "common_shares": 500000,
            "book_valuer_per_share": 9.91,
            "book_valuer_per_share_4q_avg": 3.92,
            "equity": 495285,
            "current_ratio": 53.22,
            "debt_ratio": 72.38,
            "inventory_turnover_ratio": 0.05,
            "account_receivable_turnover_ratio": null,
            "reinvestment_rate": null,
            "research_to_sale_ratio": null,
            "price_fair": 1262.8,
            "eps_avg_yearly": 36.08,
            "eps_latest_yearly": 36.08,
            "eps_growth_yearly": 4754.29
        },
        "20042": {
            "year_quarter": 20042,
            "year": 2004,
            "quarter": 2,
            "eps": -0.26,
            "eps_growth_year": null,
            "eps_4q": 4.95,
            "eps_4q_growth_year": null,
            "roe": -2.09,
            "roe_4q": 38.16,
            "gross_profit": -15982,
            "gross_margin": -22.65,
            "gross_margin_4q_avg": -78.1,
            "net_income": -10257,
            "net_income_4q": null,
            "revenue": 70549,
            "revenue_4q": null,
            "common_shares": 500000,
            "book_valuer_per_share": 9.7,
            "book_valuer_per_share_4q_avg": 6.01,
            "equity": 485028,
            "current_ratio": 49.12,
            "debt_ratio": 71.47,
            "inventory_turnover_ratio": 0.15,
            "account_receivable_turnover_ratio": null,
            "reinvestment_rate": null,
            "research_to_sale_ratio": null,
            "price_fair": 1262.8,
            "eps_avg_yearly": 36.08,
            "eps_latest_yearly": 36.08,
            "eps_growth_yearly": 4754.29
        },
        "20043": {
            "year_quarter": 20043,
            "year": 2004,
            "quarter": 3,
            "eps": -0.29,
            "eps_growth_year": null,
            "eps_4q": 5.07,
            "eps_4q_growth_year": null,
            "roe": -2.65,
            "roe_4q": 104.81,
            "gross_profit": -19429,
            "gross_margin": -25.24,
            "gross_margin_4q_avg": -80.42,
            "net_income": -12690,
            "net_income_4q": null,
            "revenue": 76992,
            "revenue_4q": null,
            "common_shares": 500000,
            "book_valuer_per_share": 9.45,
            "book_valuer_per_share_4q_avg": 8.21,
            "equity": 472338,
            "current_ratio": 49.06,
            "debt_ratio": 70.81,
            "inventory_turnover_ratio": 0.18,
            "account_receivable_turnover_ratio": null,
            "reinvestment_rate": null,
            "research_to_sale_ratio": null,
            "price_fair": 1262.8,
            "eps_avg_yearly": 36.08,
            "eps_latest_yearly": 36.08,
            "eps_growth_yearly": 4754.29
        },
        "20044": {
            "year_quarter": 20044,
            "year": 2004,
            "quarter": 4,
            "eps": -1.66,
            "eps_growth_year": -337.14,
            "eps_4q": 3.83,
            "eps_4q_growth_year": null,
            "roe": -17.2,
            "roe_4q": 72.7,
            "gross_profit": 1084,
            "gross_margin": 132.2,
            "gross_margin_4q_avg": -16.49,
            "net_income": -74804,
            "net_income_4q": null,
            "revenue": 820,
            "revenue_4q": null,
            "common_shares": 500000,
            "book_valuer_per_share": 7.95,
            "book_valuer_per_share_4q_avg": 9.25,
            "equity": 397534,
            "current_ratio": 118.71,
            "debt_ratio": 74.44,
            "inventory_turnover_ratio": -0,
            "account_receivable_turnover_ratio": null,
            "reinvestment_rate": null,
            "research_to_sale_ratio": null,
            "price_fair": 1262.8,
            "eps_avg_yearly": 36.08,
            "eps_latest_yearly": 36.08,
            "eps_growth_yearly": 4754.29
        },
        "20051": {
            "year_quarter": 20051,
            "year": 2005,
            "quarter": 1,
            "eps": -5.4,
            "eps_growth_year": -159.87,
            "eps_4q": -7.36,
            "eps_4q_growth_year": -197.19,
            "roe": -102.76,
            "roe_4q": -124.70000000000002,
            "gross_profit": -124959,
            "gross_margin": -28.21,
            "gross_margin_4q_avg": 14.03,
            "net_income": -269849,
            "net_income_4q": null,
            "revenue": 442998,
            "revenue_4q": null,
            "common_shares": 500000,
            "book_valuer_per_share": 2.55,
            "book_valuer_per_share_4q_avg": 7.41,
            "equity": 127685,
            "current_ratio": 106.68,
            "debt_ratio": 87.29,
            "inventory_turnover_ratio": 1.95,
            "account_receivable_turnover_ratio": null,
            "reinvestment_rate": null,
            "research_to_sale_ratio": null,
            "price_fair": 1262.8,
            "eps_avg_yearly": 36.08,
            "eps_latest_yearly": 36.08,
            "eps_growth_yearly": 4754.29
        },
        "20052": {
            "year_quarter": 20052,
            "year": 2005,
            "quarter": 2,
            "eps": 0.43,
            "eps_growth_year": null,
            "eps_4q": -6.67,
            "eps_4q_growth_year": -234.86,
            "roe": 15.62,
            "roe_4q": -106.99000000000001,
            "gross_profit": -254011,
            "gross_margin": -36.68,
            "gross_margin_4q_avg": 10.52,
            "net_income": 21630,
            "net_income_4q": null,
            "revenue": 692466,
            "revenue_4q": null,
            "common_shares": 500000,
            "book_valuer_per_share": 2.99,
            "book_valuer_per_share_4q_avg": 5.74,
            "equity": 149315,
            "current_ratio": 287.99,
            "debt_ratio": 52.69,
            "inventory_turnover_ratio": 14.4,
            "account_receivable_turnover_ratio": null,
            "reinvestment_rate": null,
            "research_to_sale_ratio": null,
            "price_fair": 1262.8,
            "eps_avg_yearly": 36.08,
            "eps_latest_yearly": 36.08,
            "eps_growth_yearly": 4754.29
        },
        "20053": {
            "year_quarter": 20053,
            "year": 2005,
            "quarter": 3,
            "eps": -0.08,
            "eps_growth_year": null,
            "eps_4q": -6.54,
            "eps_4q_growth_year": -228.98,
            "roe": -2.87,
            "roe_4q": -107.21000000000001,
            "gross_profit": 849,
            "gross_margin": 80.78,
            "gross_margin_4q_avg": 37.02,
            "net_income": -4227,
            "net_income_4q": null,
            "revenue": 1051,
            "revenue_4q": null,
            "common_shares": 500000,
            "book_valuer_per_share": 2.9,
            "book_valuer_per_share_4q_avg": 4.1,
            "equity": 145088,
            "current_ratio": 261.38,
            "debt_ratio": 53.41,
            "inventory_turnover_ratio": 0,
            "account_receivable_turnover_ratio": null,
            "reinvestment_rate": null,
            "research_to_sale_ratio": null,
            "price_fair": 1262.8,
            "eps_avg_yearly": 36.08,
            "eps_latest_yearly": 36.08,
            "eps_growth_yearly": 4754.29
        },
        "20054": {
            "year_quarter": 20054,
            "year": 2005,
            "quarter": 4,
            "eps": 0.01,
            "eps_growth_year": null,
            "eps_4q": -5.03,
            "eps_4q_growth_year": -231.33,
            "roe": 0.44,
            "roe_4q": -89.57000000000001,
            "gross_profit": 1610,
            "gross_margin": 88.85,
            "gross_margin_4q_avg": 26.19,
            "net_income": 635,
            "net_income_4q": null,
            "revenue": 1812,
            "revenue_4q": null,
            "common_shares": 500000,
            "book_valuer_per_share": 2.91,
            "book_valuer_per_share_4q_avg": 2.84,
            "equity": 145250,
            "current_ratio": 187.3,
            "debt_ratio": 50.81,
            "inventory_turnover_ratio": 0,
            "account_receivable_turnover_ratio": null,
            "reinvestment_rate": null,
            "research_to_sale_ratio": null,
            "price_fair": 1262.8,
            "eps_avg_yearly": 36.08,
            "eps_latest_yearly": 36.08,
            "eps_growth_yearly": 4754.29
        },
        "20061": {
            "year_quarter": 20061,
            "year": 2006,
            "quarter": 1,
            "eps": -0.11,
            "eps_growth_year": null,
            "eps_4q": 0.25,
            "eps_4q_growth_year": null,
            "roe": -3.1,
            "roe_4q": 10.09,
            "gross_profit": 1031,
            "gross_margin": 81.5,
            "gross_margin_4q_avg": 53.61,
            "net_income": -5540,
            "net_income_4q": null,
            "revenue": 1265,
            "revenue_4q": null,
            "common_shares": 800000,
            "book_valuer_per_share": 2.66,
            "book_valuer_per_share_4q_avg": 2.87,
            "equity": 212484,
            "current_ratio": 540.14,
            "debt_ratio": 43.02,
            "inventory_turnover_ratio": 0,
            "account_receivable_turnover_ratio": null,
            "reinvestment_rate": null,
            "research_to_sale_ratio": null,
            "price_fair": 1262.8,
            "eps_avg_yearly": 36.08,
            "eps_latest_yearly": 36.08,
            "eps_growth_yearly": 4754.29
        },
        "20062": {
            "year_quarter": 20062,
            "year": 2006,
            "quarter": 2,
            "eps": 0.25,
            "eps_growth_year": -41.86,
            "eps_4q": 0.11,
            "eps_4q_growth_year": null,
            "roe": 7.37,
            "roe_4q": 1.8399999999999999,
            "gross_profit": 1360,
            "gross_margin": 71.62,
            "gross_margin_4q_avg": 80.69,
            "net_income": 16251,
            "net_income_4q": null,
            "revenue": 1899,
            "revenue_4q": null,
            "common_shares": 800000,
            "book_valuer_per_share": 2.86,
            "book_valuer_per_share_4q_avg": 2.83,
            "equity": 228734,
            "current_ratio": 162.17,
            "debt_ratio": 61.07,
            "inventory_turnover_ratio": 0,
            "account_receivable_turnover_ratio": null,
            "reinvestment_rate": null,
            "research_to_sale_ratio": null,
            "price_fair": 1262.8,
            "eps_avg_yearly": 36.08,
            "eps_latest_yearly": 36.08,
            "eps_growth_yearly": 4754.29
        },
        "20063": {
            "year_quarter": 20063,
            "year": 2006,
            "quarter": 3,
            "eps": -0.46,
            "eps_growth_year": null,
            "eps_4q": -0.26,
            "eps_4q_growth_year": null,
            "roe": -15.27,
            "roe_4q": -10.56,
            "gross_profit": 2032,
            "gross_margin": 102.94,
            "gross_margin_4q_avg": 86.23,
            "net_income": -32444,
            "net_income_4q": null,
            "revenue": 1974,
            "revenue_4q": null,
            "common_shares": 800000,
            "book_valuer_per_share": 2.45,
            "book_valuer_per_share_4q_avg": 2.72,
            "equity": 196290,
            "current_ratio": 117.51,
            "debt_ratio": 76.34,
            "inventory_turnover_ratio": -0,
            "account_receivable_turnover_ratio": null,
            "reinvestment_rate": null,
            "research_to_sale_ratio": null,
            "price_fair": 1262.8,
            "eps_avg_yearly": 36.08,
            "eps_latest_yearly": 36.08,
            "eps_growth_yearly": 4754.29
        },
        "20064": {
            "year_quarter": 20064,
            "year": 2006,
            "quarter": 4,
            "eps": -0.15,
            "eps_growth_year": -1600,
            "eps_4q": -0.45,
            "eps_4q_growth_year": null,
            "roe": -5.63,
            "roe_4q": -16.63,
            "gross_profit": 1649,
            "gross_margin": 87.39,
            "gross_margin_4q_avg": 85.86,
            "net_income": -10731,
            "net_income_4q": null,
            "revenue": 1887,
            "revenue_4q": null,
            "common_shares": 800000,
            "book_valuer_per_share": 2.32,
            "book_valuer_per_share_4q_avg": 2.57,
            "equity": 185086,
            "current_ratio": 111.1,
            "debt_ratio": 77.5,
            "inventory_turnover_ratio": 0,
            "account_receivable_turnover_ratio": null,
            "reinvestment_rate": null,
            "research_to_sale_ratio": null,
            "price_fair": 1262.8,
            "eps_avg_yearly": 36.08,
            "eps_latest_yearly": 36.08,
            "eps_growth_yearly": 4754.29
        },
        "20071": {
            "year_quarter": 20071,
            "year": 2007,
            "quarter": 1,
            "eps": -0.05,
            "eps_growth_year": null,
            "eps_4q": -0.38,
            "eps_4q_growth_year": -253.57,
            "roe": -2.22,
            "roe_4q": -15.749999999999996,
            "gross_profit": 3194,
            "gross_margin": 92.47,
            "gross_margin_4q_avg": 88.61,
            "net_income": -4066,
            "net_income_4q": null,
            "revenue": 3454,
            "revenue_4q": null,
            "common_shares": 800000,
            "book_valuer_per_share": 2.27,
            "book_valuer_per_share_4q_avg": 2.48,
            "equity": 181493,
            "current_ratio": 118.5,
            "debt_ratio": 77.17,
            "inventory_turnover_ratio": 0,
            "account_receivable_turnover_ratio": null,
            "reinvestment_rate": null,
            "research_to_sale_ratio": null,
            "price_fair": 1262.8,
            "eps_avg_yearly": 36.08,
            "eps_latest_yearly": 36.08,
            "eps_growth_yearly": 4754.29
        },
        "20072": {
            "year_quarter": 20072,
            "year": 2007,
            "quarter": 2,
            "eps": -0.01,
            "eps_growth_year": -104,
            "eps_4q": -0.6,
            "eps_4q_growth_year": -646.02,
            "roe": -0.33,
            "roe_4q": -23.45,
            "gross_profit": 117,
            "gross_margin": 17.52,
            "gross_margin_4q_avg": 75.08,
            "net_income": -597,
            "net_income_4q": null,
            "revenue": 668,
            "revenue_4q": null,
            "common_shares": 800000,
            "book_valuer_per_share": 2.26,
            "book_valuer_per_share_4q_avg": 2.33,
            "equity": 180896,
            "current_ratio": 116.62,
            "debt_ratio": 77.85,
            "inventory_turnover_ratio": 0,
            "account_receivable_turnover_ratio": null,
            "reinvestment_rate": null,
            "research_to_sale_ratio": null,
            "price_fair": 1262.8,
            "eps_avg_yearly": 36.08,
            "eps_latest_yearly": 36.08,
            "eps_growth_yearly": 4754.29
        },
        "20073": {
            "year_quarter": 20073,
            "year": 2007,
            "quarter": 3,
            "eps": -0.12,
            "eps_growth_year": null,
            "eps_4q": -0.31,
            "eps_4q_growth_year": null,
            "roe": -5.45,
            "roe_4q": -13.629999999999999,
            "gross_profit": 806,
            "gross_margin": 103.47,
            "gross_margin_4q_avg": 75.21,
            "net_income": -9604,
            "net_income_4q": null,
            "revenue": 779,
            "revenue_4q": null,
            "common_shares": 800000,
            "book_valuer_per_share": 2.14,
            "book_valuer_per_share_4q_avg": 2.25,
            "equity": 171292,
            "current_ratio": 118.34,
            "debt_ratio": 81.73,
            "inventory_turnover_ratio": -0,
            "account_receivable_turnover_ratio": null,
            "reinvestment_rate": null,
            "research_to_sale_ratio": null,
            "price_fair": 1262.8,
            "eps_avg_yearly": 36.08,
            "eps_latest_yearly": 36.08,
            "eps_growth_yearly": 4754.29
        },
        "20074": {
            "year_quarter": 20074,
            "year": 2007,
            "quarter": 4,
            "eps": -1.65,
            "eps_growth_year": null,
            "eps_4q": -2.3,
            "eps_4q_growth_year": null,
            "roe": -10.48,
            "roe_4q": -18.479999999999997,
            "gross_profit": 2031,
            "gross_margin": 17.76,
            "gross_margin_4q_avg": 57.81,
            "net_income": -36351,
            "net_income_4q": null,
            "revenue": 11438,
            "revenue_4q": null,
            "common_shares": 800000,
            "book_valuer_per_share": 6.53,
            "book_valuer_per_share_4q_avg": 3.3,
            "equity": 522181,
            "current_ratio": 164.98,
            "debt_ratio": 57.53,
            "inventory_turnover_ratio": 0.01,
            "account_receivable_turnover_ratio": null,
            "reinvestment_rate": null,
            "research_to_sale_ratio": null,
            "price_fair": 1262.8,
            "eps_avg_yearly": 36.08,
            "eps_latest_yearly": 36.08,
            "eps_growth_yearly": 4754.29
        },
        "20081": {
            "year_quarter": 20081,
            "year": 2008,
            "quarter": 1,
            "eps": -0.24,
            "eps_growth_year": null,
            "eps_4q": -1.13,
            "eps_4q_growth_year": null,
            "roe": -2.45,
            "roe_4q": -18.709999999999997,
            "gross_profit": 5762,
            "gross_margin": 17.36,
            "gross_margin_4q_avg": 39.03,
            "net_income": -12621,
            "net_income_4q": null,
            "revenue": 33183,
            "revenue_4q": null,
            "common_shares": 520000,
            "book_valuer_per_share": 9.8,
            "book_valuer_per_share_4q_avg": 5.18,
            "equity": 509561,
            "current_ratio": 181.11,
            "debt_ratio": 51.17,
            "inventory_turnover_ratio": 0.04,
            "account_receivable_turnover_ratio": null,
            "reinvestment_rate": null,
            "research_to_sale_ratio": null,
            "price_fair": 0,
            "eps_avg_yearly": 0,
            "eps_latest_yearly": 0,
            "eps_growth_yearly": 0
        },
        "20082": {
            "year_quarter": 20082,
            "year": 2008,
            "quarter": 2,
            "eps": 0.11,
            "eps_growth_year": null,
            "eps_4q": -0.35,
            "eps_4q_growth_year": null,
            "roe": 1.43,
            "roe_4q": -16.95,
            "gross_profit": 18360,
            "gross_margin": 32.18,
            "gross_margin_4q_avg": 42.69,
            "net_income": 13941,
            "net_income_4q": null,
            "revenue": 57047,
            "revenue_4q": null,
            "common_shares": 1280000,
            "book_valuer_per_share": 11.21,
            "book_valuer_per_share_4q_avg": 7.42,
            "equity": 1435501,
            "current_ratio": 719.33,
            "debt_ratio": 12.98,
            "inventory_turnover_ratio": 0.03,
            "account_receivable_turnover_ratio": null,
            "reinvestment_rate": null,
            "research_to_sale_ratio": null,
            "price_fair": 0,
            "eps_avg_yearly": 0,
            "eps_latest_yearly": 0,
            "eps_growth_yearly": 0
        },
        "20083": {
            "year_quarter": 20083,
            "year": 2008,
            "quarter": 3,
            "eps": -0.03,
            "eps_growth_year": null,
            "eps_4q": -0.31,
            "eps_4q_growth_year": null,
            "roe": -0.31,
            "roe_4q": -11.81,
            "gross_profit": 5578,
            "gross_margin": 14.17,
            "gross_margin_4q_avg": 20.37,
            "net_income": -4414,
            "net_income_4q": null,
            "revenue": 39378,
            "revenue_4q": null,
            "common_shares": 1280000,
            "book_valuer_per_share": 11.18,
            "book_valuer_per_share_4q_avg": 9.68,
            "equity": 1431087,
            "current_ratio": 638.9,
            "debt_ratio": 16.45,
            "inventory_turnover_ratio": 0.02,
            "account_receivable_turnover_ratio": null,
            "reinvestment_rate": null,
            "research_to_sale_ratio": null,
            "price_fair": 0,
            "eps_avg_yearly": 0,
            "eps_latest_yearly": 0,
            "eps_growth_yearly": 0
        },
        "20084": {
            "year_quarter": 20084,
            "year": 2008,
            "quarter": 4,
            "eps": 0.28,
            "eps_growth_year": null,
            "eps_4q": 0.25,
            "eps_4q_growth_year": null,
            "roe": 2.03,
            "roe_4q": 0.6999999999999993,
            "gross_profit": 32276,
            "gross_margin": 13.42,
            "gross_margin_4q_avg": 19.28,
            "net_income": 29351,
            "net_income_4q": null,
            "revenue": 240587,
            "revenue_4q": null,
            "common_shares": 1280000,
            "book_valuer_per_share": 11.41,
            "book_valuer_per_share_4q_avg": 10.9,
            "equity": 1460438,
            "current_ratio": 410.05,
            "debt_ratio": 23.79,
            "inventory_turnover_ratio": 0.14,
            "account_receivable_turnover_ratio": 18.57,
            "reinvestment_rate": null,
            "research_to_sale_ratio": null,
            "price_fair": 0,
            "eps_avg_yearly": 0,
            "eps_latest_yearly": 0,
            "eps_growth_yearly": 0
        },
        "20091": {
            "year_quarter": 20091,
            "year": 2009,
            "quarter": 1,
            "eps": 0.21,
            "eps_growth_year": null,
            "eps_4q": 0.52,
            "eps_4q_growth_year": null,
            "roe": 1.81,
            "roe_4q": 4.96,
            "gross_profit": 33139,
            "gross_margin": 17.46,
            "gross_margin_4q_avg": 19.31,
            "net_income": 26666,
            "net_income_4q": null,
            "revenue": 189760,
            "revenue_4q": null,
            "common_shares": 1280000,
            "book_valuer_per_share": 11.62,
            "book_valuer_per_share_4q_avg": 11.36,
            "equity": 1487104,
            "current_ratio": 1166.39,
            "debt_ratio": 9.46,
            "inventory_turnover_ratio": 0.12,
            "account_receivable_turnover_ratio": 9.75,
            "reinvestment_rate": null,
            "research_to_sale_ratio": null,
            "price_fair": 2.52,
            "eps_avg_yearly": 0.84,
            "eps_latest_yearly": 0.84,
            "eps_growth_yearly": -100
        },
        "20092": {
            "year_quarter": 20092,
            "year": 2009,
            "quarter": 2,
            "eps": 0.01,
            "eps_growth_year": -90.91,
            "eps_4q": 0.42,
            "eps_4q_growth_year": null,
            "roe": 0.12,
            "roe_4q": 3.65,
            "gross_profit": 17079,
            "gross_margin": 17.32,
            "gross_margin_4q_avg": 15.59,
            "net_income": 1848,
            "net_income_4q": null,
            "revenue": 98626,
            "revenue_4q": null,
            "common_shares": 1280000,
            "book_valuer_per_share": 11.63,
            "book_valuer_per_share_4q_avg": 11.46,
            "equity": 1488952,
            "current_ratio": 1845.57,
            "debt_ratio": 6.94,
            "inventory_turnover_ratio": 0.07,
            "account_receivable_turnover_ratio": 7.31,
            "reinvestment_rate": null,
            "research_to_sale_ratio": null,
            "price_fair": 1.32,
            "eps_avg_yearly": 0.44,
            "eps_latest_yearly": 0.04,
            "eps_growth_yearly": -240.48
        },
        "20093": {
            "year_quarter": 20093,
            "year": 2009,
            "quarter": 3,
            "eps": 0.03,
            "eps_growth_year": null,
            "eps_4q": 0.5,
            "eps_4q_growth_year": null,
            "roe": 0.25,
            "roe_4q": 4.21,
            "gross_profit": 15205,
            "gross_margin": 10.29,
            "gross_margin_4q_avg": 14.62,
            "net_income": 3667,
            "net_income_4q": null,
            "revenue": 147735,
            "revenue_4q": null,
            "common_shares": 1280000,
            "book_valuer_per_share": 11.66,
            "book_valuer_per_share_4q_avg": 11.58,
            "equity": 1492619,
            "current_ratio": 702.38,
            "debt_ratio": 14.32,
            "inventory_turnover_ratio": 0.1,
            "account_receivable_turnover_ratio": 8.16,
            "reinvestment_rate": null,
            "research_to_sale_ratio": null,
            "price_fair": 11.67,
            "eps_avg_yearly": 0.33,
            "eps_latest_yearly": 0.12,
            "eps_growth_yearly": 106.35
        },
        "20094": {
            "year_quarter": 20094,
            "year": 2009,
            "quarter": 4,
            "eps": 0.17,
            "eps_growth_year": -39.29,
            "eps_4q": 0.42,
            "eps_4q_growth_year": 67.82,
            "roe": 1.44,
            "roe_4q": 3.62,
            "gross_profit": 44176,
            "gross_margin": 18.55,
            "gross_margin_4q_avg": 15.91,
            "net_income": 21624,
            "net_income_4q": null,
            "revenue": 238174,
            "revenue_4q": null,
            "common_shares": 1280000,
            "book_valuer_per_share": 11.83,
            "book_valuer_per_share_4q_avg": 11.69,
            "equity": 1514243,
            "current_ratio": 921.23,
            "debt_ratio": 11.49,
            "inventory_turnover_ratio": 0.14,
            "account_receivable_turnover_ratio": 18.12,
            "reinvestment_rate": null,
            "research_to_sale_ratio": null,
            "price_fair": 14.7,
            "eps_avg_yearly": 0.42,
            "eps_latest_yearly": 0.68,
            "eps_growth_yearly": 546.43
        },
        "20101": {
            "year_quarter": 20101,
            "year": 2010,
            "quarter": 1,
            "eps": 0.01,
            "eps_growth_year": -95.24,
            "eps_4q": 0.22,
            "eps_4q_growth_year": -57.18,
            "roe": 0.08,
            "roe_4q": 1.8900000000000001,
            "gross_profit": 14731,
            "gross_margin": 10.5,
            "gross_margin_4q_avg": 14.17,
            "net_income": 1155,
            "net_income_4q": null,
            "revenue": 140335,
            "revenue_4q": null,
            "common_shares": 1280000,
            "book_valuer_per_share": 11.84,
            "book_valuer_per_share_4q_avg": 11.74,
            "equity": 1515398,
            "current_ratio": 507.9,
            "debt_ratio": 19.75,
            "inventory_turnover_ratio": 0.08,
            "account_receivable_turnover_ratio": 5.73,
            "reinvestment_rate": 388.73,
            "research_to_sale_ratio": null,
            "price_fair": 12.04,
            "eps_avg_yearly": 0.34,
            "eps_latest_yearly": 0.04,
            "eps_growth_yearly": 361.85
        },
        "20102": {
            "year_quarter": 20102,
            "year": 2010,
            "quarter": 2,
            "eps": 0.02,
            "eps_growth_year": 51.91,
            "eps_4q": 0.22,
            "eps_4q_growth_year": -48.19,
            "roe": 0.13,
            "roe_4q": 1.9,
            "gross_profit": 29782,
            "gross_margin": 9.9,
            "gross_margin_4q_avg": 12.31,
            "net_income": 1997,
            "net_income_4q": null,
            "revenue": 300798,
            "revenue_4q": null,
            "common_shares": 1280000,
            "book_valuer_per_share": 11.81,
            "book_valuer_per_share_4q_avg": 11.79,
            "equity": 1512275,
            "current_ratio": 745.95,
            "debt_ratio": 22.54,
            "inventory_turnover_ratio": 0.17,
            "account_receivable_turnover_ratio": 12.89,
            "reinvestment_rate": null,
            "research_to_sale_ratio": null,
            "price_fair": 10.5,
            "eps_avg_yearly": 0.3,
            "eps_latest_yearly": 0.08,
            "eps_growth_yearly": 368.21
        },
        "20103": {
            "year_quarter": 20103,
            "year": 2010,
            "quarter": 3,
            "eps": 0.09,
            "eps_growth_year": 188.23,
            "eps_4q": 0.27,
            "eps_4q_growth_year": -45.38,
            "roe": 0.75,
            "roe_4q": 2.4,
            "gross_profit": 24382,
            "gross_margin": 17.92,
            "gross_margin_4q_avg": 14.22,
            "net_income": 11367,
            "net_income_4q": null,
            "revenue": 136075,
            "revenue_4q": null,
            "common_shares": 1314560,
            "book_valuer_per_share": 11.59,
            "book_valuer_per_share_4q_avg": 11.77,
            "equity": 1523642,
            "current_ratio": 536.79,
            "debt_ratio": 27.81,
            "inventory_turnover_ratio": 0.06,
            "account_receivable_turnover_ratio": 4.28,
            "reinvestment_rate": -29.46,
            "research_to_sale_ratio": null,
            "price_fair": 10.8,
            "eps_avg_yearly": 0.31,
            "eps_latest_yearly": 0.36,
            "eps_growth_yearly": 515.61
        },
        "20104": {
            "year_quarter": 20104,
            "year": 2010,
            "quarter": 4,
            "eps": 1.51,
            "eps_growth_year": 787.23,
            "eps_4q": 1.62,
            "eps_4q_growth_year": 285.09,
            "roe": 12.22,
            "roe_4q": 13.180000000000001,
            "gross_profit": 253847,
            "gross_margin": 31.57,
            "gross_margin_4q_avg": 17.47,
            "net_income": 198275,
            "net_income_4q": null,
            "revenue": 804037,
            "revenue_4q": null,
            "common_shares": 1314560,
            "book_valuer_per_share": 13.1,
            "book_valuer_per_share_4q_avg": 12.09,
            "equity": 1721917,
            "current_ratio": 763.26,
            "debt_ratio": 18.16,
            "inventory_turnover_ratio": 0.33,
            "account_receivable_turnover_ratio": 25.24,
            "reinvestment_rate": 3.75,
            "research_to_sale_ratio": null,
            "price_fair": 35.88,
            "eps_avg_yearly": 1.03,
            "eps_latest_yearly": 6.04,
            "eps_growth_yearly": 1240.04
        },
        "20111": {
            "year_quarter": 20111,
            "year": 2011,
            "quarter": 1,
            "eps": 0.05,
            "eps_growth_year": 400,
            "eps_4q": 1.66,
            "eps_4q_growth_year": 651.66,
            "roe": 0.39,
            "roe_4q": 13.490000000000002,
            "gross_profit": 18715,
            "gross_margin": 15.85,
            "gross_margin_4q_avg": 18.81,
            "net_income": 6779,
            "net_income_4q": null,
            "revenue": 118078,
            "revenue_4q": null,
            "common_shares": 1314560,
            "book_valuer_per_share": 13.15,
            "book_valuer_per_share_4q_avg": 12.41,
            "equity": 1728696,
            "current_ratio": 778.54,
            "debt_ratio": 21.85,
            "inventory_turnover_ratio": 0.06,
            "account_receivable_turnover_ratio": 4.66,
            "reinvestment_rate": 4.09,
            "research_to_sale_ratio": null,
            "price_fair": 32.67,
            "eps_avg_yearly": 0.93,
            "eps_latest_yearly": 0.2,
            "eps_growth_yearly": 1059.29
        },
        "20112": {
            "year_quarter": 20112,
            "year": 2011,
            "quarter": 2,
            "eps": -0.04,
            "eps_growth_year": -339.17,
            "eps_4q": 1.44,
            "eps_4q_growth_year": 564.4,
            "roe": -0.31,
            "roe_4q": 13.05,
            "gross_profit": 32,
            "gross_margin": 1.73,
            "gross_margin_4q_avg": 16.77,
            "net_income": -5335,
            "net_income_4q": null,
            "revenue": 1845,
            "revenue_4q": null,
            "common_shares": 1314560,
            "book_valuer_per_share": 12.98,
            "book_valuer_per_share_4q_avg": 12.71,
            "equity": 1706272,
            "current_ratio": 340.59,
            "debt_ratio": 40.95,
            "inventory_turnover_ratio": 0,
            "account_receivable_turnover_ratio": 0.08,
            "reinvestment_rate": 3.23,
            "research_to_sale_ratio": null,
            "price_fair": 32.67,
            "eps_avg_yearly": 0.93,
            "eps_latest_yearly": 0.2,
            "eps_growth_yearly": 1059.29
        },
        "20113": {
            "year_quarter": 20113,
            "year": 2011,
            "quarter": 3,
            "eps": 0.99,
            "eps_growth_year": 1042.5,
            "eps_4q": 2.35,
            "eps_4q_growth_year": 754.02,
            "roe": 8.16,
            "roe_4q": 20.46,
            "gross_profit": 192413,
            "gross_margin": 30.33,
            "gross_margin_4q_avg": 19.87,
            "net_income": 145063,
            "net_income_4q": null,
            "revenue": 634338,
            "revenue_4q": null,
            "common_shares": 1314560,
            "book_valuer_per_share": 14.08,
            "book_valuer_per_share_4q_avg": 13.33,
            "equity": 1851335,
            "current_ratio": 348.98,
            "debt_ratio": 46.87,
            "inventory_turnover_ratio": 0.16,
            "account_receivable_turnover_ratio": 36,
            "reinvestment_rate": 1.97,
            "research_to_sale_ratio": null,
            "price_fair": 32.67,
            "eps_avg_yearly": 0.93,
            "eps_latest_yearly": 0.2,
            "eps_growth_yearly": 1059.29
        },
        "20114": {
            "year_quarter": 20114,
            "year": 2011,
            "quarter": 4,
            "eps": 0.57,
            "eps_growth_year": -62.14,
            "eps_4q": 1.57,
            "eps_4q_growth_year": -3.17,
            "roe": 4.43,
            "roe_4q": 12.67,
            "gross_profit": 117561,
            "gross_margin": 30.65,
            "gross_margin_4q_avg": 19.64,
            "net_income": 83951,
            "net_income_4q": null,
            "revenue": 383520,
            "revenue_4q": null,
            "common_shares": 1470285,
            "book_valuer_per_share": 13.19,
            "book_valuer_per_share_4q_avg": 13.35,
            "equity": 1939116,
            "current_ratio": 236.88,
            "debt_ratio": 52.72,
            "inventory_turnover_ratio": 0.08,
            "account_receivable_turnover_ratio": 24.81,
            "reinvestment_rate": 1.42,
            "research_to_sale_ratio": null,
            "price_fair": 37.38,
            "eps_avg_yearly": 1.07,
            "eps_latest_yearly": 2.28,
            "eps_growth_yearly": 936.39
        },
        "20121": {
            "year_quarter": 20121,
            "year": 2012,
            "quarter": 1,
            "eps": 0.23,
            "eps_growth_year": 360,
            "eps_4q": 1.75,
            "eps_4q_growth_year": 5.42,
            "roe": 1.73,
            "roe_4q": 14.01,
            "gross_profit": 48562,
            "gross_margin": 33.73,
            "gross_margin_4q_avg": 24.11,
            "net_income": 33843,
            "net_income_4q": null,
            "revenue": 143984,
            "revenue_4q": null,
            "common_shares": 1470285,
            "book_valuer_per_share": 13.42,
            "book_valuer_per_share_4q_avg": 13.42,
            "equity": 1972960,
            "current_ratio": 326.78,
            "debt_ratio": 46.82,
            "inventory_turnover_ratio": 0.03,
            "account_receivable_turnover_ratio": 4.89,
            "reinvestment_rate": 1.35,
            "research_to_sale_ratio": null,
            "price_fair": 36.91,
            "eps_avg_yearly": 1.05,
            "eps_latest_yearly": 0.92,
            "eps_growth_yearly": 829.57
        },
        "20122": {
            "year_quarter": 20122,
            "year": 2012,
            "quarter": 2,
            "eps": -0.04,
            "eps_growth_year": null,
            "eps_4q": 1.55,
            "eps_4q_growth_year": 7.62,
            "roe": -0.34,
            "roe_4q": 13.98,
            "gross_profit": -1642,
            "gross_margin": 232.91,
            "gross_margin_4q_avg": 81.91,
            "net_income": -6740,
            "net_income_4q": null,
            "revenue": -705,
            "revenue_4q": null,
            "common_shares": 1470285,
            "book_valuer_per_share": 13.23,
            "book_valuer_per_share_4q_avg": 13.48,
            "equity": 1945636,
            "current_ratio": 382.56,
            "debt_ratio": 43.71,
            "inventory_turnover_ratio": 0,
            "account_receivable_turnover_ratio": -0.02,
            "reinvestment_rate": -1.18,
            "research_to_sale_ratio": null,
            "price_fair": 36.91,
            "eps_avg_yearly": 1.05,
            "eps_latest_yearly": 0.92,
            "eps_growth_yearly": 829.57
        },
        "20123": {
            "year_quarter": 20123,
            "year": 2012,
            "quarter": 3,
            "eps": 0.6,
            "eps_growth_year": -38.8,
            "eps_4q": 1.28,
            "eps_4q_growth_year": -45.68,
            "roe": 5.02,
            "roe_4q": 10.84,
            "gross_profit": 135387,
            "gross_margin": 29.03,
            "gross_margin_4q_avg": 81.58,
            "net_income": 100098,
            "net_income_4q": null,
            "revenue": 466334,
            "revenue_4q": null,
            "common_shares": 1655541,
            "book_valuer_per_share": 12.36,
            "book_valuer_per_share_4q_avg": 13.05,
            "equity": 2045734,
            "current_ratio": 313.08,
            "debt_ratio": 43.77,
            "inventory_turnover_ratio": 0.11,
            "account_receivable_turnover_ratio": 7.33,
            "reinvestment_rate": 0.55,
            "research_to_sale_ratio": null,
            "price_fair": 36.91,
            "eps_avg_yearly": 1.05,
            "eps_latest_yearly": 0.92,
            "eps_growth_yearly": 829.57
        },
        "20124": {
            "year_quarter": 20124,
            "year": 2012,
            "quarter": 4,
            "eps": 0.01,
            "eps_growth_year": -97.88,
            "eps_4q": 0.78,
            "eps_4q_growth_year": -50.21,
            "roe": 0.1,
            "roe_4q": 6.51,
            "gross_profit": 5685,
            "gross_margin": 30.76,
            "gross_margin_4q_avg": 81.61,
            "net_income": 2000,
            "net_income_4q": null,
            "revenue": 18479,
            "revenue_4q": null,
            "common_shares": 1655541,
            "book_valuer_per_share": 12.37,
            "book_valuer_per_share_4q_avg": 12.85,
            "equity": 2047733,
            "current_ratio": 238.86,
            "debt_ratio": 53.5,
            "inventory_turnover_ratio": 0,
            "account_receivable_turnover_ratio": 0.31,
            "reinvestment_rate": 0.24,
            "research_to_sale_ratio": null,
            "price_fair": 33.95,
            "eps_avg_yearly": 0.97,
            "eps_latest_yearly": 0.04,
            "eps_growth_yearly": 727.66
        },
        "20131": {
            "year_quarter": 20131,
            "year": 2013,
            "quarter": 1,
            "eps": -0.09,
            "eps_growth_year": -139.13,
            "eps_4q": 0.48,
            "eps_4q_growth_year": -72.46,
            "roe": -0.77,
            "roe_4q": 4.01,
            "gross_profit": 478,
            "gross_margin": 61.2,
            "gross_margin_4q_avg": 88.48,
            "net_income": -15488,
            "net_income_4q": null,
            "revenue": 781,
            "revenue_4q": null,
            "common_shares": 1655541,
            "book_valuer_per_share": 11.88,
            "book_valuer_per_share_4q_avg": 12.46,
            "equity": 1966193,
            "current_ratio": 179.42,
            "debt_ratio": 60.66,
            "inventory_turnover_ratio": 0,
            "account_receivable_turnover_ratio": 0.07,
            "reinvestment_rate": -20.27,
            "research_to_sale_ratio": null,
            "price_fair": 34.36,
            "eps_avg_yearly": 0.98,
            "eps_latest_yearly": 0.04,
            "eps_growth_yearly": 802.91
        },
        "20132": {
            "year_quarter": 20132,
            "year": 2013,
            "quarter": 2,
            "eps": 1.56,
            "eps_growth_year": null,
            "eps_4q": 1.83,
            "eps_4q_growth_year": 18.39,
            "roe": 12.37,
            "roe_4q": 16.72,
            "gross_profit": 333827,
            "gross_margin": 34.92,
            "gross_margin_4q_avg": 38.98,
            "net_income": 257529,
            "net_income_4q": null,
            "revenue": 955922,
            "revenue_4q": null,
            "common_shares": 1655541,
            "book_valuer_per_share": 13.28,
            "book_valuer_per_share_4q_avg": 12.47,
            "equity": 2198888,
            "current_ratio": 174.74,
            "debt_ratio": 55.87,
            "inventory_turnover_ratio": 0.14,
            "account_receivable_turnover_ratio": 85.98,
            "reinvestment_rate": -17.16,
            "research_to_sale_ratio": null,
            "price_fair": 37.66,
            "eps_avg_yearly": 1.08,
            "eps_latest_yearly": 0.04,
            "eps_growth_yearly": 921.29
        },
        "20133": {
            "year_quarter": 20133,
            "year": 2013,
            "quarter": 3,
            "eps": 0.03,
            "eps_growth_year": -95.04,
            "eps_4q": 1.27,
            "eps_4q_growth_year": -0.72,
            "roe": -0.28,
            "roe_4q": 11.42,
            "gross_profit": 2424,
            "gross_margin": 306.84,
            "gross_margin_4q_avg": 108.43,
            "net_income": -6106,
            "net_income_4q": null,
            "revenue": 790,
            "revenue_4q": null,
            "common_shares": 1879039,
            "book_valuer_per_share": 11.67,
            "book_valuer_per_share_4q_avg": 12.3,
            "equity": 2192782,
            "current_ratio": 158.78,
            "debt_ratio": 61.63,
            "inventory_turnover_ratio": -0,
            "account_receivable_turnover_ratio": 0.07,
            "reinvestment_rate": -16.48,
            "research_to_sale_ratio": null,
            "price_fair": 37.66,
            "eps_avg_yearly": 1.08,
            "eps_latest_yearly": 0.12,
            "eps_growth_yearly": 802.06
        },
        "20134": {
            "year_quarter": 20134,
            "year": 2013,
            "quarter": 4,
            "eps": 4.02,
            "eps_growth_year": 33156.25,
            "eps_4q": 5.27,
            "eps_4q_growth_year": 575.7,
            "roe": 29.37,
            "roe_4q": 40.69,
            "gross_profit": 899530,
            "gross_margin": 41.59,
            "gross_margin_4q_avg": 111.14,
            "net_income": 754939,
            "net_income_4q": null,
            "revenue": 2163029,
            "revenue_4q": null,
            "common_shares": 1879039,
            "book_valuer_per_share": 15.69,
            "book_valuer_per_share_4q_avg": 13.13,
            "equity": 2947721,
            "current_ratio": 189.68,
            "debt_ratio": 51.67,
            "inventory_turnover_ratio": 0.26,
            "account_receivable_turnover_ratio": 14.59,
            "reinvestment_rate": -7.66,
            "research_to_sale_ratio": null,
            "price_fair": 91.56,
            "eps_avg_yearly": 2.62,
            "eps_latest_yearly": 16.08,
            "eps_growth_yearly": 5935.4
        },
        "20141": {
            "year_quarter": 20141,
            "year": 2014,
            "quarter": 1,
            "eps": 0.09,
            "eps_growth_year": null,
            "eps_4q": 5.45,
            "eps_4q_growth_year": 1028.96,
            "roe": 0.58,
            "roe_4q": 42.04,
            "gross_profit": 50563,
            "gross_margin": 31.65,
            "gross_margin_4q_avg": 103.75,
            "net_income": 17065,
            "net_income_4q": null,
            "revenue": 159736,
            "revenue_4q": null,
            "common_shares": 1879039,
            "book_valuer_per_share": 15.78,
            "book_valuer_per_share_4q_avg": 14.11,
            "equity": 2964786,
            "current_ratio": 189.8,
            "debt_ratio": 51.66,
            "inventory_turnover_ratio": 0.02,
            "account_receivable_turnover_ratio": 1.02,
            "reinvestment_rate": -6.4,
            "research_to_sale_ratio": null,
            "price_fair": 92.68,
            "eps_avg_yearly": 2.65,
            "eps_latest_yearly": 0.36,
            "eps_growth_yearly": 5933.94
        },
        "20142": {
            "year_quarter": 20142,
            "year": 2014,
            "quarter": 2,
            "eps": 2.59,
            "eps_growth_year": 66.03,
            "eps_4q": 5.25,
            "eps_4q_growth_year": 186.42,
            "roe": 15.28,
            "roe_4q": 44.95,
            "gross_profit": 662551,
            "gross_margin": 38.12,
            "gross_margin_4q_avg": 104.55,
            "net_income": 485913,
            "net_income_4q": null,
            "revenue": 1738032,
            "revenue_4q": null,
            "common_shares": 1879039,
            "book_valuer_per_share": 18.06,
            "book_valuer_per_share_4q_avg": 15.3,
            "equity": 3394328,
            "current_ratio": 262.7,
            "debt_ratio": 46.55,
            "inventory_turnover_ratio": 0.19,
            "account_receivable_turnover_ratio": 112.55,
            "reinvestment_rate": -4.11,
            "research_to_sale_ratio": null,
            "price_fair": 128.66,
            "eps_avg_yearly": 3.68,
            "eps_latest_yearly": 10.36,
            "eps_growth_yearly": 7005.05
        },
        "20143": {
            "year_quarter": 20143,
            "year": 2014,
            "quarter": 3,
            "eps": 1.53,
            "eps_growth_year": 5000,
            "eps_4q": 6.8,
            "eps_4q_growth_year": 437.28,
            "roe": 10.22,
            "roe_4q": 55.45,
            "gross_profit": 451080,
            "gross_margin": 40.03,
            "gross_margin_4q_avg": 37.85,
            "net_income": 365619,
            "net_income_4q": null,
            "revenue": 1126984,
            "revenue_4q": null,
            "common_shares": 2386380,
            "book_valuer_per_share": 15.76,
            "book_valuer_per_share_4q_avg": 16.32,
            "equity": 3759947,
            "current_ratio": 332.07,
            "debt_ratio": 39,
            "inventory_turnover_ratio": 0.12,
            "account_receivable_turnover_ratio": 41.85,
            "reinvestment_rate": -3.21,
            "research_to_sale_ratio": null,
            "price_fair": 148.82,
            "eps_avg_yearly": 4.25,
            "eps_latest_yearly": 6.12,
            "eps_growth_yearly": 6848.68
        },
        "20144": {
            "year_quarter": 20144,
            "year": 2014,
            "quarter": 4,
            "eps": 1,
            "eps_growth_year": -75.21,
            "eps_4q": 4.64,
            "eps_4q_growth_year": -12.09,
            "roe": 6.13,
            "roe_4q": 32.21,
            "gross_profit": 292132,
            "gross_margin": 42.86,
            "gross_margin_4q_avg": 38.17,
            "net_income": 237725,
            "net_income_4q": null,
            "revenue": 681630,
            "revenue_4q": null,
            "common_shares": 2386380,
            "book_valuer_per_share": 16.75,
            "book_valuer_per_share_4q_avg": 16.59,
            "equity": 3997672,
            "current_ratio": 274.99,
            "debt_ratio": 39.83,
            "inventory_turnover_ratio": 0.07,
            "account_receivable_turnover_ratio": 20.98,
            "reinvestment_rate": -3.46,
            "research_to_sale_ratio": null,
            "price_fair": 141.68,
            "eps_avg_yearly": 4.05,
            "eps_latest_yearly": 4,
            "eps_growth_yearly": 6203.71
        },
        "20151": {
            "year_quarter": 20151,
            "year": 2015,
            "quarter": 1,
            "eps": 0.04,
            "eps_growth_year": -55.56,
            "eps_4q": 4.6,
            "eps_4q_growth_year": -15.48,
            "roe": 0.23,
            "roe_4q": 31.86,
            "gross_profit": 39957,
            "gross_margin": 39.53,
            "gross_margin_4q_avg": 40.14,
            "net_income": 9339,
            "net_income_4q": null,
            "revenue": 101074,
            "revenue_4q": null,
            "common_shares": 2386380,
            "book_valuer_per_share": 16.79,
            "book_valuer_per_share_4q_avg": 16.84,
            "equity": 4007011,
            "current_ratio": 259.32,
            "debt_ratio": 42.67,
            "inventory_turnover_ratio": 0.01,
            "account_receivable_turnover_ratio": 5.54,
            "reinvestment_rate": -3.5,
            "research_to_sale_ratio": null,
            "price_fair": 141.54,
            "eps_avg_yearly": 4.04,
            "eps_latest_yearly": 0.16,
            "eps_growth_yearly": 6203.99
        },
        "20152": {
            "year_quarter": 20152,
            "year": 2015,
            "quarter": 2,
            "eps": 2.72,
            "eps_growth_year": 5.02,
            "eps_4q": 4.41,
            "eps_4q_growth_year": -16.02,
            "roe": 15.4,
            "roe_4q": 31.980000000000004,
            "gross_profit": 822842,
            "gross_margin": 44.62,
            "gross_margin_4q_avg": 41.76,
            "net_income": 648835,
            "net_income_4q": null,
            "revenue": 1843985,
            "revenue_4q": null,
            "common_shares": 2386380,
            "book_valuer_per_share": 18.51,
            "book_valuer_per_share_4q_avg": 16.95,
            "equity": 4417208,
            "current_ratio": 296.23,
            "debt_ratio": 44.99,
            "inventory_turnover_ratio": 0.14,
            "account_receivable_turnover_ratio": 109.55,
            "reinvestment_rate": -2.76,
            "research_to_sale_ratio": null,
            "price_fair": 163.29,
            "eps_avg_yearly": 4.67,
            "eps_latest_yearly": 10.88,
            "eps_growth_yearly": 8076.35
        },
        "20153": {
            "year_quarter": 20153,
            "year": 2015,
            "quarter": 3,
            "eps": 0.04,
            "eps_growth_year": -97.39,
            "eps_4q": 3.09,
            "eps_4q_growth_year": -54.65,
            "roe": -0.28,
            "roe_4q": 21.48,
            "gross_profit": 25152,
            "gross_margin": 39.02,
            "gross_margin_4q_avg": 41.51,
            "net_income": -12385,
            "net_income_4q": null,
            "revenue": 64458,
            "revenue_4q": null,
            "common_shares": 2863656,
            "book_valuer_per_share": 15.38,
            "book_valuer_per_share_4q_avg": 16.86,
            "equity": 4404823,
            "current_ratio": 297.75,
            "debt_ratio": 48.2,
            "inventory_turnover_ratio": 0.01,
            "account_receivable_turnover_ratio": 5.49,
            "reinvestment_rate": -2.9,
            "research_to_sale_ratio": null,
            "price_fair": 150.15,
            "eps_avg_yearly": 4.29,
            "eps_latest_yearly": 0.16,
            "eps_growth_yearly": 7370.48
        },
        "20154": {
            "year_quarter": 20154,
            "year": 2015,
            "quarter": 4,
            "eps": 1.25,
            "eps_growth_year": 25.66,
            "eps_4q": 3.51,
            "eps_4q_growth_year": -24.36,
            "roe": 7.82,
            "roe_4q": 23.17,
            "gross_profit": 476656,
            "gross_margin": 35.66,
            "gross_margin_4q_avg": 39.71,
            "net_income": 358456,
            "net_income_4q": null,
            "revenue": 1336617,
            "revenue_4q": null,
            "common_shares": 2863656,
            "book_valuer_per_share": 16.63,
            "book_valuer_per_share_4q_avg": 16.83,
            "equity": 4763279,
            "current_ratio": 274.58,
            "debt_ratio": 44.86,
            "inventory_turnover_ratio": 0.11,
            "account_receivable_turnover_ratio": 102.96,
            "reinvestment_rate": -2.99,
            "research_to_sale_ratio": null,
            "price_fair": 158.08,
            "eps_avg_yearly": 4.52,
            "eps_latest_yearly": 5,
            "eps_growth_yearly": 8392.95
        },
        "20161": {
            "year_quarter": 20161,
            "year": 2016,
            "quarter": 1,
            "eps": 0.39,
            "eps_growth_year": 875,
            "eps_4q": 3.87,
            "eps_4q_growth_year": -15.98,
            "roe": 2.34,
            "roe_4q": 25.28,
            "gross_profit": 172068,
            "gross_margin": 36.53,
            "gross_margin_4q_avg": 38.96,
            "net_income": 112799,
            "net_income_4q": null,
            "revenue": 471083,
            "revenue_4q": null,
            "common_shares": 2863656,
            "book_valuer_per_share": 17.03,
            "book_valuer_per_share_4q_avg": 16.89,
            "equity": 4876078,
            "current_ratio": 299.88,
            "debt_ratio": 42.09,
            "inventory_turnover_ratio": 0.04,
            "account_receivable_turnover_ratio": 32.07,
            "reinvestment_rate": -1.51,
            "research_to_sale_ratio": null,
            "price_fair": 159.95,
            "eps_avg_yearly": 4.57,
            "eps_latest_yearly": 1.56,
            "eps_growth_yearly": 8389.9
        },
        "20162": {
            "year_quarter": 20162,
            "year": 2016,
            "quarter": 2,
            "eps": 0.03,
            "eps_growth_year": -98.9,
            "eps_4q": 1.31,
            "eps_4q_growth_year": -70.23,
            "roe": -0.17,
            "roe_4q": 9.71,
            "gross_profit": 26110,
            "gross_margin": 38.98,
            "gross_margin_4q_avg": 37.55,
            "net_income": -8233,
            "net_income_4q": null,
            "revenue": 66985,
            "revenue_4q": null,
            "common_shares": 2863656,
            "book_valuer_per_share": 15.9,
            "book_valuer_per_share_4q_avg": 16.24,
            "equity": 4552843,
            "current_ratio": 270.53,
            "debt_ratio": 48.57,
            "inventory_turnover_ratio": 0.01,
            "account_receivable_turnover_ratio": 8.26,
            "reinvestment_rate": -1.51,
            "research_to_sale_ratio": null,
            "price_fair": 147.97,
            "eps_avg_yearly": 4.23,
            "eps_latest_yearly": 0.12,
            "eps_growth_yearly": 7716.12
        },
        "20163": {
            "year_quarter": 20163,
            "year": 2016,
            "quarter": 3,
            "eps": 0.01,
            "eps_growth_year": -75,
            "eps_4q": 1.35,
            "eps_4q_growth_year": -56.09,
            "roe": 0.05,
            "roe_4q": 10.04,
            "gross_profit": 12339,
            "gross_margin": 46.89,
            "gross_margin_4q_avg": 39.52,
            "net_income": 2498,
            "net_income_4q": null,
            "revenue": 26315,
            "revenue_4q": null,
            "common_shares": 3436387,
            "book_valuer_per_share": 13.26,
            "book_valuer_per_share_4q_avg": 15.71,
            "equity": 4555341,
            "current_ratio": 241.69,
            "debt_ratio": 52.24,
            "inventory_turnover_ratio": 0,
            "account_receivable_turnover_ratio": 2.75,
            "reinvestment_rate": -1.16,
            "research_to_sale_ratio": null,
            "price_fair": 137.5,
            "eps_avg_yearly": 3.93,
            "eps_latest_yearly": 0.04,
            "eps_growth_yearly": 7145.92
        },
        "20164": {
            "year_quarter": 20164,
            "year": 2016,
            "quarter": 4,
            "eps": 2.53,
            "eps_growth_year": 102.06,
            "eps_4q": 2.84,
            "eps_4q_growth_year": -18.99,
            "roe": 17.42,
            "roe_4q": 19.64,
            "gross_profit": 1071303,
            "gross_margin": 38.56,
            "gross_margin_4q_avg": 40.24,
            "net_income": 869151,
            "net_income_4q": null,
            "revenue": 2778606,
            "revenue_4q": null,
            "common_shares": 3436387,
            "book_valuer_per_share": 15.79,
            "book_valuer_per_share_4q_avg": 15.5,
            "equity": 5424491,
            "current_ratio": 373.99,
            "debt_ratio": 38.92,
            "inventory_turnover_ratio": 0.21,
            "account_receivable_turnover_ratio": 132.94,
            "reinvestment_rate": -0.85,
            "research_to_sale_ratio": null,
            "price_fair": 162.7,
            "eps_avg_yearly": 4.65,
            "eps_latest_yearly": 10.12,
            "eps_growth_yearly": 14374.02
        },
        "20171": {
            "year_quarter": 20171,
            "year": 2017,
            "quarter": 1,
            "eps": 0.68,
            "eps_growth_year": 74.36,
            "eps_4q": 3.2,
            "eps_4q_growth_year": -17.34,
            "roe": 4.25,
            "roe_4q": 21.55,
            "gross_profit": 317878,
            "gross_margin": 39.04,
            "gross_margin_4q_avg": 40.87,
            "net_income": 235369,
            "net_income_4q": null,
            "revenue": 814157,
            "revenue_4q": null,
            "common_shares": 3436387,
            "book_valuer_per_share": 16.47,
            "book_valuer_per_share_4q_avg": 15.36,
            "equity": 5659860,
            "current_ratio": 302.18,
            "debt_ratio": 37.84,
            "inventory_turnover_ratio": 0.06,
            "account_receivable_turnover_ratio": 42.12,
            "reinvestment_rate": 1.13,
            "research_to_sale_ratio": null,
            "price_fair": 158.2,
            "eps_avg_yearly": 4.52,
            "eps_latest_yearly": 2.72,
            "eps_growth_yearly": 13396.25
        },
        "20172": {
            "year_quarter": 20172,
            "year": 2017,
            "quarter": 2,
            "eps": 0.27,
            "eps_growth_year": 800,
            "eps_4q": 3.18,
            "eps_4q_growth_year": 142.16,
            "roe": 1.72,
            "roe_4q": 23.44,
            "gross_profit": 149216,
            "gross_margin": 45.14,
            "gross_margin_4q_avg": 42.41,
            "net_income": 93372,
            "net_income_4q": null,
            "revenue": 330570,
            "revenue_4q": null,
            "common_shares": 3436387,
            "book_valuer_per_share": 15.14,
            "book_valuer_per_share_4q_avg": 15.17,
            "equity": 5203410,
            "current_ratio": 230.01,
            "debt_ratio": 50.96,
            "inventory_turnover_ratio": 0.02,
            "account_receivable_turnover_ratio": 40.09,
            "reinvestment_rate": 1.16,
            "research_to_sale_ratio": null,
            "price_fair": 150.68,
            "eps_avg_yearly": 4.31,
            "eps_latest_yearly": 1.08,
            "eps_growth_yearly": 12543.91
        },
        "20173": {
            "year_quarter": 20173,
            "year": 2017,
            "quarter": 3,
            "eps": 0.63,
            "eps_growth_year": 6200,
            "eps_4q": 3.8,
            "eps_4q_growth_year": 180.5,
            "roe": 4.48,
            "roe_4q": 27.87,
            "gross_profit": 335233,
            "gross_margin": 25.95,
            "gross_margin_4q_avg": 37.17,
            "net_income": 238482,
            "net_income_4q": null,
            "revenue": 1291711,
            "revenue_4q": null,
            "common_shares": 3780026,
            "book_valuer_per_share": 14.4,
            "book_valuer_per_share_4q_avg": 15.45,
            "equity": 5441892,
            "current_ratio": 251.4,
            "debt_ratio": 50.91,
            "inventory_turnover_ratio": 0.1,
            "account_receivable_turnover_ratio": 448.98,
            "reinvestment_rate": 1.05,
            "research_to_sale_ratio": null,
            "price_fair": 155.93,
            "eps_avg_yearly": 4.46,
            "eps_latest_yearly": 2.52,
            "eps_growth_yearly": 12601.77
        },
        "20174": {
            "year_quarter": 20174,
            "year": 2017,
            "quarter": 4,
            "eps": 1.11,
            "eps_growth_year": -56.12,
            "eps_4q": 2.61,
            "eps_4q_growth_year": -8.11,
            "roe": 7.42,
            "roe_4q": 17.87,
            "gross_profit": 561911,
            "gross_margin": 32.2,
            "gross_margin_4q_avg": 35.58,
            "net_income": 419555,
            "net_income_4q": null,
            "revenue": 1744910,
            "revenue_4q": null,
            "common_shares": 3780026,
            "book_valuer_per_share": 15.51,
            "book_valuer_per_share_4q_avg": 15.38,
            "equity": 5861462,
            "current_ratio": 283.38,
            "debt_ratio": 47.23,
            "inventory_turnover_ratio": 0.11,
            "account_receivable_turnover_ratio": 360.48,
            "reinvestment_rate": 1.13,
            "research_to_sale_ratio": null,
            "price_fair": 130.46,
            "eps_avg_yearly": 3.73,
            "eps_latest_yearly": 4.44,
            "eps_growth_yearly": 9295.81
        },
        "20181": {
            "year_quarter": 20181,
            "year": 2018,
            "quarter": 1,
            "eps": 0.18,
            "eps_growth_year": -73.53,
            "eps_4q": 2.17,
            "eps_4q_growth_year": -32.26,
            "roe": 1.14,
            "roe_4q": 14.760000000000002,
            "gross_profit": 130857,
            "gross_margin": 35.7,
            "gross_margin_4q_avg": 34.75,
            "net_income": 67371,
            "net_income_4q": null,
            "revenue": 366534,
            "revenue_4q": null,
            "common_shares": 3780026,
            "book_valuer_per_share": 15.68,
            "book_valuer_per_share_4q_avg": 15.18,
            "equity": 5928875,
            "current_ratio": 249.37,
            "debt_ratio": 51.72,
            "inventory_turnover_ratio": 0.02,
            "account_receivable_turnover_ratio": 73.99,
            "reinvestment_rate": 1.1,
            "research_to_sale_ratio": null,
            "price_fair": 131.25,
            "eps_avg_yearly": 3.75,
            "eps_latest_yearly": 0.72,
            "eps_growth_yearly": 9299.31
        },
        "20182": {
            "year_quarter": 20182,
            "year": 2018,
            "quarter": 2,
            "eps": 0.04,
            "eps_growth_year": -85.19,
            "eps_4q": 1.82,
            "eps_4q_growth_year": -42.83,
            "roe": 0.28,
            "roe_4q": 13.32,
            "gross_profit": 126109,
            "gross_margin": 19.87,
            "gross_margin_4q_avg": 28.43,
            "net_income": 15783,
            "net_income_4q": null,
            "revenue": 634601,
            "revenue_4q": null,
            "common_shares": 3780026,
            "book_valuer_per_share": 14.23,
            "book_valuer_per_share_4q_avg": 14.96,
            "equity": 5377654,
            "current_ratio": 217.51,
            "debt_ratio": 57.17,
            "inventory_turnover_ratio": 0.04,
            "account_receivable_turnover_ratio": 90.91,
            "reinvestment_rate": 1.23,
            "research_to_sale_ratio": null,
            "price_fair": 108.94,
            "eps_avg_yearly": 3.11,
            "eps_latest_yearly": 0.16,
            "eps_growth_yearly": 8585.42
        },
        "20183": {
            "year_quarter": 20183,
            "year": 2018,
            "quarter": 3,
            "eps": 0.07,
            "eps_growth_year": -88.89,
            "eps_4q": 1.3,
            "eps_4q_growth_year": -65.68,
            "roe": 0.55,
            "roe_4q": 9.39,
            "gross_profit": 118825,
            "gross_margin": 18.94,
            "gross_margin_4q_avg": 26.68,
            "net_income": 29691,
            "net_income_4q": null,
            "revenue": 627407,
            "revenue_4q": null,
            "common_shares": 4082428,
            "book_valuer_per_share": 13.29,
            "book_valuer_per_share_4q_avg": 14.68,
            "equity": 5424295,
            "current_ratio": 226.45,
            "debt_ratio": 57.65,
            "inventory_turnover_ratio": 0.04,
            "account_receivable_turnover_ratio": 48.27,
            "reinvestment_rate": 1.34,
            "research_to_sale_ratio": null,
            "price_fair": 96.16,
            "eps_avg_yearly": 2.75,
            "eps_latest_yearly": 0.28,
            "eps_growth_yearly": 8614.4
        },
        "20184": {
            "year_quarter": 20184,
            "year": 2018,
            "quarter": 4,
            "eps": 0.83,
            "eps_growth_year": -25.53,
            "eps_4q": 1.1,
            "eps_4q_growth_year": -57.75,
            "roe": 6.03,
            "roe_4q": 8,
            "gross_profit": 494360,
            "gross_margin": 22.85,
            "gross_margin_4q_avg": 24.34,
            "net_income": 337449,
            "net_income_4q": null,
            "revenue": 2163561,
            "revenue_4q": null,
            "common_shares": 4082428,
            "book_valuer_per_share": 14.11,
            "book_valuer_per_share_4q_avg": 14.33,
            "equity": 5761744,
            "current_ratio": 228.73,
            "debt_ratio": 54.11,
            "inventory_turnover_ratio": 0.14,
            "account_receivable_turnover_ratio": 248.59,
            "reinvestment_rate": 1.29,
            "research_to_sale_ratio": null,
            "price_fair": 94.68,
            "eps_avg_yearly": 2.71,
            "eps_latest_yearly": 3.32,
            "eps_growth_yearly": 8894.49
        },
        "20191": {
            "year_quarter": 20191,
            "year": 2019,
            "quarter": 1,
            "eps": -0.04,
            "eps_growth_year": -122.22,
            "eps_4q": 0.9,
            "eps_4q_growth_year": -58.33,
            "roe": -0.25,
            "roe_4q": 6.61,
            "gross_profit": 42910,
            "gross_margin": 23.79,
            "gross_margin_4q_avg": 21.36,
            "net_income": -14433,
            "net_income_4q": null,
            "revenue": 180390,
            "revenue_4q": null,
            "common_shares": 4082428,
            "book_valuer_per_share": 14.08,
            "book_valuer_per_share_4q_avg": 13.93,
            "equity": 5747343,
            "current_ratio": 204.18,
            "debt_ratio": 57.16,
            "inventory_turnover_ratio": 0.01,
            "account_receivable_turnover_ratio": 16.12,
            "reinvestment_rate": 1.28,
            "research_to_sale_ratio": null,
            "price_fair": 100.61,
            "eps_avg_yearly": 2.87,
            "eps_latest_yearly": 3.32,
            "eps_growth_yearly": 9513.05
        },
        "20192": {
            "year_quarter": 20192,
            "year": 2019,
            "quarter": 2,
            "eps": 0.76,
            "eps_growth_year": 1800,
            "eps_4q": 1.44,
            "eps_4q_growth_year": -20.69,
            "roe": 5.31,
            "roe_4q": 11.64,
            "gross_profit": 451962,
            "gross_margin": 30.71,
            "gross_margin_4q_avg": 24.07,
            "net_income": 311550,
            "net_income_4q": null,
            "revenue": 1471523,
            "revenue_4q": null,
            "common_shares": 4082428,
            "book_valuer_per_share": 14.64,
            "book_valuer_per_share_4q_avg": 14.03,
            "equity": 5977244,
            "current_ratio": 194.8,
            "debt_ratio": 58.6,
            "inventory_turnover_ratio": 0.08,
            "account_receivable_turnover_ratio": 53.16,
            "reinvestment_rate": 1.4,
            "research_to_sale_ratio": null,
            "price_fair": 80.6,
            "eps_avg_yearly": 2.3,
            "eps_latest_yearly": 3.32,
            "eps_growth_yearly": 8278.27
        },
        "20193": {
            "year_quarter": 20193,
            "year": 2019,
            "quarter": 3,
            "eps": 0.4,
            "eps_growth_year": 471.43,
            "eps_4q": 1.77,
            "eps_4q_growth_year": 35.93,
            "roe": 3.05,
            "roe_4q": 14.14,
            "gross_profit": 334584,
            "gross_margin": 27.49,
            "gross_margin_4q_avg": 26.21,
            "net_income": 185947,
            "net_income_4q": null,
            "revenue": 1217282,
            "revenue_4q": null,
            "common_shares": 4613144,
            "book_valuer_per_share": 13.45,
            "book_valuer_per_share_4q_avg": 14.07,
            "equity": 6203572,
            "current_ratio": 206.78,
            "debt_ratio": 58.9,
            "inventory_turnover_ratio": 0.07,
            "account_receivable_turnover_ratio": 44.78,
            "reinvestment_rate": 1.3,
            "research_to_sale_ratio": null,
            "price_fair": 84.2,
            "eps_avg_yearly": 2.41,
            "eps_latest_yearly": 1.6,
            "eps_growth_yearly": 8292.89
        },
        "20194": {
            "year_quarter": 20194,
            "year": 2019,
            "quarter": 4,
            "eps": 2.17,
            "eps_growth_year": 162.27,
            "eps_4q": 3.21,
            "eps_4q_growth_year": 190.97,
            "roe": 14.97,
            "roe_4q": 23.08,
            "gross_profit": 1307099,
            "gross_margin": 28.65,
            "gross_margin_4q_avg": 27.66,
            "net_income": 1005441,
            "net_income_4q": null,
            "revenue": 4561919,
            "revenue_4q": null,
            "common_shares": 4632433,
            "book_valuer_per_share": 15.6,
            "book_valuer_per_share_4q_avg": 14.44,
            "equity": 7233200,
            "current_ratio": 291.23,
            "debt_ratio": 47.02,
            "inventory_turnover_ratio": 0.26,
            "account_receivable_turnover_ratio": 58.05,
            "reinvestment_rate": 1.36,
            "research_to_sale_ratio": null,
            "price_fair": 93.4,
            "eps_avg_yearly": 2.67,
            "eps_latest_yearly": 8.68,
            "eps_growth_yearly": 7555.03
        },
        "20201": {
            "year_quarter": 20201,
            "year": 2020,
            "quarter": 1,
            "eps": 0.22,
            "eps_growth_year": null,
            "eps_4q": 3.44,
            "eps_4q_growth_year": 281.4,
            "roe": 1.37,
            "roe_4q": 24.7,
            "gross_profit": 205090,
            "gross_margin": 29.12,
            "gross_margin_4q_avg": 28.99,
            "net_income": 100455,
            "net_income_4q": null,
            "revenue": 704244,
            "revenue_4q": null,
            "common_shares": 4637887,
            "book_valuer_per_share": 15.86,
            "book_valuer_per_share_4q_avg": 14.89,
            "equity": 7385005,
            "current_ratio": 295.12,
            "debt_ratio": 50.3,
            "inventory_turnover_ratio": 0.04,
            "account_receivable_turnover_ratio": 8.6,
            "reinvestment_rate": 0.15,
            "research_to_sale_ratio": null,
            "price_fair": 91.7,
            "eps_avg_yearly": 2.62,
            "eps_latest_yearly": 0.88,
            "eps_growth_yearly": 7549.02
        },
        "20202": {
            "year_quarter": 20202,
            "year": 2020,
            "quarter": 2,
            "eps": 0.29,
            "eps_growth_year": -61.84,
            "eps_4q": 2.57,
            "eps_4q_growth_year": 78.46,
            "roe": 1.9,
            "roe_4q": 21.290000000000003,
            "gross_profit": 307527,
            "gross_margin": 41.89,
            "gross_margin_4q_avg": 31.79,
            "net_income": 137462,
            "net_income_4q": null,
            "revenue": 734213,
            "revenue_4q": null,
            "common_shares": 4657505,
            "book_valuer_per_share": 15.21,
            "book_valuer_per_share_4q_avg": 15.03,
            "equity": 7120604,
            "current_ratio": 258.22,
            "debt_ratio": 55.12,
            "inventory_turnover_ratio": 0.03,
            "account_receivable_turnover_ratio": 27.01,
            "reinvestment_rate": 0.14,
            "research_to_sale_ratio": null,
            "price_fair": 94.3,
            "eps_avg_yearly": 2.69,
            "eps_latest_yearly": 1.16,
            "eps_growth_yearly": 7584.48
        },
        "20203": {
            "year_quarter": 20203,
            "year": 2020,
            "quarter": 3,
            "eps": 0.13,
            "eps_growth_year": -67.5,
            "eps_4q": 2.36,
            "eps_4q_growth_year": 32.85,
            "roe": 1,
            "roe_4q": 19.240000000000002,
            "gross_profit": 194551,
            "gross_margin": 27.08,
            "gross_margin_4q_avg": 31.69,
            "net_income": 71872,
            "net_income_4q": null,
            "revenue": 718428,
            "revenue_4q": null,
            "common_shares": 5566798,
            "book_valuer_per_share": 12.97,
            "book_valuer_per_share_4q_avg": 14.91,
            "equity": 7245006,
            "current_ratio": 242.5,
            "debt_ratio": 59.35,
            "inventory_turnover_ratio": 0.04,
            "account_receivable_turnover_ratio": 29.98,
            "reinvestment_rate": -0.2,
            "research_to_sale_ratio": null,
            "price_fair": 95.5,
            "eps_avg_yearly": 2.73,
            "eps_latest_yearly": 0.52,
            "eps_growth_yearly": 7587.76
        },
        "20204": {
            "year_quarter": 20204,
            "year": 2020,
            "quarter": 4,
            "eps": 0.92,
            "eps_growth_year": -57.72,
            "eps_4q": 1.47,
            "eps_4q_growth_year": -54.17,
            "roe": 6.83,
            "roe_4q": 11.100000000000001,
            "gross_profit": 800649,
            "gross_margin": 32.55,
            "gross_margin_4q_avg": 32.66,
            "net_income": 512351,
            "net_income_4q": null,
            "revenue": 2459607,
            "revenue_4q": null,
            "common_shares": 5584827,
            "book_valuer_per_share": 13.9,
            "book_valuer_per_share_4q_avg": 14.49,
            "equity": 7767161,
            "current_ratio": 265.15,
            "debt_ratio": 57.19,
            "inventory_turnover_ratio": 0.1,
            "account_receivable_turnover_ratio": 98.27,
            "reinvestment_rate": -0.28,
            "research_to_sale_ratio": null,
            "price_fair": 79.4,
            "eps_avg_yearly": 2.27,
            "eps_latest_yearly": 3.68,
            "eps_growth_yearly": 561.39
        },
        "20211": {
            "year_quarter": 20211,
            "year": 2021,
            "quarter": 1,
            "eps": -0.07,
            "eps_growth_year": -131.82,
            "eps_4q": 1.22,
            "eps_4q_growth_year": -64.48,
            "roe": -0.48,
            "roe_4q": 9.25,
            "gross_profit": 63362,
            "gross_margin": 38.15,
            "gross_margin_4q_avg": 34.92,
            "net_income": -37416,
            "net_income_4q": null,
            "revenue": 166098,
            "revenue_4q": null,
            "common_shares": 5589173,
            "book_valuer_per_share": 13.84,
            "book_valuer_per_share_4q_avg": 13.98,
            "equity": 7744853,
            "current_ratio": 229.77,
            "debt_ratio": 61.41,
            "inventory_turnover_ratio": 0.01,
            "account_receivable_turnover_ratio": 10.24,
            "reinvestment_rate": -0.31,
            "research_to_sale_ratio": null,
            "price_fair": 78.18,
            "eps_avg_yearly": 2.23,
            "eps_latest_yearly": 3.68,
            "eps_growth_yearly": 627.07
        },
        "20212": {
            "year_quarter": 20212,
            "year": 2021,
            "quarter": 2,
            "eps": -0.08,
            "eps_growth_year": -127.59,
            "eps_4q": 0.89,
            "eps_4q_growth_year": -65.24,
            "roe": -0.6,
            "roe_4q": 6.75,
            "gross_profit": 980,
            "gross_margin": 100,
            "gross_margin_4q_avg": 49.45,
            "net_income": -46373,
            "net_income_4q": null,
            "revenue": 980,
            "revenue_4q": null,
            "common_shares": 5596090,
            "book_valuer_per_share": 13.77,
            "book_valuer_per_share_4q_avg": 13.62,
            "equity": 7712870,
            "current_ratio": 229.23,
            "debt_ratio": 64.31,
            "inventory_turnover_ratio": 0,
            "account_receivable_turnover_ratio": 0.64,
            "reinvestment_rate": -0.32,
            "research_to_sale_ratio": null,
            "price_fair": 81.55,
            "eps_avg_yearly": 2.33,
            "eps_latest_yearly": 3.68,
            "eps_growth_yearly": 699.43
        },
        "20213": {
            "year_quarter": 20213,
            "year": 2021,
            "quarter": 3,
            "eps": 0.66,
            "eps_growth_year": 407.69,
            "eps_4q": 1.33,
            "eps_4q_growth_year": -43.55,
            "roe": 5.36,
            "roe_4q": 11.110000000000001,
            "gross_profit": 664954,
            "gross_margin": 33.49,
            "gross_margin_4q_avg": 51.05,
            "net_income": 422130,
            "net_income_4q": null,
            "revenue": 1985549,
            "revenue_4q": null,
            "common_shares": 6385197,
            "book_valuer_per_share": 12.58,
            "book_valuer_per_share_4q_avg": 13.52,
            "equity": 8050672,
            "current_ratio": 245.68,
            "debt_ratio": 63.05,
            "inventory_turnover_ratio": 0.07,
            "account_receivable_turnover_ratio": 31.26,
            "reinvestment_rate": -0.13,
            "research_to_sale_ratio": null,
            "price_fair": 80.95,
            "eps_avg_yearly": 2.31,
            "eps_latest_yearly": 3.68,
            "eps_growth_yearly": 714.53
        },
        "20214": {
            "year_quarter": 20214,
            "year": 2021,
            "quarter": 4,
            "eps": 0.65,
            "eps_growth_year": -29.27,
            "eps_4q": 1.18,
            "eps_4q_growth_year": -20.04,
            "roe": 5.03,
            "roe_4q": 9.31,
            "gross_profit": 629814,
            "gross_margin": 29.68,
            "gross_margin_4q_avg": 50.33,
            "net_income": 415652,
            "net_income_4q": null,
            "revenue": 2121688,
            "revenue_4q": null,
            "common_shares": 6398681,
            "book_valuer_per_share": 13.24,
            "book_valuer_per_share_4q_avg": 13.36,
            "equity": 8489281,
            "current_ratio": 243.94,
            "debt_ratio": 59.59,
            "inventory_turnover_ratio": 0.08,
            "account_receivable_turnover_ratio": 33.81,
            "reinvestment_rate": -0.13,
            "research_to_sale_ratio": null,
            "price_fair": 75.09,
            "eps_avg_yearly": 2.15,
            "eps_latest_yearly": 2.6,
            "eps_growth_yearly": 686.27
        },
        "20221": {
            "year_quarter": 20221,
            "year": 2022,
            "quarter": 1,
            "eps": -0.07,
            "eps_growth_year": null,
            "eps_4q": 1.16,
            "eps_4q_growth_year": -4.91,
            "roe": -0.49,
            "roe_4q": 9.3,
            "gross_profit": 278,
            "gross_margin": 11.72,
            "gross_margin_4q_avg": 43.72,
            "net_income": -41809,
            "net_income_4q": null,
            "revenue": 2372,
            "revenue_4q": null,
            "common_shares": 6410453,
            "book_valuer_per_share": 13.22,
            "book_valuer_per_share_4q_avg": 13.2,
            "equity": 8519472,
            "current_ratio": 224.09,
            "debt_ratio": 61.8,
            "inventory_turnover_ratio": 0,
            "account_receivable_turnover_ratio": 2.03,
            "reinvestment_rate": -0.12,
            "research_to_sale_ratio": null,
            "price_fair": 80.08,
            "eps_avg_yearly": 2.29,
            "eps_latest_yearly": 2.6,
            "eps_growth_yearly": 788.41
        },
        "20222": {
            "year_quarter": 20222,
            "year": 2022,
            "quarter": 2,
            "eps": 1.31,
            "eps_growth_year": null,
            "eps_4q": 2.23,
            "eps_4q_growth_year": 149.63,
            "roe": 9.48,
            "roe_4q": 19.38,
            "gross_profit": 1223061,
            "gross_margin": 38.63,
            "gross_margin_4q_avg": 28.38,
            "net_income": 842039,
            "net_income_4q": null,
            "revenue": 3165826,
            "revenue_4q": null,
            "common_shares": 6446658,
            "book_valuer_per_share": 14.32,
            "book_valuer_per_share_4q_avg": 13.34,
            "equity": 9237855,
            "current_ratio": 260.32,
            "debt_ratio": 56.38,
            "inventory_turnover_ratio": 0.1,
            "account_receivable_turnover_ratio": 2563.42,
            "reinvestment_rate": -0.11,
            "research_to_sale_ratio": null,
            "price_fair": 88.36,
            "eps_avg_yearly": 2.52,
            "eps_latest_yearly": 2.6,
            "eps_growth_yearly": 910.58
        },
        "20223": {
            "year_quarter": 20223,
            "year": 2022,
            "quarter": 3,
            "eps": 1,
            "eps_growth_year": 51.52,
            "eps_4q": 2.65,
            "eps_4q_growth_year": 99.32,
            "roe": 7.62,
            "roe_4q": 21.640000000000004,
            "gross_profit": 1045989,
            "gross_margin": 33.79,
            "gross_margin_4q_avg": 28.46,
            "net_income": 731952,
            "net_income_4q": null,
            "revenue": 3095753,
            "revenue_4q": null,
            "common_shares": 7346443,
            "book_valuer_per_share": 13.57,
            "book_valuer_per_share_4q_avg": 13.59,
            "equity": 9977084,
            "current_ratio": 303.49,
            "debt_ratio": 50.7,
            "inventory_turnover_ratio": 0.11,
            "account_receivable_turnover_ratio": 1799.86,
            "reinvestment_rate": -0.09,
            "research_to_sale_ratio": null,
            "price_fair": 102.82,
            "eps_avg_yearly": 2.94,
            "eps_latest_yearly": 4,
            "eps_growth_yearly": 866.73
        },
        "20224": {
            "year_quarter": 20224,
            "year": 2022,
            "quarter": 4,
            "eps": -0.04,
            "eps_growth_year": -105.61,
            "eps_4q": 2.05,
            "eps_4q_growth_year": 73.99,
            "roe": -0.27,
            "roe_4q": 16.34,
            "gross_profit": -3328,
            "gross_margin": null,
            "gross_margin_4q_avg": 21.04,
            "net_income": -26772,
            "net_income_4q": null,
            "revenue": 0,
            "revenue_4q": null,
            "common_shares": 7350407,
            "book_valuer_per_share": 13.54,
            "book_valuer_per_share_4q_avg": 13.66,
            "equity": 9960801,
            "current_ratio": 262.94,
            "debt_ratio": 52.48,
            "inventory_turnover_ratio": 0,
            "account_receivable_turnover_ratio": 0,
            "reinvestment_rate": -0.1,
            "research_to_sale_ratio": null,
            "price_fair": 101.15,
            "eps_avg_yearly": 2.89,
            "eps_latest_yearly": 4,
            "eps_growth_yearly": 432.21
        },
        "20231": {
            "year_quarter": 20231,
            "year": 2023,
            "quarter": 1,
            "eps": 0.64,
            "eps_growth_year": null,
            "eps_4q": 2.74,
            "eps_4q_growth_year": 135.59,
            "roe": 4.62,
            "roe_4q": 21.45,
            "gross_profit": 724700,
            "gross_margin": 39.54,
            "gross_margin_4q_avg": 27.99,
            "net_income": 472166,
            "net_income_4q": null,
            "revenue": 1832993,
            "revenue_4q": null,
            "common_shares": 7356366,
            "book_valuer_per_share": 14.19,
            "book_valuer_per_share_4q_avg": 13.91,
            "equity": 10459927,
            "current_ratio": 282.57,
            "debt_ratio": 50.71,
            "inventory_turnover_ratio": 0.06,
            "account_receivable_turnover_ratio": 153.5,
            "reinvestment_rate": -0.1,
            "research_to_sale_ratio": null,
            "price_fair": 101.15,
            "eps_avg_yearly": 2.89,
            "eps_latest_yearly": 4,
            "eps_growth_yearly": 432.21
        },
        "20232": {
            "year_quarter": 20232,
            "year": 2023,
            "quarter": 2,
            "eps": -0.04,
            "eps_growth_year": -103.05,
            "eps_4q": 1.34,
            "eps_4q_growth_year": -39.69,
            "roe": -0.26,
            "roe_4q": 11.71,
            "gross_profit": 167134,
            "gross_margin": 40.79,
            "gross_margin_4q_avg": 28.53,
            "net_income": -26759,
            "net_income_4q": null,
            "revenue": 409718,
            "revenue_4q": null,
            "common_shares": 7371576,
            "book_valuer_per_share": 13.96,
            "book_valuer_per_share_4q_avg": 13.82,
            "equity": 10299422,
            "current_ratio": 239.15,
            "debt_ratio": 53.83,
            "inventory_turnover_ratio": 0.01,
            "account_receivable_turnover_ratio": 479.2,
            "reinvestment_rate": -0.11,
            "research_to_sale_ratio": null,
            "price_fair": 101.15,
            "eps_avg_yearly": 2.89,
            "eps_latest_yearly": 4,
            "eps_growth_yearly": 432.21
        },
        "20233": {
            "year_quarter": 20233,
            "year": 2023,
            "quarter": 3,
            "eps": 0.69,
            "eps_growth_year": -31,
            "eps_4q": 1.18,
            "eps_4q_growth_year": -55.47,
            "roe": 5.59,
            "roe_4q": 9.68,
            "gross_profit": 961065,
            "gross_margin": 41.76,
            "gross_margin_4q_avg": 30.52,
            "net_income": 592767,
            "net_income_4q": null,
            "revenue": 2301299,
            "revenue_4q": null,
            "common_shares": 8571139,
            "book_valuer_per_share": 12.74,
            "book_valuer_per_share_4q_avg": 13.61,
            "equity": 10918286,
            "current_ratio": 226.28,
            "debt_ratio": 52.73,
            "inventory_turnover_ratio": 0.07,
            "account_receivable_turnover_ratio": 48.11,
            "reinvestment_rate": -0.1,
            "research_to_sale_ratio": null,
            "price_fair": 107.6,
            "eps_avg_yearly": 3.07,
            "eps_latest_yearly": 4,
            "eps_growth_yearly": 521.03
        }
    },
    "months": {
        "2001-06": {
            "month": "2001-06",
            "price": "1.73",
            "revenue": 103045
        },
        "2001-07": {
            "month": "2001-07",
            "price": "1.46",
            "revenue": 23175
        },
        "2001-08": {
            "month": "2001-08",
            "price": "2.06",
            "revenue": 25655
        },
        "2001-09": {
            "month": "2001-09",
            "price": "2.02",
            "revenue": 50653
        },
        "2001-10": {
            "month": "2001-10",
            "price": "1.50",
            "revenue": 14355
        },
        "2001-11": {
            "month": "2001-11",
            "price": "1.35",
            "revenue": 37567
        },
        "2001-12": {
            "month": "2001-12",
            "price": "1.54",
            "revenue": 34804
        },
        "2002-01": {
            "month": "2002-01",
            "price": "1.97",
            "revenue": 8213
        },
        "2002-02": {
            "month": "2002-02",
            "price": "2.05",
            "revenue": 11547
        },
        "2002-03": {
            "month": "2002-03",
            "price": "2.14",
            "revenue": 11297
        },
        "2002-04": {
            "month": "2002-04",
            "price": "4.11",
            "revenue": 2308
        },
        "2002-05": {
            "month": "2002-05",
            "price": "2.75",
            "revenue": 4005
        },
        "2002-06": {
            "month": "2002-06",
            "price": "1.92",
            "revenue": 25614
        },
        "2002-07": {
            "month": "2002-07",
            "price": "2.25",
            "revenue": 12131
        },
        "2002-08": {
            "month": "2002-08",
            "price": "2.20",
            "revenue": 5860
        },
        "2002-09": {
            "month": "2002-09",
            "price": "2.01",
            "revenue": 11538
        },
        "2002-10": {
            "month": "2002-10",
            "price": "1.38",
            "revenue": 712
        },
        "2002-11": {
            "month": "2002-11",
            "price": "1.43",
            "revenue": 7480
        },
        "2002-12": {
            "month": "2002-12",
            "price": "1.38",
            "revenue": 19270
        },
        "2003-01": {
            "month": "2003-01",
            "price": "1.28",
            "revenue": 0
        },
        "2003-02": {
            "month": "2003-02",
            "price": "3.77",
            "revenue": 301
        },
        "2003-03": {
            "month": "2003-03",
            "price": "3.71",
            "revenue": 252
        },
        "2003-04": {
            "month": "2003-04",
            "price": "3.81",
            "revenue": 463
        },
        "2003-05": {
            "month": "2003-05",
            "price": "3.16",
            "revenue": 1831
        },
        "2003-06": {
            "month": "2003-06",
            "price": "3.39",
            "revenue": 858
        },
        "2003-07": {
            "month": "2003-07",
            "price": "3.31",
            "revenue": 4166
        },
        "2003-08": {
            "month": "2003-08",
            "price": "3.30",
            "revenue": 348
        },
        "2003-09": {
            "month": "2003-09",
            "price": "3.04",
            "revenue": 252
        },
        "2003-10": {
            "month": "2003-10",
            "price": "3.44",
            "revenue": 2322
        },
        "2003-11": {
            "month": "2003-11",
            "price": "3.29",
            "revenue": 252
        },
        "2003-12": {
            "month": "2003-12",
            "price": "3.20",
            "revenue": 38
        },
        "2004-01": {
            "month": "2004-01",
            "price": "13.42",
            "revenue": 778
        },
        "2004-02": {
            "month": "2004-02",
            "price": "16.70",
            "revenue": 1840
        },
        "2004-03": {
            "month": "2004-03",
            "price": "19.74",
            "revenue": 6063
        },
        "2004-04": {
            "month": "2004-04",
            "price": "23.65",
            "revenue": 13323
        },
        "2004-05": {
            "month": "2004-05",
            "price": "19.82",
            "revenue": 13618
        },
        "2004-06": {
            "month": "2004-06",
            "price": "19.82",
            "revenue": 43609
        },
        "2004-07": {
            "month": "2004-07",
            "price": "18.89",
            "revenue": 6662
        },
        "2004-08": {
            "month": "2004-08",
            "price": "17.58",
            "revenue": 16724
        },
        "2004-09": {
            "month": "2004-09",
            "price": "20.38",
            "revenue": 53605
        },
        "2004-10": {
            "month": "2004-10",
            "price": "20.58",
            "revenue": 274
        },
        "2004-11": {
            "month": "2004-11",
            "price": "18.85",
            "revenue": 268
        },
        "2004-12": {
            "month": "2004-12",
            "price": "18.73",
            "revenue": 249
        },
        "2005-01": {
            "month": "2005-01",
            "price": "18.40",
            "revenue": 737
        },
        "2005-02": {
            "month": "2005-02",
            "price": "17.93",
            "revenue": 301
        },
        "2005-03": {
            "month": "2005-03",
            "price": "14.85",
            "revenue": 450256
        },
        "2005-04": {
            "month": "2005-04",
            "price": "11.68",
            "revenue": 690139
        },
        "2005-05": {
            "month": "2005-05",
            "price": "7.04",
            "revenue": 274
        },
        "2005-06": {
            "month": "2005-06",
            "price": "5.53",
            "revenue": 352
        },
        "2005-07": {
            "month": "2005-07",
            "price": "7.08",
            "revenue": 338
        },
        "2005-08": {
            "month": "2005-08",
            "price": "6.26",
            "revenue": 330
        },
        "2005-09": {
            "month": "2005-09",
            "price": "5.83",
            "revenue": 339
        },
        "2005-10": {
            "month": "2005-10",
            "price": "5.35",
            "revenue": 319
        },
        "2005-11": {
            "month": "2005-11",
            "price": "4.50",
            "revenue": 340
        },
        "2005-12": {
            "month": "2005-12",
            "price": "4.25",
            "revenue": 330
        },
        "2006-01": {
            "month": "2006-01",
            "price": "5.41",
            "revenue": 330
        },
        "2006-02": {
            "month": "2006-02",
            "price": "4.24",
            "revenue": 329
        },
        "2006-03": {
            "month": "2006-03",
            "price": "3.64",
            "revenue": 330
        },
        "2006-04": {
            "month": "2006-04",
            "price": "3.29",
            "revenue": 322
        },
        "2006-05": {
            "month": "2006-05",
            "price": "4.55",
            "revenue": 322
        },
        "2006-06": {
            "month": "2006-06",
            "price": "4.93",
            "revenue": 1255
        },
        "2006-07": {
            "month": "2006-07",
            "price": "4.47",
            "revenue": 322
        },
        "2006-08": {
            "month": "2006-08",
            "price": "4.13",
            "revenue": 322
        },
        "2006-09": {
            "month": "2006-09",
            "price": "4.43",
            "revenue": 1320
        },
        "2006-10": {
            "month": "2006-10",
            "price": "4.19",
            "revenue": 679
        },
        "2006-11": {
            "month": "2006-11",
            "price": "5.08",
            "revenue": 672
        },
        "2006-12": {
            "month": "2006-12",
            "price": "5.25",
            "revenue": 536
        },
        "2007-01": {
            "month": "2007-01",
            "price": "4.89",
            "revenue": 651
        },
        "2007-02": {
            "month": "2007-02",
            "price": "4.68",
            "revenue": 444
        },
        "2007-03": {
            "month": "2007-03",
            "price": "5.28",
            "revenue": 2359
        },
        "2007-04": {
            "month": "2007-04",
            "price": "4.14",
            "revenue": 216
        },
        "2007-05": {
            "month": "2007-05",
            "price": "5.09",
            "revenue": 218
        },
        "2007-06": {
            "month": "2007-06",
            "price": "5.03",
            "revenue": 218
        },
        "2007-07": {
            "month": "2007-07",
            "price": "4.14",
            "revenue": 157
        },
        "2007-08": {
            "month": "2007-08",
            "price": "6.37",
            "revenue": 316
        },
        "2007-09": {
            "month": "2007-09",
            "price": "6.99",
            "revenue": 321
        },
        "2007-10": {
            "month": "2007-10",
            "price": "5.79",
            "revenue": 322
        },
        "2007-11": {
            "month": "2007-11",
            "price": "4.26",
            "revenue": 316
        },
        "2007-12": {
            "month": "2007-12",
            "price": "3.49",
            "revenue": 11001
        },
        "2008-01": {
            "month": "2008-01",
            "price": "5.44",
            "revenue": 316
        },
        "2008-02": {
            "month": "2008-02",
            "price": "7.23",
            "revenue": 3706
        },
        "2008-03": {
            "month": "2008-03",
            "price": "16.98",
            "revenue": 29161
        },
        "2008-04": {
            "month": "2008-04",
            "price": "29.39",
            "revenue": 23206
        },
        "2008-07": {
            "month": "2008-07",
            "price": "25.00",
            "revenue": 13184
        },
        "2008-08": {
            "month": "2008-08",
            "price": "21.93",
            "revenue": 17306
        },
        "2008-09": {
            "month": "2008-09",
            "price": "17.40",
            "revenue": 8888
        },
        "2009-01": {
            "month": "2009-01",
            "price": "11.35",
            "revenue": 135008
        },
        "2009-02": {
            "month": "2009-02",
            "price": "10.34",
            "revenue": 24581
        },
        "2009-03": {
            "month": "2009-03",
            "price": "11.34",
            "revenue": 30189
        },
        "2009-04": {
            "month": "2009-04",
            "price": "18.81",
            "revenue": 29958
        },
        "2009-05": {
            "month": "2009-05",
            "price": "28.32",
            "revenue": 33909
        },
        "2009-06": {
            "month": "2009-06",
            "price": "22.47",
            "revenue": 34740
        },
        "2009-07": {
            "month": "2009-07",
            "price": "32.07",
            "revenue": 53384
        },
        "2009-08": {
            "month": "2009-08",
            "price": "28.28",
            "revenue": 36741
        },
        "2009-09": {
            "month": "2009-09",
            "price": "29.26",
            "revenue": 57611
        },
        "2009-10": {
            "month": "2009-10",
            "price": "28.13",
            "revenue": 73838
        },
        "2009-11": {
            "month": "2009-11",
            "price": "26.37",
            "revenue": 55596
        },
        "2009-12": {
            "month": "2009-12",
            "price": "25.80",
            "revenue": 108740
        },
        "2010-01": {
            "month": "2010-01",
            "price": "27.39",
            "revenue": 38365
        },
        "2010-02": {
            "month": "2010-02",
            "price": "25.82",
            "revenue": 33259
        },
        "2010-03": {
            "month": "2010-03",
            "price": "25.86",
            "revenue": 68711
        },
        "2010-04": {
            "month": "2010-04",
            "price": "26.21",
            "revenue": 138630
        },
        "2010-05": {
            "month": "2010-05",
            "price": "23.93",
            "revenue": 80508
        },
        "2010-06": {
            "month": "2010-06",
            "price": "24.17",
            "revenue": 81661
        },
        "2010-07": {
            "month": "2010-07",
            "price": "23.62",
            "revenue": 34188
        },
        "2010-08": {
            "month": "2010-08",
            "price": "22.73",
            "revenue": 45415
        },
        "2010-09": {
            "month": "2010-09",
            "price": "22.53",
            "revenue": 56472
        },
        "2010-10": {
            "month": "2010-10",
            "price": "22.77",
            "revenue": 39438
        },
        "2010-11": {
            "month": "2010-11",
            "price": "22.31",
            "revenue": 537482
        },
        "2010-12": {
            "month": "2010-12",
            "price": "23.42",
            "revenue": 227115
        },
        "2011-01": {
            "month": "2011-01",
            "price": "23.98",
            "revenue": 97682
        },
        "2011-02": {
            "month": "2011-02",
            "price": "23.24",
            "revenue": 4089
        },
        "2011-03": {
            "month": "2011-03",
            "price": "20.83",
            "revenue": 16307
        },
        "2011-04": {
            "month": "2011-04",
            "price": "21.90",
            "revenue": 1374
        },
        "2011-05": {
            "month": "2011-05",
            "price": "22.42",
            "revenue": 234
        },
        "2011-06": {
            "month": "2011-06",
            "price": "22.65",
            "revenue": 237
        },
        "2011-07": {
            "month": "2011-07",
            "price": "23.40",
            "revenue": 234
        },
        "2011-08": {
            "month": "2011-08",
            "price": "22.51",
            "revenue": 235
        },
        "2011-09": {
            "month": "2011-09",
            "price": "21.10",
            "revenue": 633869
        },
        "2011-10": {
            "month": "2011-10",
            "price": "19.91",
            "revenue": 100199
        },
        "2011-11": {
            "month": "2011-11",
            "price": "19.45",
            "revenue": 151537
        },
        "2011-12": {
            "month": "2011-12",
            "price": "18.94",
            "revenue": 131784
        },
        "2012-01": {
            "month": "2012-01",
            "price": "18.45",
            "revenue": 2057
        },
        "2012-02": {
            "month": "2012-02",
            "price": "17.97",
            "revenue": 11965
        },
        "2012-03": {
            "month": "2012-03",
            "price": "19.04",
            "revenue": 129963
        },
        "2012-04": {
            "month": "2012-04",
            "price": "20.78",
            "revenue": -571
        },
        "2012-05": {
            "month": "2012-05",
            "price": "20.13",
            "revenue": -373
        },
        "2012-06": {
            "month": "2012-06",
            "price": "20.09",
            "revenue": 238
        },
        "2012-07": {
            "month": "2012-07",
            "price": "19.74",
            "revenue": 235
        },
        "2012-08": {
            "month": "2012-08",
            "price": "18.90",
            "revenue": 270
        },
        "2012-09": {
            "month": "2012-09",
            "price": "19.61",
            "revenue": 465829
        },
        "2012-10": {
            "month": "2012-10",
            "price": "19.65",
            "revenue": 17973
        },
        "2012-11": {
            "month": "2012-11",
            "price": "19.62",
            "revenue": 244
        },
        "2012-12": {
            "month": "2012-12",
            "price": "20.17",
            "revenue": 262
        },
        "2013-01": {
            "month": "2013-01",
            "price": "20.67",
            "revenue": 250
        },
        "2013-02": {
            "month": "2013-02",
            "price": "20.53",
            "revenue": 270
        },
        "2013-03": {
            "month": "2013-03",
            "price": "20.50",
            "revenue": 261
        },
        "2013-04": {
            "month": "2013-04",
            "price": "23.48",
            "revenue": 261
        },
        "2013-05": {
            "month": "2013-05",
            "price": "26.85",
            "revenue": 805622
        },
        "2013-06": {
            "month": "2013-06",
            "price": "28.19",
            "revenue": 150039
        },
        "2013-07": {
            "month": "2013-07",
            "price": "29.14",
            "revenue": 249
        },
        "2013-08": {
            "month": "2013-08",
            "price": "29.06",
            "revenue": 261
        },
        "2013-09": {
            "month": "2013-09",
            "price": "29.66",
            "revenue": 280
        },
        "2013-10": {
            "month": "2013-10",
            "price": "29.26",
            "revenue": 280
        },
        "2013-11": {
            "month": "2013-11",
            "price": "29.38",
            "revenue": 280
        },
        "2013-12": {
            "month": "2013-12",
            "price": "30.00",
            "revenue": 2162470
        },
        "2014-01": {
            "month": "2014-01",
            "price": "35.73",
            "revenue": 68326
        },
        "2014-02": {
            "month": "2014-02",
            "price": "35.50",
            "revenue": 91279
        },
        "2014-03": {
            "month": "2014-03",
            "price": "37.33",
            "revenue": 131
        },
        "2014-04": {
            "month": "2014-04",
            "price": "39.38",
            "revenue": 912496
        },
        "2014-05": {
            "month": "2014-05",
            "price": "39.04",
            "revenue": 323912
        },
        "2014-06": {
            "month": "2014-06",
            "price": "39.07",
            "revenue": 501623
        },
        "2014-07": {
            "month": "2014-07",
            "price": "39.92",
            "revenue": 247081
        },
        "2014-08": {
            "month": "2014-08",
            "price": "35.83",
            "revenue": 570616
        },
        "2014-09": {
            "month": "2014-09",
            "price": "35.57",
            "revenue": 309288
        },
        "2014-10": {
            "month": "2014-10",
            "price": "33.65",
            "revenue": 112953
        },
        "2014-11": {
            "month": "2014-11",
            "price": "32.57",
            "revenue": 314223
        },
        "2014-12": {
            "month": "2014-12",
            "price": "32.69",
            "revenue": 254454
        },
        "2015-01": {
            "month": "2015-01",
            "price": "32.61",
            "revenue": 42170
        },
        "2015-02": {
            "month": "2015-02",
            "price": "32.85",
            "revenue": 26274
        },
        "2015-03": {
            "month": "2015-03",
            "price": "34.84",
            "revenue": 32630
        },
        "2015-04": {
            "month": "2015-04",
            "price": "37.68",
            "revenue": 1402952
        },
        "2015-05": {
            "month": "2015-05",
            "price": "38.51",
            "revenue": 370044
        },
        "2015-06": {
            "month": "2015-06",
            "price": "36.57",
            "revenue": 70989
        },
        "2015-07": {
            "month": "2015-07",
            "price": "34.96",
            "revenue": 12945
        },
        "2015-08": {
            "month": "2015-08",
            "price": "26.35",
            "revenue": 30864
        },
        "2015-09": {
            "month": "2015-09",
            "price": "24.55",
            "revenue": 20649
        },
        "2015-10": {
            "month": "2015-10",
            "price": "23.46",
            "revenue": 448
        },
        "2015-11": {
            "month": "2015-11",
            "price": "23.74",
            "revenue": 3406
        },
        "2015-12": {
            "month": "2015-12",
            "price": "24.00",
            "revenue": 1332763
        },
        "2016-01": {
            "month": "2016-01",
            "price": "24.39",
            "revenue": 421268
        },
        "2016-02": {
            "month": "2016-02",
            "price": "24.65",
            "revenue": 22834
        },
        "2016-03": {
            "month": "2016-03",
            "price": "25.87",
            "revenue": 26980
        },
        "2016-04": {
            "month": "2016-04",
            "price": "29.36",
            "revenue": 23853
        },
        "2016-05": {
            "month": "2016-05",
            "price": "28.78",
            "revenue": 42711
        },
        "2016-06": {
            "month": "2016-06",
            "price": "29.22",
            "revenue": 422
        },
        "2016-07": {
            "month": "2016-07",
            "price": "29.73",
            "revenue": 8473
        },
        "2016-08": {
            "month": "2016-08",
            "price": "25.76",
            "revenue": 425
        },
        "2016-09": {
            "month": "2016-09",
            "price": "25.09",
            "revenue": 17417
        },
        "2016-10": {
            "month": "2016-10",
            "price": "24.99",
            "revenue": 216
        },
        "2016-11": {
            "month": "2016-11",
            "price": "24.78",
            "revenue": 1026315
        },
        "2016-12": {
            "month": "2016-12",
            "price": "25.04",
            "revenue": 1752074
        },
        "2017-01": {
            "month": "2017-01",
            "price": "25.29",
            "revenue": 470031
        },
        "2017-02": {
            "month": "2017-02",
            "price": "27.35",
            "revenue": 142506
        },
        "2017-03": {
            "month": "2017-03",
            "price": "27.86",
            "revenue": 201620
        },
        "2017-04": {
            "month": "2017-04",
            "price": "27.78",
            "revenue": 119104
        },
        "2017-05": {
            "month": "2017-05",
            "price": "28.03",
            "revenue": 140601
        },
        "2017-06": {
            "month": "2017-06",
            "price": "28.62",
            "revenue": 70864
        },
        "2017-07": {
            "month": "2017-07",
            "price": "29.46",
            "revenue": 414884
        },
        "2017-08": {
            "month": "2017-08",
            "price": "27.64",
            "revenue": 835362
        },
        "2017-09": {
            "month": "2017-09",
            "price": "27.31",
            "revenue": 41465
        },
        "2017-10": {
            "month": "2017-10",
            "price": "27.86",
            "revenue": 13226
        },
        "2017-11": {
            "month": "2017-11",
            "price": "28.54",
            "revenue": 1362299
        },
        "2017-12": {
            "month": "2017-12",
            "price": "28.46",
            "revenue": 369385
        },
        "2018-01": {
            "month": "2018-01",
            "price": "28.30",
            "revenue": 356013
        },
        "2018-02": {
            "month": "2018-02",
            "price": "28.16",
            "revenue": 49
        },
        "2018-03": {
            "month": "2018-03",
            "price": "28.47",
            "revenue": 10473
        },
        "2018-04": {
            "month": "2018-04",
            "price": "29.05",
            "revenue": 73
        },
        "2018-05": {
            "month": "2018-05",
            "price": "29.44",
            "revenue": 73
        },
        "2018-06": {
            "month": "2018-06",
            "price": "29.46",
            "revenue": 634454
        },
        "2018-07": {
            "month": "2018-07",
            "price": "29.69",
            "revenue": 410032
        },
        "2018-08": {
            "month": "2018-08",
            "price": "29.97",
            "revenue": 169291
        },
        "2018-09": {
            "month": "2018-09",
            "price": "28.44",
            "revenue": 48083
        },
        "2018-10": {
            "month": "2018-10",
            "price": "27.41",
            "revenue": 1078883
        },
        "2018-11": {
            "month": "2018-11",
            "price": "27.20",
            "revenue": 273233
        },
        "2018-12": {
            "month": "2018-12",
            "price": "27.11",
            "revenue": 811445
        },
        "2019-01": {
            "month": "2019-01",
            "price": "26.94",
            "revenue": 60528
        },
        "2019-02": {
            "month": "2019-02",
            "price": "27.44",
            "revenue": 37192
        },
        "2019-03": {
            "month": "2019-03",
            "price": "28.20",
            "revenue": 82670
        },
        "2019-04": {
            "month": "2019-04",
            "price": "29.07",
            "revenue": 959824
        },
        "2019-05": {
            "month": "2019-05",
            "price": "29.42",
            "revenue": 327899
        },
        "2019-06": {
            "month": "2019-06",
            "price": "30.01",
            "revenue": 183800
        },
        "2019-07": {
            "month": "2019-07",
            "price": "30.30",
            "revenue": 485938
        },
        "2019-08": {
            "month": "2019-08",
            "price": "28.73",
            "revenue": 74517
        },
        "2019-09": {
            "month": "2019-09",
            "price": "29.20",
            "revenue": 656827
        },
        "2019-10": {
            "month": "2019-10",
            "price": "29.12",
            "revenue": 568195
        },
        "2019-11": {
            "month": "2019-11",
            "price": "29.25",
            "revenue": 49071
        },
        "2019-12": {
            "month": "2019-12",
            "price": "29.42",
            "revenue": 3944653
        },
        "2020-01": {
            "month": "2020-01",
            "price": "29.93",
            "revenue": 342160
        },
        "2020-02": {
            "month": "2020-02",
            "price": "29.97",
            "revenue": 337298
        },
        "2020-03": {
            "month": "2020-03",
            "price": "30.14",
            "revenue": 24785
        },
        "2020-04": {
            "month": "2020-04",
            "price": "32.94",
            "revenue": 689502
        },
        "2020-05": {
            "month": "2020-05",
            "price": "33.96",
            "revenue": 12159
        },
        "2020-06": {
            "month": "2020-06",
            "price": "34.28",
            "revenue": 32552
        },
        "2020-07": {
            "month": "2020-07",
            "price": "34.56",
            "revenue": 698940
        },
        "2020-08": {
            "month": "2020-08",
            "price": "33.77",
            "revenue": 238
        },
        "2020-09": {
            "month": "2020-09",
            "price": "30.94",
            "revenue": 19249
        },
        "2020-10": {
            "month": "2020-10",
            "price": "30.25",
            "revenue": 515222
        },
        "2020-11": {
            "month": "2020-11",
            "price": "30.71",
            "revenue": 49228
        },
        "2020-12": {
            "month": "2020-12",
            "price": "30.38",
            "revenue": 1895156
        },
        "2021-01": {
            "month": "2021-01",
            "price": "30.33",
            "revenue": 165651
        },
        "2021-02": {
            "month": "2021-02",
            "price": "30.61",
            "revenue": 214
        },
        "2021-03": {
            "month": "2021-03",
            "price": "32.28",
            "revenue": 234
        },
        "2021-04": {
            "month": "2021-04",
            "price": "32.87",
            "revenue": 263
        },
        "2021-05": {
            "month": "2021-05",
            "price": "31.50",
            "revenue": 191
        },
        "2021-06": {
            "month": "2021-06",
            "price": "31.65",
            "revenue": 190
        },
        "2021-07": {
            "month": "2021-07",
            "price": "32.38",
            "revenue": 190
        },
        "2021-08": {
            "month": "2021-08",
            "price": "32.52",
            "revenue": 190
        },
        "2021-09": {
            "month": "2021-09",
            "price": "33.30",
            "revenue": 1985169
        },
        "2021-10": {
            "month": "2021-10",
            "price": "31.20",
            "revenue": 31555
        },
        "2021-11": {
            "month": "2021-11",
            "price": "31.30",
            "revenue": 1785385
        },
        "2021-12": {
            "month": "2021-12",
            "price": "31.19",
            "revenue": 304748
        },
        "2022-01": {
            "month": "2022-01",
            "price": "30.82",
            "revenue": 0
        },
        "2022-02": {
            "month": "2022-02",
            "price": "30.80",
            "revenue": 2372
        },
        "2022-03": {
            "month": "2022-03",
            "price": "31.79",
            "revenue": 0
        },
        "2022-04": {
            "month": "2022-04",
            "price": "32.52",
            "revenue": 2562133
        },
        "2022-05": {
            "month": "2022-05",
            "price": "32.26",
            "revenue": 604021
        },
        "2022-06": {
            "month": "2022-06",
            "price": "32.75",
            "revenue": 0
        },
        "2022-07": {
            "month": "2022-07",
            "price": "32.53",
            "revenue": 732130
        },
        "2022-08": {
            "month": "2022-08",
            "price": "33.86",
            "revenue": 2364287
        },
        "2022-09": {
            "month": "2022-09",
            "price": "32.02",
            "revenue": 0
        },
        "2022-10": {
            "month": "2022-10",
            "price": "31.81",
            "revenue": 0
        },
        "2022-11": {
            "month": "2022-11",
            "price": "31.85",
            "revenue": 0
        },
        "2022-12": {
            "month": "2022-12",
            "price": "31.94",
            "revenue": 0
        },
        "2023-01": {
            "month": "2023-01",
            "price": "32.44",
            "revenue": 718315
        },
        "2023-02": {
            "month": "2023-02",
            "price": "33.94",
            "revenue": 496267
        },
        "2023-03": {
            "month": "2023-03",
            "price": "35.69",
            "revenue": 618411
        },
        "2023-04": {
            "month": "2023-04",
            "price": "37.38",
            "revenue": 223219
        },
        "2023-05": {
            "month": "2023-05",
            "price": "37.78",
            "revenue": 177596
        },
        "2023-06": {
            "month": "2023-06",
            "price": "40.39",
            "revenue": 8903
        },
        "2023-07": {
            "month": "2023-07",
            "price": "45.04",
            "revenue": 0
        },
        "2023-08": {
            "month": "2023-08",
            "price": "45.30",
            "revenue": 1614868
        },
        "2023-09": {
            "month": "2023-09",
            "price": "41.16",
            "revenue": 686431
        },
        "2023-10": {
            "month": "2023-10",
            "price": "42.42",
            "revenue": 0
        },
        "2023-11": {
            "month": "2023-11",
            "price": "47.05",
            "revenue": 0
        },
        "2023-12": {
            "month": "2023-12",
            "price": "48.97",
            "revenue": 2519237
        }
    }
}
