{
    "summary": {
        "stock_name": "愛山林",
        "stock_id": "2540",
        "category": "建材營造",
        "main_business": "(所營事業第32條)H701010住宅及大樓開發租售業.<br>(所營事業第35條)H703090不動產買賣業.<br>(所營事業第62條)H704041不動產代銷經紀業.",
        "website_url": "https://www.isanlin.com/",
        "ceo": "張境在",
        "pe_ratio": 43,
        "report_year_from": 2001,
        "report_year_to": 2023,
        "age": 22,
        "eps_negative_percentage": 48,
        "eps_growth_avg": {
            "last_all": 14.8,
            "last_2y": 14.57,
            "last_4y": 30.64,
            "last_8y": 27.56,
            "last_12y": 27.56,
            "last_16y": 14.8,
            "last_20y": 14.8,
            "at_2006_last_3y": null,
            "at_2007_last_3y": null,
            "at_2008_last_3y": null,
            "at_2009_last_3y": -100,
            "at_2010_last_3y": -100,
            "at_2011_last_3y": -100,
            "at_2012_last_3y": -100,
            "at_2013_last_3y": null,
            "at_2014_last_3y": 100,
            "at_2015_last_3y": 83.52,
            "at_2016_last_3y": 62.48,
            "at_2017_last_3y": 23.7,
            "at_2018_last_3y": 23.7,
            "at_2019_last_3y": 9.32,
            "at_2020_last_3y": 29.22,
            "at_2021_last_3y": 56.59,
            "at_2022_last_3y": 13.31,
            "at_2023_last_3y": 13.31,
            "at_2006_last_all": null,
            "at_2007_last_all": null,
            "at_2008_last_all": null,
            "at_2009_last_all": -100,
            "at_2010_last_all": -100,
            "at_2011_last_all": -100,
            "at_2012_last_all": -100,
            "at_2013_last_all": -100,
            "at_2014_last_all": 0,
            "at_2015_last_all": 22.35,
            "at_2016_last_all": 21.86,
            "at_2017_last_all": -1.04,
            "at_2018_last_all": 15.8,
            "at_2019_last_all": 14.9,
            "at_2020_last_all": 25.54,
            "at_2021_last_all": 24.57,
            "at_2022_last_all": 14.8,
            "at_2023_last_all": 14.8
        },
        "latest_eps": 1.8,
        "latest_price": 78.1,
        "latest_roe": 7.6,
        "latest_gross_margin": 34,
        "latest_equity": 8014324,
        "latest_revenue": 1498684,
        "latest_gross_profit": 509596,
        "latest_net_income": 138655,
        "latest_debt_ratio": 72.66,
        "latest_current_ratio": 140.17,
        "latest_account_receivable_turnover_ratio": 1.11,
        "latest_inventory_turnover_ratio": 0.06,
        "latest_reinvestment_rate": -15.5,
        "latest_research_to_sale_ratio": 0.67
    },
    "eps_dividends": {
        "1990": {
            "cash": 0,
            "stock": 1.5,
            "eps": 0
        },
        "1996": {
            "cash": 0,
            "stock": 3,
            "eps": 0
        },
        "1999": {
            "cash": 0,
            "stock": 1,
            "eps": 0
        },
        "2001": {
            "cash": 0,
            "stock": 0,
            "eps": -2.1
        },
        "2002": {
            "cash": 0,
            "stock": 0,
            "eps": -9.19
        },
        "2003": {
            "cash": 0,
            "stock": 0,
            "eps": -0.11
        },
        "2004": {
            "cash": 0,
            "stock": 0,
            "eps": -1.97
        },
        "2005": {
            "cash": 0,
            "stock": 0,
            "eps": -0.45
        },
        "2006": {
            "cash": 0,
            "stock": 0,
            "eps": -3.28
        },
        "2007": {
            "cash": 0,
            "stock": 0,
            "eps": -1.35
        },
        "2008": {
            "cash": 0,
            "stock": 0,
            "eps": 6.62
        },
        "2009": {
            "cash": 0,
            "stock": 0,
            "eps": -3.79
        },
        "2010": {
            "cash": 0,
            "stock": 0,
            "eps": -2.63
        },
        "2011": {
            "cash": 0,
            "stock": 0,
            "eps": -2.18
        },
        "2012": {
            "cash": 0,
            "stock": 0,
            "eps": -2.33
        },
        "2013": {
            "cash": 0,
            "stock": 0,
            "eps": 0.09
        },
        "2014": {
            "cash": 0,
            "stock": 0,
            "eps": 0.88
        },
        "2015": {
            "cash": 0,
            "stock": 0,
            "eps": 1.47
        },
        "2016": {
            "cash": 0,
            "stock": 0,
            "eps": 1.77
        },
        "2017": {
            "cash": 0,
            "stock": 0,
            "eps": 0.13
        },
        "2018": {
            "cash": 0,
            "stock": 0,
            "eps": 1.26
        },
        "2019": {
            "cash": 0,
            "stock": 0,
            "eps": 1.38
        },
        "2020": {
            "cash": 0,
            "stock": 0,
            "eps": 6.18
        },
        "2021": {
            "cash": 1,
            "stock": 1,
            "eps": 7.22
        },
        "2022": {
            "cash": 3.5,
            "stock": 6.5,
            "eps": 1.94
        },
        "2023": {
            "cash": 1.5,
            "stock": 3.5,
            "eps": 0.52
        }
    },
    "dividends": {
        "1990-04-20": {
            "cash": 0,
            "stock": 1.5
        },
        "1996-06-27": {
            "cash": 0,
            "stock": 3
        },
        "1999-08-26": {
            "cash": 0,
            "stock": 1
        },
        "2021-11-30": {
            "cash": 1,
            "stock": 1
        },
        "2022-10-21": {
            "cash": 3.5,
            "stock": 6.5
        },
        "2023-04-12": {
            "cash": 1.5,
            "stock": 3.5
        }
    },
    "prices": {
        "200101": "1.87",
        "200102": "2.72",
        "200103": "3.03",
        "200104": "2.15",
        "200105": "1.63",
        "200106": "1.31",
        "200107": "1.10",
        "200108": "1.25",
        "200109": "0.89",
        "200110": "0.41",
        "200111": "0.45",
        "200112": "0.56",
        "200201": "1.18",
        "200202": "1.92",
        "200203": "1.74",
        "200204": "2.83",
        "200205": "2.73",
        "200206": "2.62",
        "200207": "2.19",
        "200208": "1.70",
        "200209": "1.50",
        "200210": "1.41",
        "200211": "1.42",
        "200212": "1.50",
        "200301": "2.04",
        "200302": "1.96",
        "200303": "1.63",
        "200304": "1.81",
        "200305": "0.71",
        "200306": "0.57",
        "200307": "0.60",
        "200308": "1.20",
        "200309": "1.12",
        "200310": "1.22",
        "200311": "1.30",
        "200312": "1.16",
        "200401": "1.32",
        "200402": "2.18",
        "200403": "1.89",
        "200404": "1.52",
        "200405": "1.10",
        "200406": "0.84",
        "200407": "0.65",
        "200408": "0.59",
        "200409": "0.56",
        "200410": "0.57",
        "200411": "0.50",
        "200412": "0.46",
        "200501": "0.51",
        "200502": "3.96",
        "200503": "2.94",
        "200504": "2.68",
        "200505": "3.52",
        "200506": "4.09",
        "200507": "4.05",
        "200508": "3.57",
        "200509": "2.45",
        "200510": "1.83",
        "200511": "1.66",
        "200512": "1.82",
        "200601": "1.82",
        "200602": "2.04",
        "200603": "1.58",
        "200604": "1.44",
        "200605": "1.83",
        "200606": "1.88",
        "200607": "1.76",
        "200608": "1.66",
        "200609": "1.91",
        "200610": "3.04",
        "200611": "2.84",
        "200612": "3.55",
        "200701": "2.64",
        "200702": "2.57",
        "200703": "2.51",
        "200704": "2.46",
        "200705": "2.31",
        "200706": "2.15",
        "200707": "1.97",
        "200708": "1.78",
        "200709": "1.86",
        "200710": "1.81",
        "200711": "1.69",
        "200712": "1.47",
        "200801": "1.22",
        "200802": "1.14",
        "200803": "10.22",
        "200804": "9.84",
        "200805": "8.73",
        "200806": "9.04",
        "200807": "8.78",
        "200808": "7.33",
        "200809": "無",
        "200810": "無",
        "200811": "無",
        "200812": "無",
        "200901": "無",
        "200902": "7.13",
        "200903": "6.37",
        "200904": "4.61",
        "200905": "5.35",
        "200906": "6.58",
        "200907": "6.86",
        "200908": "7.49",
        "200909": "7.95",
        "200910": "6.57",
        "200911": "6.74",
        "200912": "7.34",
        "201001": "9.31",
        "201002": "10.32",
        "201003": "8.67",
        "201004": "8.42",
        "201005": "8.42",
        "201006": "8.46",
        "201007": "9.25",
        "201008": "7.97",
        "201009": "7.83",
        "201010": "7.74",
        "201011": "7.59",
        "201012": "8.10",
        "201101": "9.91",
        "201102": "9.35",
        "201103": "8.91",
        "201104": "無",
        "201105": "5.42",
        "201106": "6.48",
        "201107": "6.85",
        "201108": "無",
        "201109": "7.20",
        "201110": "7.20",
        "201111": "7.70",
        "201112": "無",
        "201201": "無",
        "201202": "6.19",
        "201203": "6.33",
        "201204": "無",
        "201205": "6.74",
        "201206": "6.18",
        "201207": "無",
        "201208": "無",
        "201209": "5.97",
        "201210": "5.97",
        "201211": "5.97",
        "201212": "5.80",
        "201301": "無",
        "201302": "無",
        "201303": "5.80",
        "201304": "8.63",
        "201305": "25.72",
        "201306": "32.23",
        "201307": "28.22",
        "201308": "21.75",
        "201309": "31.68",
        "201310": "31.23",
        "201311": "38.66",
        "201312": "58.37",
        "201401": "51.09",
        "201402": "66.10",
        "201403": "56.41",
        "201404": "62.70",
        "201405": "54.67",
        "201406": "47.47",
        "201407": "38.39",
        "201408": "36.26",
        "201409": "38.48",
        "201410": "38.23",
        "201411": "37.18",
        "201412": "38.16",
        "201501": "36.67",
        "201502": "36.46",
        "201503": "34.75",
        "201504": "36.11",
        "201505": "36.56",
        "201506": "34.83",
        "201507": "33.48",
        "201508": "32.81",
        "201509": "30.56",
        "201510": "29.60",
        "201511": "29.77",
        "201512": "32.36",
        "201601": "31.48",
        "201602": "29.58",
        "201603": "28.65",
        "201604": "28.60",
        "201605": "26.71",
        "201606": "26.85",
        "201607": "27.38",
        "201608": "24.48",
        "201609": "24.57",
        "201610": "26.00",
        "201611": "24.88",
        "201612": "24.43",
        "201701": "24.10",
        "201702": "24.48",
        "201703": "24.77",
        "201704": "24.03",
        "201705": "23.50",
        "201706": "27.21",
        "201707": "26.51",
        "201708": "24.10",
        "201709": "23.27",
        "201710": "22.33",
        "201711": "21.64",
        "201712": "21.39",
        "201801": "23.14",
        "201802": "23.48",
        "201803": "25.57",
        "201804": "29.91",
        "201805": "35.60",
        "201806": "30.97",
        "201807": "25.28",
        "201808": "25.07",
        "201809": "26.78",
        "201810": "25.34",
        "201811": "23.98",
        "201812": "25.99",
        "201901": "25.71",
        "201902": "24.86",
        "201903": "25.64",
        "201904": "24.84",
        "201905": "24.83",
        "201906": "24.78",
        "201907": "24.47",
        "201908": "23.25",
        "201909": "23.21",
        "201910": "23.23",
        "201911": "23.43",
        "201912": "23.94",
        "202001": "26.40",
        "202002": "24.67",
        "202003": "20.59",
        "202004": "22.57",
        "202005": "28.99",
        "202006": "33.43",
        "202007": "33.07",
        "202008": "39.41",
        "202009": "57.44",
        "202010": "60.34",
        "202011": "65.56",
        "202012": "70.71",
        "202101": "68.56",
        "202102": "67.55",
        "202103": "66.45",
        "202104": "74.52",
        "202105": "74.97",
        "202106": "71.68",
        "202107": "70.71",
        "202108": "75.46",
        "202109": "81.41",
        "202110": "83.38",
        "202111": "75.65",
        "202112": "72.89",
        "202201": "71.79",
        "202202": "80.43",
        "202203": "106.66",
        "202204": "122.34",
        "202205": "118.62",
        "202206": "123.57",
        "202207": "118.19",
        "202208": "121.91",
        "202209": "110.02",
        "202210": "90.65",
        "202211": "73.85",
        "202212": "72.85",
        "202301": "74.65",
        "202302": "78.19",
        "202303": "76.70",
        "202304": "76.36",
        "202305": "77.76",
        "202306": "80.70"
    },
    "quarters": {
        "20011": {
            "year_quarter": 20011,
            "year": 2001,
            "quarter": 1,
            "eps": -0.16,
            "eps_growth_year": null,
            "eps_4q": -2.96,
            "eps_4q_growth_year": null,
            "roe": -1.29,
            "roe_4q": -1.29,
            "gross_profit": 10979,
            "gross_margin": 7.69,
            "gross_margin_4q_avg": 7.69,
            "net_income": -60889,
            "revenue": 142765,
            "common_shares": 3800000,
            "book_valuer_per_share": 12.34,
            "book_valuer_per_share_4q_avg": 12.34,
            "equity": 4688809,
            "current_ratio": 321.76,
            "debt_ratio": 59.1,
            "inventory_turnover_ratio": 0.01,
            "account_receivable_turnover_ratio": null,
            "reinvestment_rate": null,
            "research_to_sale_ratio": null,
            "price_fair": 0,
            "eps_avg_yearly": 0,
            "eps_latest_yearly": 0,
            "eps_growth_yearly": 0
        },
        "20012": {
            "year_quarter": 20012,
            "year": 2001,
            "quarter": 2,
            "eps": -0.35,
            "eps_growth_year": null,
            "eps_4q": -2.69,
            "eps_4q_growth_year": null,
            "roe": -2.84,
            "roe_4q": -4.13,
            "gross_profit": 14762,
            "gross_margin": 14.36,
            "gross_margin_4q_avg": 11.03,
            "net_income": -131254,
            "revenue": 102827,
            "common_shares": 3800000,
            "book_valuer_per_share": 11.99,
            "book_valuer_per_share_4q_avg": 12.17,
            "equity": 4557526,
            "current_ratio": 842.5,
            "debt_ratio": 59.59,
            "inventory_turnover_ratio": 0.01,
            "account_receivable_turnover_ratio": null,
            "reinvestment_rate": null,
            "research_to_sale_ratio": null,
            "price_fair": 0,
            "eps_avg_yearly": 0,
            "eps_latest_yearly": 0,
            "eps_growth_yearly": 0
        },
        "20013": {
            "year_quarter": 20013,
            "year": 2001,
            "quarter": 3,
            "eps": -0.63,
            "eps_growth_year": null,
            "eps_4q": -2.44,
            "eps_4q_growth_year": null,
            "roe": -5.37,
            "roe_4q": -9.5,
            "gross_profit": -9153,
            "gross_margin": -9.75,
            "gross_margin_4q_avg": 4.1,
            "net_income": -238429,
            "revenue": 93907,
            "common_shares": 3800000,
            "book_valuer_per_share": 11.37,
            "book_valuer_per_share_4q_avg": 11.9,
            "equity": 4319097,
            "current_ratio": 857.55,
            "debt_ratio": 61.02,
            "inventory_turnover_ratio": 0.01,
            "account_receivable_turnover_ratio": null,
            "reinvestment_rate": null,
            "research_to_sale_ratio": null,
            "price_fair": 0,
            "eps_avg_yearly": 0,
            "eps_latest_yearly": 0,
            "eps_growth_yearly": 0
        },
        "20014": {
            "year_quarter": 20014,
            "year": 2001,
            "quarter": 4,
            "eps": -0.96,
            "eps_growth_year": null,
            "eps_4q": -2.09,
            "eps_4q_growth_year": null,
            "roe": -8.79,
            "roe_4q": -18.29,
            "gross_profit": -102785,
            "gross_margin": -132.33,
            "gross_margin_4q_avg": -30.01,
            "net_income": -363803,
            "revenue": 77676,
            "common_shares": 3800000,
            "book_valuer_per_share": 10.41,
            "book_valuer_per_share_4q_avg": 11.53,
            "equity": 3955294,
            "current_ratio": 129.89,
            "debt_ratio": 63.48,
            "inventory_turnover_ratio": 0.02,
            "account_receivable_turnover_ratio": null,
            "reinvestment_rate": null,
            "research_to_sale_ratio": null,
            "price_fair": 0,
            "eps_avg_yearly": 0,
            "eps_latest_yearly": 0,
            "eps_growth_yearly": 0
        },
        "20021": {
            "year_quarter": 20021,
            "year": 2002,
            "quarter": 1,
            "eps": -0.21,
            "eps_growth_year": null,
            "eps_4q": -2.13,
            "eps_4q_growth_year": null,
            "roe": -2.06,
            "roe_4q": -19.06,
            "gross_profit": -16256,
            "gross_margin": -89.43,
            "gross_margin_4q_avg": -54.29,
            "net_income": -80373,
            "revenue": 18177,
            "common_shares": 3800000,
            "book_valuer_per_share": 10.08,
            "book_valuer_per_share_4q_avg": 10.96,
            "equity": 3831439,
            "current_ratio": 128.61,
            "debt_ratio": 64.64,
            "inventory_turnover_ratio": 0,
            "account_receivable_turnover_ratio": null,
            "reinvestment_rate": null,
            "research_to_sale_ratio": null,
            "price_fair": 0,
            "eps_avg_yearly": 0,
            "eps_latest_yearly": 0,
            "eps_growth_yearly": 0
        },
        "20022": {
            "year_quarter": 20022,
            "year": 2002,
            "quarter": 2,
            "eps": -8.47,
            "eps_growth_year": null,
            "eps_4q": -10.25,
            "eps_4q_growth_year": null,
            "roe": -145.67,
            "roe_4q": -161.89,
            "gross_profit": -11783,
            "gross_margin": -47.49,
            "gross_margin_4q_avg": -69.75,
            "net_income": -3213760,
            "revenue": 24813,
            "common_shares": 3800000,
            "book_valuer_per_share": 1.53,
            "book_valuer_per_share_4q_avg": 8.35,
            "equity": 581071,
            "current_ratio": 92.64,
            "debt_ratio": 92.5,
            "inventory_turnover_ratio": 0,
            "account_receivable_turnover_ratio": null,
            "reinvestment_rate": null,
            "research_to_sale_ratio": null,
            "price_fair": 0,
            "eps_avg_yearly": 0,
            "eps_latest_yearly": 0,
            "eps_growth_yearly": 0
        },
        "20023": {
            "year_quarter": 20023,
            "year": 2002,
            "quarter": 3,
            "eps": -0.28,
            "eps_growth_year": null,
            "eps_4q": -9.9,
            "eps_4q_growth_year": null,
            "roe": -19.92,
            "roe_4q": -176.43999999999997,
            "gross_profit": -565,
            "gross_margin": -2.4,
            "gross_margin_4q_avg": -67.91,
            "net_income": -105036,
            "revenue": 23508,
            "common_shares": 3800000,
            "book_valuer_per_share": 1.25,
            "book_valuer_per_share_4q_avg": 5.82,
            "equity": 473650,
            "current_ratio": 91.56,
            "debt_ratio": 94.05,
            "inventory_turnover_ratio": 0,
            "account_receivable_turnover_ratio": null,
            "reinvestment_rate": null,
            "research_to_sale_ratio": null,
            "price_fair": 0,
            "eps_avg_yearly": 0,
            "eps_latest_yearly": 0,
            "eps_growth_yearly": 0
        },
        "20024": {
            "year_quarter": 20024,
            "year": 2002,
            "quarter": 4,
            "eps": -0.23,
            "eps_growth_year": null,
            "eps_4q": -9.19,
            "eps_4q_growth_year": null,
            "roe": -20.77,
            "roe_4q": -188.42,
            "gross_profit": 97344,
            "gross_margin": 10.98,
            "gross_margin_4q_avg": -32.09,
            "net_income": -86983,
            "revenue": 886282,
            "common_shares": 3800000,
            "book_valuer_per_share": 0.96,
            "book_valuer_per_share_4q_avg": 3.46,
            "equity": 363959,
            "current_ratio": 101.88,
            "debt_ratio": 93.94,
            "inventory_turnover_ratio": 0.15,
            "account_receivable_turnover_ratio": null,
            "reinvestment_rate": null,
            "research_to_sale_ratio": null,
            "price_fair": 0,
            "eps_avg_yearly": 0,
            "eps_latest_yearly": 0,
            "eps_growth_yearly": 0
        },
        "20031": {
            "year_quarter": 20031,
            "year": 2003,
            "quarter": 1,
            "eps": -0.25,
            "eps_growth_year": null,
            "eps_4q": -9.07,
            "eps_4q_growth_year": null,
            "roe": -31.06,
            "roe_4q": -217.42,
            "gross_profit": 473,
            "gross_margin": 4.21,
            "gross_margin_4q_avg": -8.68,
            "net_income": -96557,
            "revenue": 11225,
            "common_shares": 3800000,
            "book_valuer_per_share": 0.68,
            "book_valuer_per_share_4q_avg": 1.11,
            "equity": 257708,
            "current_ratio": 100.28,
            "debt_ratio": 94.73,
            "inventory_turnover_ratio": 0,
            "account_receivable_turnover_ratio": null,
            "reinvestment_rate": null,
            "research_to_sale_ratio": null,
            "price_fair": 0,
            "eps_avg_yearly": 0,
            "eps_latest_yearly": 0,
            "eps_growth_yearly": 0
        },
        "20032": {
            "year_quarter": 20032,
            "year": 2003,
            "quarter": 2,
            "eps": 1.53,
            "eps_growth_year": null,
            "eps_4q": 0.77,
            "eps_4q_growth_year": null,
            "roe": 103.49,
            "roe_4q": 31.739999999999995,
            "gross_profit": 1194,
            "gross_margin": 0.46,
            "gross_margin_4q_avg": 3.31,
            "net_income": 581032,
            "revenue": 257074,
            "common_shares": 3800000,
            "book_valuer_per_share": 2.28,
            "book_valuer_per_share_4q_avg": 1.29,
            "equity": 865181,
            "current_ratio": 118.53,
            "debt_ratio": 81.08,
            "inventory_turnover_ratio": 0.08,
            "account_receivable_turnover_ratio": null,
            "reinvestment_rate": null,
            "research_to_sale_ratio": null,
            "price_fair": 0,
            "eps_avg_yearly": 0,
            "eps_latest_yearly": 0,
            "eps_growth_yearly": 0
        },
        "20033": {
            "year_quarter": 20033,
            "year": 2003,
            "quarter": 3,
            "eps": -0.03,
            "eps_growth_year": null,
            "eps_4q": 1.01,
            "eps_4q_growth_year": null,
            "roe": -1.44,
            "roe_4q": 50.22,
            "gross_profit": -35109,
            "gross_margin": -34.14,
            "gross_margin_4q_avg": -4.62,
            "net_income": -12368,
            "revenue": 102852,
            "common_shares": 3800000,
            "book_valuer_per_share": 2.24,
            "book_valuer_per_share_4q_avg": 1.54,
            "equity": 852813,
            "current_ratio": 118.35,
            "debt_ratio": 81.16,
            "inventory_turnover_ratio": 0.04,
            "account_receivable_turnover_ratio": null,
            "reinvestment_rate": null,
            "research_to_sale_ratio": null,
            "price_fair": 0,
            "eps_avg_yearly": 0,
            "eps_latest_yearly": 0,
            "eps_growth_yearly": 0
        },
        "20034": {
            "year_quarter": 20034,
            "year": 2003,
            "quarter": 4,
            "eps": -1.36,
            "eps_growth_year": null,
            "eps_4q": -0.11,
            "eps_4q_growth_year": null,
            "roe": -86.5,
            "roe_4q": -15.510000000000002,
            "gross_profit": 1400,
            "gross_margin": 1.32,
            "gross_margin_4q_avg": -7.04,
            "net_income": -514965,
            "revenue": 106096,
            "common_shares": 3800000,
            "book_valuer_per_share": 0.89,
            "book_valuer_per_share_4q_avg": 1.52,
            "equity": 337848,
            "current_ratio": 105.27,
            "debt_ratio": 91.73,
            "inventory_turnover_ratio": 0.04,
            "account_receivable_turnover_ratio": null,
            "reinvestment_rate": null,
            "research_to_sale_ratio": null,
            "price_fair": 0,
            "eps_avg_yearly": 0,
            "eps_latest_yearly": 0,
            "eps_growth_yearly": 0
        },
        "20041": {
            "year_quarter": 20041,
            "year": 2004,
            "quarter": 1,
            "eps": -0.07,
            "eps_growth_year": null,
            "eps_4q": 0.07,
            "eps_4q_growth_year": null,
            "roe": -8.4,
            "roe_4q": 7.1499999999999915,
            "gross_profit": -14877,
            "gross_margin": -31.38,
            "gross_margin_4q_avg": -15.94,
            "net_income": -27238,
            "revenue": 47404,
            "common_shares": 3800000,
            "book_valuer_per_share": 0.82,
            "book_valuer_per_share_4q_avg": 1.56,
            "equity": 310610,
            "current_ratio": 105.35,
            "debt_ratio": 91.21,
            "inventory_turnover_ratio": 0.02,
            "account_receivable_turnover_ratio": null,
            "reinvestment_rate": null,
            "research_to_sale_ratio": null,
            "price_fair": 0,
            "eps_avg_yearly": 0,
            "eps_latest_yearly": 0,
            "eps_growth_yearly": 0
        },
        "20042": {
            "year_quarter": 20042,
            "year": 2004,
            "quarter": 2,
            "eps": -0.04,
            "eps_growth_year": -102.61,
            "eps_4q": -1.5,
            "eps_4q_growth_year": -295.33,
            "roe": -5.36,
            "roe_4q": -101.7,
            "gross_profit": -14766,
            "gross_margin": -48.87,
            "gross_margin_4q_avg": -28.27,
            "net_income": -16229,
            "revenue": 30216,
            "common_shares": 3794650,
            "book_valuer_per_share": 0.78,
            "book_valuer_per_share_4q_avg": 1.18,
            "equity": 294381,
            "current_ratio": 104.92,
            "debt_ratio": 91.49,
            "inventory_turnover_ratio": 0.02,
            "account_receivable_turnover_ratio": null,
            "reinvestment_rate": null,
            "research_to_sale_ratio": null,
            "price_fair": 0,
            "eps_avg_yearly": 0,
            "eps_latest_yearly": 0,
            "eps_growth_yearly": 0
        },
        "20043": {
            "year_quarter": 20043,
            "year": 2004,
            "quarter": 3,
            "eps": -0.04,
            "eps_growth_year": null,
            "eps_4q": -1.51,
            "eps_4q_growth_year": -249.18,
            "roe": -5.33,
            "roe_4q": -105.59,
            "gross_profit": 5199,
            "gross_margin": 23.85,
            "gross_margin_4q_avg": -13.77,
            "net_income": -15274,
            "revenue": 21801,
            "common_shares": 3794650,
            "book_valuer_per_share": 0.74,
            "book_valuer_per_share_4q_avg": 0.81,
            "equity": 279107,
            "current_ratio": 104.76,
            "debt_ratio": 91.86,
            "inventory_turnover_ratio": 0.01,
            "account_receivable_turnover_ratio": null,
            "reinvestment_rate": null,
            "research_to_sale_ratio": null,
            "price_fair": 0,
            "eps_avg_yearly": 0,
            "eps_latest_yearly": 0,
            "eps_growth_yearly": 0
        },
        "20044": {
            "year_quarter": 20044,
            "year": 2004,
            "quarter": 4,
            "eps": -1.82,
            "eps_growth_year": null,
            "eps_4q": -3.52,
            "eps_4q_growth_year": null,
            "roe": -25.4,
            "roe_4q": -44.489999999999995,
            "gross_profit": 1604,
            "gross_margin": 71.99,
            "gross_margin_4q_avg": 3.9,
            "net_income": -62904,
            "revenue": 2228,
            "common_shares": 346000,
            "book_valuer_per_share": 6.25,
            "book_valuer_per_share_4q_avg": 2.15,
            "equity": 216203,
            "current_ratio": 108.98,
            "debt_ratio": 93.67,
            "inventory_turnover_ratio": 0,
            "account_receivable_turnover_ratio": null,
            "reinvestment_rate": null,
            "research_to_sale_ratio": null,
            "price_fair": 0,
            "eps_avg_yearly": 0,
            "eps_latest_yearly": 0,
            "eps_growth_yearly": 0
        },
        "20051": {
            "year_quarter": 20051,
            "year": 2005,
            "quarter": 1,
            "eps": 0.3,
            "eps_growth_year": null,
            "eps_4q": -2.44,
            "eps_4q_growth_year": -3687.5,
            "roe": 4.67,
            "roe_4q": -31.419999999999995,
            "gross_profit": 1673,
            "gross_margin": 72.87,
            "gross_margin_4q_avg": 29.96,
            "net_income": 10338,
            "revenue": 2296,
            "common_shares": 346000,
            "book_valuer_per_share": 6.55,
            "book_valuer_per_share_4q_avg": 3.58,
            "equity": 226541,
            "current_ratio": 109.07,
            "debt_ratio": 92.95,
            "inventory_turnover_ratio": 0,
            "account_receivable_turnover_ratio": null,
            "reinvestment_rate": null,
            "research_to_sale_ratio": null,
            "price_fair": 0,
            "eps_avg_yearly": 0,
            "eps_latest_yearly": 0,
            "eps_growth_yearly": 0
        },
        "20052": {
            "year_quarter": 20052,
            "year": 2005,
            "quarter": 2,
            "eps": -0.38,
            "eps_growth_year": null,
            "eps_4q": -1.32,
            "eps_4q_growth_year": null,
            "roe": -7.16,
            "roe_4q": -33.22,
            "gross_profit": 1659,
            "gross_margin": 100,
            "gross_margin_4q_avg": 67.18,
            "net_income": -17555,
            "revenue": 1659,
            "common_shares": 646000,
            "book_valuer_per_share": 4.08,
            "book_valuer_per_share_4q_avg": 4.41,
            "equity": 263886,
            "current_ratio": 110.36,
            "debt_ratio": 91.91,
            "inventory_turnover_ratio": 0,
            "account_receivable_turnover_ratio": null,
            "reinvestment_rate": null,
            "research_to_sale_ratio": null,
            "price_fair": 0,
            "eps_avg_yearly": 0,
            "eps_latest_yearly": 0,
            "eps_growth_yearly": 0
        },
        "20053": {
            "year_quarter": 20053,
            "year": 2005,
            "quarter": 3,
            "eps": -0.29,
            "eps_growth_year": null,
            "eps_4q": -1.32,
            "eps_4q_growth_year": null,
            "roe": -5.85,
            "roe_4q": -33.739999999999995,
            "gross_profit": 1657,
            "gross_margin": 100,
            "gross_margin_4q_avg": 86.22,
            "net_income": -14992,
            "revenue": 1657,
            "common_shares": 646000,
            "book_valuer_per_share": 3.85,
            "book_valuer_per_share_4q_avg": 5.18,
            "equity": 248894,
            "current_ratio": 109.67,
            "debt_ratio": 92.36,
            "inventory_turnover_ratio": 0,
            "account_receivable_turnover_ratio": null,
            "reinvestment_rate": null,
            "research_to_sale_ratio": null,
            "price_fair": 0,
            "eps_avg_yearly": 0,
            "eps_latest_yearly": 0,
            "eps_growth_yearly": 0
        },
        "20054": {
            "year_quarter": 20054,
            "year": 2005,
            "quarter": 4,
            "eps": -0.08,
            "eps_growth_year": null,
            "eps_4q": -0.25,
            "eps_4q_growth_year": null,
            "roe": -1.34,
            "roe_4q": -9.68,
            "gross_profit": 1676,
            "gross_margin": 100,
            "gross_margin_4q_avg": 93.22,
            "net_income": -4461,
            "revenue": 1676,
            "common_shares": 646000,
            "book_valuer_per_share": 3.78,
            "book_valuer_per_share_4q_avg": 4.57,
            "equity": 415291,
            "current_ratio": 109.73,
            "debt_ratio": 87.32,
            "inventory_turnover_ratio": 0,
            "account_receivable_turnover_ratio": null,
            "reinvestment_rate": null,
            "research_to_sale_ratio": null,
            "price_fair": 0,
            "eps_avg_yearly": 0,
            "eps_latest_yearly": 0,
            "eps_growth_yearly": 0
        },
        "20061": {
            "year_quarter": 20061,
            "year": 2006,
            "quarter": 1,
            "eps": -0.2,
            "eps_growth_year": -166.67,
            "eps_4q": -0.77,
            "eps_4q_growth_year": null,
            "roe": -3.99,
            "roe_4q": -18.34,
            "gross_profit": 1469,
            "gross_margin": 88.65,
            "gross_margin_4q_avg": 97.16,
            "net_income": -12912,
            "revenue": 1657,
            "common_shares": 646000,
            "book_valuer_per_share": 3.58,
            "book_valuer_per_share_4q_avg": 3.82,
            "equity": 231521,
            "current_ratio": 81.08,
            "debt_ratio": 92.88,
            "inventory_turnover_ratio": 0,
            "account_receivable_turnover_ratio": null,
            "reinvestment_rate": null,
            "research_to_sale_ratio": null,
            "price_fair": 0,
            "eps_avg_yearly": 0,
            "eps_latest_yearly": 0,
            "eps_growth_yearly": 0
        },
        "20062": {
            "year_quarter": 20062,
            "year": 2006,
            "quarter": 2,
            "eps": -3,
            "eps_growth_year": null,
            "eps_4q": -3.5,
            "eps_4q_growth_year": null,
            "roe": -143.68,
            "roe_4q": -154.86,
            "gross_profit": 1342,
            "gross_margin": 78.39,
            "gross_margin_4q_avg": 91.76,
            "net_income": -193581,
            "revenue": 1712,
            "common_shares": 646000,
            "book_valuer_per_share": 0.59,
            "book_valuer_per_share_4q_avg": 2.95,
            "equity": 37940,
            "current_ratio": 22.82,
            "debt_ratio": 97.65,
            "inventory_turnover_ratio": 0,
            "account_receivable_turnover_ratio": null,
            "reinvestment_rate": null,
            "research_to_sale_ratio": null,
            "price_fair": 0,
            "eps_avg_yearly": 0,
            "eps_latest_yearly": 0,
            "eps_growth_yearly": 0
        },
        "20063": {
            "year_quarter": 20063,
            "year": 2006,
            "quarter": 3,
            "eps": -0.11,
            "eps_growth_year": null,
            "eps_4q": -3.37,
            "eps_4q_growth_year": null,
            "roe": -20.29,
            "roe_4q": -169.3,
            "gross_profit": 1482,
            "gross_margin": 85.17,
            "gross_margin_4q_avg": 88.05,
            "net_income": -6990,
            "revenue": 1740,
            "common_shares": 646000,
            "book_valuer_per_share": 0.48,
            "book_valuer_per_share_4q_avg": 2.11,
            "equity": 30950,
            "current_ratio": 38.56,
            "debt_ratio": 96.42,
            "inventory_turnover_ratio": 0,
            "account_receivable_turnover_ratio": null,
            "reinvestment_rate": null,
            "research_to_sale_ratio": null,
            "price_fair": 0,
            "eps_avg_yearly": 0,
            "eps_latest_yearly": 0,
            "eps_growth_yearly": 0
        },
        "20064": {
            "year_quarter": 20064,
            "year": 2006,
            "quarter": 4,
            "eps": 0.03,
            "eps_growth_year": null,
            "eps_4q": -3.55,
            "eps_4q_growth_year": null,
            "roe": 1.53,
            "roe_4q": -166.43,
            "gross_profit": 1531,
            "gross_margin": 87.99,
            "gross_margin_4q_avg": 85.05,
            "net_income": 1791,
            "revenue": 1740,
            "common_shares": 646000,
            "book_valuer_per_share": 0.51,
            "book_valuer_per_share_4q_avg": 1.29,
            "equity": 203683,
            "current_ratio": 72.23,
            "debt_ratio": 79.42,
            "inventory_turnover_ratio": 0,
            "account_receivable_turnover_ratio": null,
            "reinvestment_rate": null,
            "research_to_sale_ratio": null,
            "price_fair": 0,
            "eps_avg_yearly": 0,
            "eps_latest_yearly": 0,
            "eps_growth_yearly": 0
        },
        "20071": {
            "year_quarter": 20071,
            "year": 2007,
            "quarter": 1,
            "eps": -0.11,
            "eps_growth_year": null,
            "eps_4q": -3.12,
            "eps_4q_growth_year": null,
            "roe": -6.33,
            "roe_4q": -168.77,
            "gross_profit": 1552,
            "gross_margin": 89.2,
            "gross_margin_4q_avg": 85.19,
            "net_income": -7254,
            "revenue": 1740,
            "common_shares": 646000,
            "book_valuer_per_share": 0.39,
            "book_valuer_per_share_4q_avg": 0.49,
            "equity": 25487,
            "current_ratio": 60.22,
            "debt_ratio": 96.86,
            "inventory_turnover_ratio": 0,
            "account_receivable_turnover_ratio": null,
            "reinvestment_rate": null,
            "research_to_sale_ratio": null,
            "price_fair": 0,
            "eps_avg_yearly": 0,
            "eps_latest_yearly": 0,
            "eps_growth_yearly": 0
        },
        "20072": {
            "year_quarter": 20072,
            "year": 2007,
            "quarter": 2,
            "eps": -0.17,
            "eps_growth_year": null,
            "eps_4q": -0.36,
            "eps_4q_growth_year": null,
            "roe": -55.37,
            "roe_4q": -80.46,
            "gross_profit": 1360,
            "gross_margin": 75.64,
            "gross_margin_4q_avg": 84.5,
            "net_income": -11052,
            "revenue": 1798,
            "common_shares": 646000,
            "book_valuer_per_share": 0.22,
            "book_valuer_per_share_4q_avg": 0.4,
            "equity": 14435,
            "current_ratio": 54.48,
            "debt_ratio": 98.18,
            "inventory_turnover_ratio": 0,
            "account_receivable_turnover_ratio": null,
            "reinvestment_rate": null,
            "research_to_sale_ratio": null,
            "price_fair": 0,
            "eps_avg_yearly": 0,
            "eps_latest_yearly": 0,
            "eps_growth_yearly": 0
        },
        "20073": {
            "year_quarter": 20073,
            "year": 2007,
            "quarter": 3,
            "eps": 0.68,
            "eps_growth_year": null,
            "eps_4q": 0.43,
            "eps_4q_growth_year": null,
            "roe": 120.82,
            "roe_4q": 60.64999999999999,
            "gross_profit": 1639,
            "gross_margin": 89.71,
            "gross_margin_4q_avg": 85.64,
            "net_income": 44056,
            "revenue": 1827,
            "common_shares": 646000,
            "book_valuer_per_share": 0.91,
            "book_valuer_per_share_4q_avg": 0.51,
            "equity": 58491,
            "current_ratio": 131.92,
            "debt_ratio": 92.2,
            "inventory_turnover_ratio": 0,
            "account_receivable_turnover_ratio": null,
            "reinvestment_rate": null,
            "research_to_sale_ratio": null,
            "price_fair": 0,
            "eps_avg_yearly": 0,
            "eps_latest_yearly": 0,
            "eps_growth_yearly": 0
        },
        "20074": {
            "year_quarter": 20074,
            "year": 2007,
            "quarter": 4,
            "eps": -1.75,
            "eps_growth_year": -5933.33,
            "eps_4q": 1.92,
            "eps_4q_growth_year": null,
            "roe": -8.87,
            "roe_4q": 50.24999999999999,
            "gross_profit": 1633,
            "gross_margin": 89.43,
            "gross_margin_4q_avg": 86,
            "net_income": -12232,
            "revenue": 1826,
            "common_shares": 70000,
            "book_valuer_per_share": 6.61,
            "book_valuer_per_share_4q_avg": 2.03,
            "equity": 217264,
            "current_ratio": 108.78,
            "debt_ratio": 79.39,
            "inventory_turnover_ratio": 0,
            "account_receivable_turnover_ratio": null,
            "reinvestment_rate": null,
            "research_to_sale_ratio": null,
            "price_fair": 0,
            "eps_avg_yearly": 0,
            "eps_latest_yearly": 0,
            "eps_growth_yearly": 0
        },
        "20081": {
            "year_quarter": 20081,
            "year": 2008,
            "quarter": 1,
            "eps": -2.03,
            "eps_growth_year": null,
            "eps_4q": 0.94,
            "eps_4q_growth_year": null,
            "roe": -6.75,
            "roe_4q": 49.82999999999999,
            "gross_profit": 9813,
            "gross_margin": 7.46,
            "gross_margin_4q_avg": 65.56,
            "net_income": -14178,
            "revenue": 131554,
            "common_shares": 70000,
            "book_valuer_per_share": 4.58,
            "book_valuer_per_share_4q_avg": 3.08,
            "equity": 203086,
            "current_ratio": 107.54,
            "debt_ratio": 79.41,
            "inventory_turnover_ratio": 0.27,
            "account_receivable_turnover_ratio": null,
            "reinvestment_rate": null,
            "research_to_sale_ratio": null,
            "price_fair": 0,
            "eps_avg_yearly": 0,
            "eps_latest_yearly": 0,
            "eps_growth_yearly": 0
        },
        "20082": {
            "year_quarter": 20082,
            "year": 2008,
            "quarter": 2,
            "eps": -1.82,
            "eps_growth_year": null,
            "eps_4q": 0.7,
            "eps_4q_growth_year": null,
            "roe": -6.47,
            "roe_4q": 98.72999999999999,
            "gross_profit": 9947,
            "gross_margin": 7.01,
            "gross_margin_4q_avg": 48.4,
            "net_income": -12728,
            "revenue": 141920,
            "common_shares": 70000,
            "book_valuer_per_share": 2.76,
            "book_valuer_per_share_4q_avg": 3.72,
            "equity": 190357,
            "current_ratio": 107.79,
            "debt_ratio": 76.1,
            "inventory_turnover_ratio": 0.38,
            "account_receivable_turnover_ratio": null,
            "reinvestment_rate": null,
            "research_to_sale_ratio": null,
            "price_fair": 0,
            "eps_avg_yearly": 0,
            "eps_latest_yearly": 0,
            "eps_growth_yearly": 0
        },
        "20083": {
            "year_quarter": 20083,
            "year": 2008,
            "quarter": 3,
            "eps": 2.54,
            "eps_growth_year": 273.53,
            "eps_4q": -3.06,
            "eps_4q_growth_year": -818.79,
            "roe": 8.91,
            "roe_4q": -13.18,
            "gross_profit": 966,
            "gross_margin": 4.32,
            "gross_margin_4q_avg": 27.06,
            "net_income": 17762,
            "revenue": 22385,
            "common_shares": 70000,
            "book_valuer_per_share": 5.3,
            "book_valuer_per_share_4q_avg": 4.81,
            "equity": 208120,
            "current_ratio": 127.1,
            "debt_ratio": 74.67,
            "inventory_turnover_ratio": 0.08,
            "account_receivable_turnover_ratio": null,
            "reinvestment_rate": null,
            "research_to_sale_ratio": null,
            "price_fair": 0,
            "eps_avg_yearly": 0,
            "eps_latest_yearly": 0,
            "eps_growth_yearly": 0
        },
        "20084": {
            "year_quarter": 20084,
            "year": 2008,
            "quarter": 4,
            "eps": 7.93,
            "eps_growth_year": null,
            "eps_4q": 6.81,
            "eps_4q_growth_year": 254.6,
            "roe": 34.6,
            "roe_4q": 30.290000000000006,
            "gross_profit": -13476,
            "gross_margin": -135.29,
            "gross_margin_4q_avg": -29.13,
            "net_income": 54011,
            "revenue": 9961,
            "common_shares": 70000,
            "book_valuer_per_share": 14.33,
            "book_valuer_per_share_4q_avg": 6.74,
            "equity": 104089,
            "current_ratio": 111.47,
            "debt_ratio": 81.61,
            "inventory_turnover_ratio": 0.11,
            "account_receivable_turnover_ratio": 1.52,
            "reinvestment_rate": null,
            "research_to_sale_ratio": null,
            "price_fair": 1110.2,
            "eps_avg_yearly": 31.72,
            "eps_latest_yearly": 31.72,
            "eps_growth_yearly": 848.82
        },
        "20091": {
            "year_quarter": 20091,
            "year": 2009,
            "quarter": 1,
            "eps": -0.95,
            "eps_growth_year": null,
            "eps_4q": 7.7,
            "eps_4q_growth_year": 719.02,
            "roe": -6.66,
            "roe_4q": 30.380000000000003,
            "gross_profit": 1075,
            "gross_margin": 10.67,
            "gross_margin_4q_avg": -28.32,
            "net_income": -6705,
            "revenue": 10076,
            "common_shares": 70000,
            "book_valuer_per_share": 13.38,
            "book_valuer_per_share_4q_avg": 8.94,
            "equity": 97384,
            "current_ratio": 110.34,
            "debt_ratio": 81.95,
            "inventory_turnover_ratio": 0.05,
            "account_receivable_turnover_ratio": 0.84,
            "reinvestment_rate": null,
            "research_to_sale_ratio": null,
            "price_fair": 1110.2,
            "eps_avg_yearly": 31.72,
            "eps_latest_yearly": 31.72,
            "eps_growth_yearly": 848.82
        },
        "20092": {
            "year_quarter": 20092,
            "year": 2009,
            "quarter": 2,
            "eps": -1.16,
            "eps_growth_year": null,
            "eps_4q": 8.36,
            "eps_4q_growth_year": 1095,
            "roe": -8.77,
            "roe_4q": 28.080000000000002,
            "gross_profit": 2147,
            "gross_margin": 9.31,
            "gross_margin_4q_avg": -27.75,
            "net_income": -8182,
            "revenue": 23050,
            "common_shares": 70000,
            "book_valuer_per_share": 12.22,
            "book_valuer_per_share_4q_avg": 11.31,
            "equity": 89202,
            "current_ratio": 108.22,
            "debt_ratio": 82.75,
            "inventory_turnover_ratio": 0.13,
            "account_receivable_turnover_ratio": 2.14,
            "reinvestment_rate": null,
            "research_to_sale_ratio": null,
            "price_fair": 1110.2,
            "eps_avg_yearly": 31.72,
            "eps_latest_yearly": 31.72,
            "eps_growth_yearly": 848.82
        },
        "20093": {
            "year_quarter": 20093,
            "year": 2009,
            "quarter": 3,
            "eps": -1.2,
            "eps_growth_year": -147.24,
            "eps_4q": 4.63,
            "eps_4q_growth_year": null,
            "roe": -9.9,
            "roe_4q": 9.27,
            "gross_profit": 1833,
            "gross_margin": 11.81,
            "gross_margin_4q_avg": -25.88,
            "net_income": -8412,
            "revenue": 15524,
            "common_shares": 70000,
            "book_valuer_per_share": 11.02,
            "book_valuer_per_share_4q_avg": 12.74,
            "equity": 80789,
            "current_ratio": 105.8,
            "debt_ratio": 83.67,
            "inventory_turnover_ratio": 0.1,
            "account_receivable_turnover_ratio": 1.6,
            "reinvestment_rate": null,
            "research_to_sale_ratio": null,
            "price_fair": 1110.2,
            "eps_avg_yearly": 31.72,
            "eps_latest_yearly": 31.72,
            "eps_growth_yearly": 848.82
        },
        "20094": {
            "year_quarter": 20094,
            "year": 2009,
            "quarter": 4,
            "eps": -0.48,
            "eps_growth_year": -106.05,
            "eps_4q": -3.78,
            "eps_4q_growth_year": -155.52,
            "roe": -4.22,
            "roe_4q": -29.55,
            "gross_profit": 2499,
            "gross_margin": 21.33,
            "gross_margin_4q_avg": 13.28,
            "net_income": -3339,
            "revenue": 11714,
            "common_shares": 70000,
            "book_valuer_per_share": 10.55,
            "book_valuer_per_share_4q_avg": 11.79,
            "equity": 77451,
            "current_ratio": 102.81,
            "debt_ratio": 75.41,
            "inventory_turnover_ratio": 0.11,
            "account_receivable_turnover_ratio": 2.02,
            "reinvestment_rate": null,
            "research_to_sale_ratio": null,
            "price_fair": 1110.2,
            "eps_avg_yearly": 31.72,
            "eps_latest_yearly": 31.72,
            "eps_growth_yearly": 848.82
        },
        "20101": {
            "year_quarter": 20101,
            "year": 2010,
            "quarter": 1,
            "eps": -0.62,
            "eps_growth_year": null,
            "eps_4q": -3.45,
            "eps_4q_growth_year": -144.79,
            "roe": -5.74,
            "roe_4q": -28.63,
            "gross_profit": 812,
            "gross_margin": 11.93,
            "gross_margin_4q_avg": 13.6,
            "net_income": -4324,
            "revenue": 6809,
            "common_shares": 70000,
            "book_valuer_per_share": 9.93,
            "book_valuer_per_share_4q_avg": 10.93,
            "equity": 73127,
            "current_ratio": 100.86,
            "debt_ratio": 75.18,
            "inventory_turnover_ratio": 0.26,
            "account_receivable_turnover_ratio": 0.88,
            "reinvestment_rate": null,
            "research_to_sale_ratio": null,
            "price_fair": 1110.2,
            "eps_avg_yearly": 31.72,
            "eps_latest_yearly": 31.72,
            "eps_growth_yearly": 848.82
        },
        "20102": {
            "year_quarter": 20102,
            "year": 2010,
            "quarter": 2,
            "eps": -0.75,
            "eps_growth_year": null,
            "eps_4q": -3.04,
            "eps_4q_growth_year": -136.35,
            "roe": -7.44,
            "roe_4q": -27.299999999999997,
            "gross_profit": 0,
            "gross_margin": null,
            "gross_margin_4q_avg": 11.27,
            "net_income": -5244,
            "revenue": 0,
            "common_shares": 70000,
            "book_valuer_per_share": 9.18,
            "book_valuer_per_share_4q_avg": 10.17,
            "equity": 67883,
            "current_ratio": 97.91,
            "debt_ratio": 75.18,
            "inventory_turnover_ratio": 0,
            "account_receivable_turnover_ratio": 0,
            "reinvestment_rate": -155.79,
            "research_to_sale_ratio": null,
            "price_fair": 1110.2,
            "eps_avg_yearly": 31.72,
            "eps_latest_yearly": 31.72,
            "eps_growth_yearly": 848.82
        },
        "20103": {
            "year_quarter": 20103,
            "year": 2010,
            "quarter": 3,
            "eps": -0.58,
            "eps_growth_year": null,
            "eps_4q": -2.43,
            "eps_4q_growth_year": -152.45,
            "roe": -6.21,
            "roe_4q": -23.61,
            "gross_profit": 0,
            "gross_margin": null,
            "gross_margin_4q_avg": 8.32,
            "net_income": -4090,
            "revenue": 0,
            "common_shares": 70000,
            "book_valuer_per_share": 8.6,
            "book_valuer_per_share_4q_avg": 9.57,
            "equity": 63793,
            "current_ratio": 95.43,
            "debt_ratio": 76.43,
            "inventory_turnover_ratio": 0,
            "account_receivable_turnover_ratio": 0,
            "reinvestment_rate": -131.35,
            "research_to_sale_ratio": null,
            "price_fair": 1110.2,
            "eps_avg_yearly": 31.72,
            "eps_latest_yearly": 31.72,
            "eps_growth_yearly": 848.82
        },
        "20104": {
            "year_quarter": 20104,
            "year": 2010,
            "quarter": 4,
            "eps": -0.68,
            "eps_growth_year": null,
            "eps_4q": -2.63,
            "eps_4q_growth_year": null,
            "roe": -7.9,
            "roe_4q": -27.29,
            "gross_profit": 225,
            "gross_margin": 3.22,
            "gross_margin_4q_avg": 3.79,
            "net_income": -4850,
            "revenue": 6982,
            "common_shares": 70000,
            "book_valuer_per_share": 7.91,
            "book_valuer_per_share_4q_avg": 8.91,
            "equity": 58943,
            "current_ratio": 92.18,
            "debt_ratio": 77.39,
            "inventory_turnover_ratio": 0.41,
            "account_receivable_turnover_ratio": 4.23,
            "reinvestment_rate": -203.18,
            "research_to_sale_ratio": null,
            "price_fair": 1110.2,
            "eps_avg_yearly": 31.72,
            "eps_latest_yearly": 31.72,
            "eps_growth_yearly": 848.82
        },
        "20111": {
            "year_quarter": 20111,
            "year": 2011,
            "quarter": 1,
            "eps": -0.61,
            "eps_growth_year": null,
            "eps_4q": -2.62,
            "eps_4q_growth_year": null,
            "roe": -7.55,
            "roe_4q": -29.1,
            "gross_profit": 0,
            "gross_margin": null,
            "gross_margin_4q_avg": 0.81,
            "net_income": -4288,
            "revenue": 0,
            "common_shares": 70000,
            "book_valuer_per_share": 7.3,
            "book_valuer_per_share_4q_avg": 8.25,
            "equity": 54655,
            "current_ratio": 89.3,
            "debt_ratio": 78.5,
            "inventory_turnover_ratio": 0,
            "account_receivable_turnover_ratio": 0,
            "reinvestment_rate": -163.83,
            "research_to_sale_ratio": null,
            "price_fair": 1110.2,
            "eps_avg_yearly": 31.72,
            "eps_latest_yearly": 31.72,
            "eps_growth_yearly": 848.82
        },
        "20112": {
            "year_quarter": 20112,
            "year": 2011,
            "quarter": 2,
            "eps": -0.55,
            "eps_growth_year": null,
            "eps_4q": -2.43,
            "eps_4q_growth_year": null,
            "roe": -7.31,
            "roe_4q": -28.97,
            "gross_profit": 26,
            "gross_margin": 0.74,
            "gross_margin_4q_avg": 0.99,
            "net_income": -3854,
            "revenue": 3518,
            "common_shares": 70000,
            "book_valuer_per_share": 6.75,
            "book_valuer_per_share_4q_avg": 7.64,
            "equity": 50801,
            "current_ratio": 87.05,
            "debt_ratio": 79.9,
            "inventory_turnover_ratio": 0.3,
            "account_receivable_turnover_ratio": 5.81,
            "reinvestment_rate": -126.9,
            "research_to_sale_ratio": null,
            "price_fair": 1110.2,
            "eps_avg_yearly": 31.72,
            "eps_latest_yearly": 31.72,
            "eps_growth_yearly": 848.82
        },
        "20113": {
            "year_quarter": 20113,
            "year": 2011,
            "quarter": 3,
            "eps": -0.43,
            "eps_growth_year": null,
            "eps_4q": -2.27,
            "eps_4q_growth_year": null,
            "roe": -6,
            "roe_4q": -28.759999999999998,
            "gross_profit": 746,
            "gross_margin": 11.08,
            "gross_margin_4q_avg": 3.76,
            "net_income": -2958,
            "revenue": 6733,
            "common_shares": 70000,
            "book_valuer_per_share": 6.33,
            "book_valuer_per_share_4q_avg": 7.07,
            "equity": 47843,
            "current_ratio": 84.13,
            "debt_ratio": 80.03,
            "inventory_turnover_ratio": 0.89,
            "account_receivable_turnover_ratio": 15.27,
            "reinvestment_rate": null,
            "research_to_sale_ratio": null,
            "price_fair": 1110.2,
            "eps_avg_yearly": 31.72,
            "eps_latest_yearly": 31.72,
            "eps_growth_yearly": 848.82
        },
        "20114": {
            "year_quarter": 20114,
            "year": 2011,
            "quarter": 4,
            "eps": -0.59,
            "eps_growth_year": null,
            "eps_4q": -2.17,
            "eps_4q_growth_year": null,
            "roe": -8.95,
            "roe_4q": -29.81,
            "gross_profit": -574,
            "gross_margin": -644.94,
            "gross_margin_4q_avg": -158.28,
            "net_income": -4100,
            "revenue": 89,
            "common_shares": 70000,
            "book_valuer_per_share": 5.74,
            "book_valuer_per_share_4q_avg": 6.53,
            "equity": 43743,
            "current_ratio": 81.17,
            "debt_ratio": 81.25,
            "inventory_turnover_ratio": 0.19,
            "account_receivable_turnover_ratio": 0.29,
            "reinvestment_rate": null,
            "research_to_sale_ratio": null,
            "price_fair": 1110.2,
            "eps_avg_yearly": 31.72,
            "eps_latest_yearly": 31.72,
            "eps_growth_yearly": 848.82
        },
        "20121": {
            "year_quarter": 20121,
            "year": 2012,
            "quarter": 1,
            "eps": -0.59,
            "eps_growth_year": null,
            "eps_4q": -2.15,
            "eps_4q_growth_year": null,
            "roe": -9.95,
            "roe_4q": -32.21,
            "gross_profit": 100,
            "gross_margin": 100,
            "gross_margin_4q_avg": -133.28,
            "net_income": -4148,
            "revenue": 100,
            "common_shares": 70000,
            "book_valuer_per_share": 5.15,
            "book_valuer_per_share_4q_avg": 5.99,
            "equity": 39595,
            "current_ratio": 77.87,
            "debt_ratio": 82.51,
            "inventory_turnover_ratio": 0,
            "account_receivable_turnover_ratio": 0.48,
            "reinvestment_rate": null,
            "research_to_sale_ratio": null,
            "price_fair": 1110.2,
            "eps_avg_yearly": 31.72,
            "eps_latest_yearly": 31.72,
            "eps_growth_yearly": 848.82
        },
        "20122": {
            "year_quarter": 20122,
            "year": 2012,
            "quarter": 2,
            "eps": -0.51,
            "eps_growth_year": null,
            "eps_4q": -2.12,
            "eps_4q_growth_year": null,
            "roe": -9.35,
            "roe_4q": -34.25,
            "gross_profit": 557,
            "gross_margin": 19.37,
            "gross_margin_4q_avg": -128.62,
            "net_income": -3538,
            "revenue": 2876,
            "common_shares": 70000,
            "book_valuer_per_share": 4.64,
            "book_valuer_per_share_4q_avg": 5.47,
            "equity": 36057,
            "current_ratio": 74.93,
            "debt_ratio": 83.63,
            "inventory_turnover_ratio": 1.17,
            "account_receivable_turnover_ratio": 35.95,
            "reinvestment_rate": -670.05,
            "research_to_sale_ratio": null,
            "price_fair": 1110.2,
            "eps_avg_yearly": 31.72,
            "eps_latest_yearly": 31.72,
            "eps_growth_yearly": 848.82
        },
        "20123": {
            "year_quarter": 20123,
            "year": 2012,
            "quarter": 3,
            "eps": -0.48,
            "eps_growth_year": null,
            "eps_4q": -2.16,
            "eps_4q_growth_year": null,
            "roe": -10.07,
            "roe_4q": -38.32,
            "gross_profit": 76,
            "gross_margin": 46.34,
            "gross_margin_4q_avg": -119.81,
            "net_income": -3312,
            "revenue": 164,
            "common_shares": 70000,
            "book_valuer_per_share": 4.16,
            "book_valuer_per_share_4q_avg": 4.92,
            "equity": 29748,
            "current_ratio": 69.01,
            "debt_ratio": 85.73,
            "inventory_turnover_ratio": 0.11,
            "account_receivable_turnover_ratio": null,
            "reinvestment_rate": null,
            "research_to_sale_ratio": null,
            "price_fair": 1110.2,
            "eps_avg_yearly": 31.72,
            "eps_latest_yearly": 31.72,
            "eps_growth_yearly": 848.82
        },
        "20124": {
            "year_quarter": 20124,
            "year": 2012,
            "quarter": 4,
            "eps": -0.75,
            "eps_growth_year": null,
            "eps_4q": -2.33,
            "eps_4q_growth_year": null,
            "roe": -19.45,
            "roe_4q": -48.81999999999999,
            "gross_profit": 166,
            "gross_margin": 34.02,
            "gross_margin_4q_avg": 49.93,
            "net_income": -5273,
            "revenue": 488,
            "common_shares": 70000,
            "book_valuer_per_share": 3.41,
            "book_valuer_per_share_4q_avg": 4.34,
            "equity": 24475,
            "current_ratio": 64.2,
            "debt_ratio": 87.79,
            "inventory_turnover_ratio": 0.52,
            "account_receivable_turnover_ratio": null,
            "reinvestment_rate": null,
            "research_to_sale_ratio": null,
            "price_fair": 0,
            "eps_avg_yearly": 0,
            "eps_latest_yearly": 0,
            "eps_growth_yearly": 0
        },
        "20131": {
            "year_quarter": 20131,
            "year": 2013,
            "quarter": 1,
            "eps": -0.6,
            "eps_growth_year": null,
            "eps_4q": -2.34,
            "eps_4q_growth_year": null,
            "roe": -18.81,
            "roe_4q": -57.68,
            "gross_profit": 76,
            "gross_margin": 46.34,
            "gross_margin_4q_avg": 36.52,
            "net_income": -4207,
            "revenue": 164,
            "common_shares": 70000,
            "book_valuer_per_share": 2.81,
            "book_valuer_per_share_4q_avg": 3.76,
            "equity": 20268,
            "current_ratio": 60.04,
            "debt_ratio": 89.52,
            "inventory_turnover_ratio": 0.21,
            "account_receivable_turnover_ratio": null,
            "reinvestment_rate": null,
            "research_to_sale_ratio": null,
            "price_fair": 0,
            "eps_avg_yearly": 0,
            "eps_latest_yearly": 0,
            "eps_growth_yearly": 0
        },
        "20132": {
            "year_quarter": 20132,
            "year": 2013,
            "quarter": 2,
            "eps": -0.51,
            "eps_growth_year": null,
            "eps_4q": -1.38,
            "eps_4q_growth_year": null,
            "roe": -18.19,
            "roe_4q": -66.52000000000001,
            "gross_profit": 32,
            "gross_margin": 26.67,
            "gross_margin_4q_avg": 38.34,
            "net_income": -6530,
            "revenue": 120,
            "common_shares": 140000,
            "book_valuer_per_share": 3.64,
            "book_valuer_per_share_4q_avg": 3.51,
            "equity": 51538,
            "current_ratio": 85.26,
            "debt_ratio": 76.56,
            "inventory_turnover_ratio": 0.27,
            "account_receivable_turnover_ratio": null,
            "reinvestment_rate": null,
            "research_to_sale_ratio": null,
            "price_fair": 0,
            "eps_avg_yearly": 0,
            "eps_latest_yearly": 0,
            "eps_growth_yearly": 0
        },
        "20133": {
            "year_quarter": 20133,
            "year": 2013,
            "quarter": 3,
            "eps": -1.15,
            "eps_growth_year": null,
            "eps_4q": -2.29,
            "eps_4q_growth_year": null,
            "roe": -36.92,
            "roe_4q": -93.37,
            "gross_profit": 2687,
            "gross_margin": 4.77,
            "gross_margin_4q_avg": 27.95,
            "net_income": -16061,
            "revenue": 56329,
            "common_shares": 140000,
            "book_valuer_per_share": 2.49,
            "book_valuer_per_share_4q_avg": 3.09,
            "equity": 35477,
            "current_ratio": 76.02,
            "debt_ratio": 86.16,
            "inventory_turnover_ratio": 219.84,
            "account_receivable_turnover_ratio": 2.07,
            "reinvestment_rate": null,
            "research_to_sale_ratio": null,
            "price_fair": 0,
            "eps_avg_yearly": 0,
            "eps_latest_yearly": 0,
            "eps_growth_yearly": 0
        },
        "20134": {
            "year_quarter": 20134,
            "year": 2013,
            "quarter": 4,
            "eps": 2.35,
            "eps_growth_year": null,
            "eps_4q": 2.07,
            "eps_4q_growth_year": null,
            "roe": 28.84,
            "roe_4q": -45.08,
            "gross_profit": 277438,
            "gross_margin": 61.59,
            "gross_margin_4q_avg": 34.84,
            "net_income": 226849,
            "revenue": 450435,
            "common_shares": 966000,
            "book_valuer_per_share": 15.91,
            "book_valuer_per_share_4q_avg": 6.21,
            "equity": 1537926,
            "current_ratio": 182.53,
            "debt_ratio": 30.38,
            "inventory_turnover_ratio": 0.57,
            "account_receivable_turnover_ratio": 4.09,
            "reinvestment_rate": -34.4,
            "research_to_sale_ratio": null,
            "price_fair": 0,
            "eps_avg_yearly": 0,
            "eps_latest_yearly": 0,
            "eps_growth_yearly": 0
        },
        "20141": {
            "year_quarter": 20141,
            "year": 2014,
            "quarter": 1,
            "eps": -0.45,
            "eps_growth_year": null,
            "eps_4q": 1.66,
            "eps_4q_growth_year": null,
            "roe": -2.86,
            "roe_4q": -29.130000000000003,
            "gross_profit": 8741,
            "gross_margin": 4.4,
            "gross_margin_4q_avg": 24.36,
            "net_income": -43410,
            "revenue": 198605,
            "common_shares": 966000,
            "book_valuer_per_share": 15.46,
            "book_valuer_per_share_4q_avg": 9.38,
            "equity": 1494516,
            "current_ratio": 148.38,
            "debt_ratio": 40.52,
            "inventory_turnover_ratio": 0.28,
            "account_receivable_turnover_ratio": 1.09,
            "reinvestment_rate": -46.72,
            "research_to_sale_ratio": null,
            "price_fair": 0,
            "eps_avg_yearly": 0,
            "eps_latest_yearly": 0,
            "eps_growth_yearly": 0
        },
        "20142": {
            "year_quarter": 20142,
            "year": 2014,
            "quarter": 2,
            "eps": 0.77,
            "eps_growth_year": null,
            "eps_4q": 2.51,
            "eps_4q_growth_year": null,
            "roe": 4.89,
            "roe_4q": -6.050000000000001,
            "gross_profit": 136235,
            "gross_margin": 43.23,
            "gross_margin_4q_avg": 28.5,
            "net_income": 74854,
            "revenue": 315154,
            "common_shares": 966000,
            "book_valuer_per_share": 16.24,
            "book_valuer_per_share_4q_avg": 12.53,
            "equity": 1569370,
            "current_ratio": 235.39,
            "debt_ratio": 48.85,
            "inventory_turnover_ratio": 0.23,
            "account_receivable_turnover_ratio": 1.37,
            "reinvestment_rate": -26.61,
            "research_to_sale_ratio": null,
            "price_fair": 0,
            "eps_avg_yearly": 0,
            "eps_latest_yearly": 0,
            "eps_growth_yearly": 0
        },
        "20143": {
            "year_quarter": 20143,
            "year": 2014,
            "quarter": 3,
            "eps": 0.74,
            "eps_growth_year": null,
            "eps_4q": 3.41,
            "eps_4q_growth_year": null,
            "roe": 4.45,
            "roe_4q": 35.32,
            "gross_profit": 141612,
            "gross_margin": 48.55,
            "gross_margin_4q_avg": 39.44,
            "net_income": 71362,
            "revenue": 291665,
            "common_shares": 966000,
            "book_valuer_per_share": 16.98,
            "book_valuer_per_share_4q_avg": 16.15,
            "equity": 1640732,
            "current_ratio": 229.79,
            "debt_ratio": 49.1,
            "inventory_turnover_ratio": 0.18,
            "account_receivable_turnover_ratio": 0.99,
            "reinvestment_rate": 19,
            "research_to_sale_ratio": null,
            "price_fair": 8.88,
            "eps_avg_yearly": 2.96,
            "eps_latest_yearly": 2.96,
            "eps_growth_yearly": -15.58
        },
        "20144": {
            "year_quarter": 20144,
            "year": 2014,
            "quarter": 4,
            "eps": -0.18,
            "eps_growth_year": -107.46,
            "eps_4q": 0.53,
            "eps_4q_growth_year": -74.59,
            "roe": -0.99,
            "roe_4q": 5.49,
            "gross_profit": 41352,
            "gross_margin": 11.98,
            "gross_margin_4q_avg": 27.04,
            "net_income": -25683,
            "revenue": 345066,
            "common_shares": 1466000,
            "book_valuer_per_share": 24.31,
            "book_valuer_per_share_4q_avg": 18.25,
            "equity": 3565049,
            "current_ratio": 485.32,
            "debt_ratio": 29.09,
            "inventory_turnover_ratio": 0.26,
            "account_receivable_turnover_ratio": 0.87,
            "reinvestment_rate": 18.4,
            "research_to_sale_ratio": null,
            "price_fair": 8.88,
            "eps_avg_yearly": 2.96,
            "eps_latest_yearly": 2.96,
            "eps_growth_yearly": -15.58
        },
        "20151": {
            "year_quarter": 20151,
            "year": 2015,
            "quarter": 1,
            "eps": 0.21,
            "eps_growth_year": null,
            "eps_4q": 1.03,
            "eps_4q_growth_year": -37.84,
            "roe": 0.87,
            "roe_4q": 9.219999999999999,
            "gross_profit": 99552,
            "gross_margin": 47.89,
            "gross_margin_4q_avg": 37.91,
            "net_income": 31166,
            "revenue": 207876,
            "common_shares": 1466000,
            "book_valuer_per_share": 24.53,
            "book_valuer_per_share_4q_avg": 20.52,
            "equity": 3595865,
            "current_ratio": 436.98,
            "debt_ratio": 30.7,
            "inventory_turnover_ratio": 0.06,
            "account_receivable_turnover_ratio": 0.63,
            "reinvestment_rate": 22.89,
            "research_to_sale_ratio": null,
            "price_fair": 8.88,
            "eps_avg_yearly": 2.96,
            "eps_latest_yearly": 2.96,
            "eps_growth_yearly": -15.58
        },
        "20152": {
            "year_quarter": 20152,
            "year": 2015,
            "quarter": 2,
            "eps": 0.02,
            "eps_growth_year": -97.4,
            "eps_4q": 0.54,
            "eps_4q_growth_year": -78.46,
            "roe": 0.06,
            "roe_4q": 4.390000000000001,
            "gross_profit": 53925,
            "gross_margin": 30.25,
            "gross_margin_4q_avg": 34.67,
            "net_income": 2323,
            "revenue": 178265,
            "common_shares": 1466000,
            "book_valuer_per_share": 24.54,
            "book_valuer_per_share_4q_avg": 22.59,
            "equity": 3598188,
            "current_ratio": 289.4,
            "debt_ratio": 38.63,
            "inventory_turnover_ratio": 0.05,
            "account_receivable_turnover_ratio": 0.71,
            "reinvestment_rate": 22.4,
            "research_to_sale_ratio": null,
            "price_fair": 4.56,
            "eps_avg_yearly": 1.52,
            "eps_latest_yearly": 0.08,
            "eps_growth_yearly": -188.74
        },
        "20153": {
            "year_quarter": 20153,
            "year": 2015,
            "quarter": 3,
            "eps": 0.41,
            "eps_growth_year": -44.59,
            "eps_4q": 0.46,
            "eps_4q_growth_year": -86.56,
            "roe": 1.64,
            "roe_4q": 1.5799999999999998,
            "gross_profit": 131895,
            "gross_margin": 83.89,
            "gross_margin_4q_avg": 43.5,
            "net_income": 59428,
            "revenue": 157220,
            "common_shares": 1466000,
            "book_valuer_per_share": 24.95,
            "book_valuer_per_share_4q_avg": 24.58,
            "equity": 3657616,
            "current_ratio": 284.93,
            "debt_ratio": 38.9,
            "inventory_turnover_ratio": 0.01,
            "account_receivable_turnover_ratio": 0.58,
            "reinvestment_rate": 26.88,
            "research_to_sale_ratio": null,
            "price_fair": 54.6,
            "eps_avg_yearly": 1.56,
            "eps_latest_yearly": 1.64,
            "eps_growth_yearly": 2474.17
        },
        "20154": {
            "year_quarter": 20154,
            "year": 2015,
            "quarter": 4,
            "eps": 0.83,
            "eps_growth_year": null,
            "eps_4q": 1.46,
            "eps_4q_growth_year": 178.35,
            "roe": 3.27,
            "roe_4q": 5.84,
            "gross_profit": 218464,
            "gross_margin": 74.06,
            "gross_margin_4q_avg": 59.02,
            "net_income": 121758,
            "revenue": 294975,
            "common_shares": 1466000,
            "book_valuer_per_share": 25.78,
            "book_valuer_per_share_4q_avg": 24.95,
            "equity": 3779374,
            "current_ratio": 178.75,
            "debt_ratio": 58.82,
            "inventory_turnover_ratio": 0.02,
            "account_receivable_turnover_ratio": 1.27,
            "reinvestment_rate": 164.77,
            "research_to_sale_ratio": null,
            "price_fair": 70,
            "eps_avg_yearly": 2,
            "eps_latest_yearly": 3.32,
            "eps_growth_yearly": 1958.07
        },
        "20161": {
            "year_quarter": 20161,
            "year": 2016,
            "quarter": 1,
            "eps": 0.04,
            "eps_growth_year": -80.95,
            "eps_4q": 1.29,
            "eps_4q_growth_year": 24.73,
            "roe": 0.15,
            "roe_4q": 5.119999999999999,
            "gross_profit": 82288,
            "gross_margin": 76.23,
            "gross_margin_4q_avg": 66.11,
            "net_income": 5706,
            "revenue": 107951,
            "common_shares": 1466000,
            "book_valuer_per_share": 25.82,
            "book_valuer_per_share_4q_avg": 25.27,
            "equity": 3785080,
            "current_ratio": 190.84,
            "debt_ratio": 60.27,
            "inventory_turnover_ratio": 0,
            "account_receivable_turnover_ratio": 0.56,
            "reinvestment_rate": 161.53,
            "research_to_sale_ratio": null,
            "price_fair": 57.12,
            "eps_avg_yearly": 1.63,
            "eps_latest_yearly": 0.16,
            "eps_growth_yearly": 1490.31
        },
        "20162": {
            "year_quarter": 20162,
            "year": 2016,
            "quarter": 2,
            "eps": 0.27,
            "eps_growth_year": 1250,
            "eps_4q": 1.55,
            "eps_4q_growth_year": 186.68,
            "roe": 1.05,
            "roe_4q": 6.109999999999999,
            "gross_profit": 145006,
            "gross_margin": 78.36,
            "gross_margin_4q_avg": 78.14,
            "net_income": 40066,
            "revenue": 185062,
            "common_shares": 1466000,
            "book_valuer_per_share": 26.09,
            "book_valuer_per_share_4q_avg": 25.66,
            "equity": 3825146,
            "current_ratio": 190.84,
            "debt_ratio": 60.25,
            "inventory_turnover_ratio": 0.01,
            "account_receivable_turnover_ratio": 1.19,
            "reinvestment_rate": 147.95,
            "research_to_sale_ratio": 0.08,
            "price_fair": 53.9,
            "eps_avg_yearly": 1.54,
            "eps_latest_yearly": 1.08,
            "eps_growth_yearly": 1625.26
        },
        "20163": {
            "year_quarter": 20163,
            "year": 2016,
            "quarter": 3,
            "eps": 1.06,
            "eps_growth_year": 158.54,
            "eps_4q": 2.21,
            "eps_4q_growth_year": 381.01,
            "roe": 3.99,
            "roe_4q": 8.46,
            "gross_profit": 276163,
            "gross_margin": 59.15,
            "gross_margin_4q_avg": 71.95,
            "net_income": 155877,
            "revenue": 466860,
            "common_shares": 1466000,
            "book_valuer_per_share": 27.15,
            "book_valuer_per_share_4q_avg": 26.21,
            "equity": 3981023,
            "current_ratio": 191.04,
            "debt_ratio": 60.35,
            "inventory_turnover_ratio": 0.03,
            "account_receivable_turnover_ratio": 1.42,
            "reinvestment_rate": 120.98,
            "research_to_sale_ratio": 0.1,
            "price_fair": 67.4,
            "eps_avg_yearly": 1.93,
            "eps_latest_yearly": 4.24,
            "eps_growth_yearly": 1560.27
        },
        "20164": {
            "year_quarter": 20164,
            "year": 2016,
            "quarter": 4,
            "eps": 0.4,
            "eps_growth_year": -51.7,
            "eps_4q": 1.78,
            "eps_4q_growth_year": 21.33,
            "roe": 1.47,
            "roe_4q": 6.66,
            "gross_profit": 195629,
            "gross_margin": 49.1,
            "gross_margin_4q_avg": 65.71,
            "net_income": 58814,
            "revenue": 398440,
            "common_shares": 1466000,
            "book_valuer_per_share": 27.55,
            "book_valuer_per_share_4q_avg": 26.65,
            "equity": 4039837,
            "current_ratio": 191.39,
            "debt_ratio": 59.68,
            "inventory_turnover_ratio": 0.03,
            "account_receivable_turnover_ratio": 0.88,
            "reinvestment_rate": 111.72,
            "research_to_sale_ratio": 0.06,
            "price_fair": 65.98,
            "eps_avg_yearly": 1.89,
            "eps_latest_yearly": 1.6,
            "eps_growth_yearly": 1334.11
        },
        "20171": {
            "year_quarter": 20171,
            "year": 2017,
            "quarter": 1,
            "eps": 0.05,
            "eps_growth_year": 25,
            "eps_4q": 1.79,
            "eps_4q_growth_year": 38.39,
            "roe": 0.18,
            "roe_4q": 6.69,
            "gross_profit": 88796,
            "gross_margin": 57.82,
            "gross_margin_4q_avg": 61.11,
            "net_income": 7095,
            "revenue": 153584,
            "common_shares": 1466000,
            "book_valuer_per_share": 27.6,
            "book_valuer_per_share_4q_avg": 27.1,
            "equity": 4046932,
            "current_ratio": 191.88,
            "debt_ratio": 59.56,
            "inventory_turnover_ratio": 0.01,
            "account_receivable_turnover_ratio": 0.5,
            "reinvestment_rate": 113.68,
            "research_to_sale_ratio": 5.19,
            "price_fair": 59.42,
            "eps_avg_yearly": 1.7,
            "eps_latest_yearly": 0.2,
            "eps_growth_yearly": 1146.98
        },
        "20172": {
            "year_quarter": 20172,
            "year": 2017,
            "quarter": 2,
            "eps": 0.36,
            "eps_growth_year": 33.33,
            "eps_4q": 1.87,
            "eps_4q_growth_year": 20.82,
            "roe": 1.29,
            "roe_4q": 6.93,
            "gross_profit": 171949,
            "gross_margin": 59.74,
            "gross_margin_4q_avg": 56.45,
            "net_income": 52418,
            "revenue": 287819,
            "common_shares": 1466000,
            "book_valuer_per_share": 27.96,
            "book_valuer_per_share_4q_avg": 27.57,
            "equity": 4099350,
            "current_ratio": 188.24,
            "debt_ratio": 60.03,
            "inventory_turnover_ratio": 0.02,
            "account_receivable_turnover_ratio": 0.9,
            "reinvestment_rate": 105.52,
            "research_to_sale_ratio": 2.97,
            "price_fair": 58.52,
            "eps_avg_yearly": 1.67,
            "eps_latest_yearly": 1.44,
            "eps_growth_yearly": 1280.29
        },
        "20173": {
            "year_quarter": 20173,
            "year": 2017,
            "quarter": 3,
            "eps": -0.35,
            "eps_growth_year": -133.02,
            "eps_4q": 0.46,
            "eps_4q_growth_year": -79.26,
            "roe": -1.26,
            "roe_4q": 1.68,
            "gross_profit": 26076,
            "gross_margin": 13.9,
            "gross_margin_4q_avg": 45.14,
            "net_income": -51266,
            "revenue": 187637,
            "common_shares": 1466000,
            "book_valuer_per_share": 27.61,
            "book_valuer_per_share_4q_avg": 27.68,
            "equity": 4048084,
            "current_ratio": 192.82,
            "debt_ratio": 61.38,
            "inventory_turnover_ratio": 0.02,
            "account_receivable_turnover_ratio": 0.53,
            "reinvestment_rate": 109.28,
            "research_to_sale_ratio": 4.43,
            "price_fair": 58.52,
            "eps_avg_yearly": 1.67,
            "eps_latest_yearly": 1.44,
            "eps_growth_yearly": 1280.29
        },
        "20174": {
            "year_quarter": 20174,
            "year": 2017,
            "quarter": 4,
            "eps": 0.07,
            "eps_growth_year": -83.13,
            "eps_4q": 0.12,
            "eps_4q_growth_year": -93.02,
            "roe": 0.24,
            "roe_4q": 0.45,
            "gross_profit": 144832,
            "gross_margin": 38.42,
            "gross_margin_4q_avg": 42.47,
            "net_income": 9923,
            "revenue": 376991,
            "common_shares": 1466000,
            "book_valuer_per_share": 27.68,
            "book_valuer_per_share_4q_avg": 27.71,
            "equity": 4058007,
            "current_ratio": 189.5,
            "debt_ratio": 62.17,
            "inventory_turnover_ratio": 0.03,
            "account_receivable_turnover_ratio": 1,
            "reinvestment_rate": 150.87,
            "research_to_sale_ratio": 2.34,
            "price_fair": 58.52,
            "eps_avg_yearly": 1.67,
            "eps_latest_yearly": 1.44,
            "eps_growth_yearly": 1280.29
        },
        "20181": {
            "year_quarter": 20181,
            "year": 2018,
            "quarter": 1,
            "eps": 0.66,
            "eps_growth_year": 1220,
            "eps_4q": 0.73,
            "eps_4q_growth_year": -58.91,
            "roe": 2.37,
            "roe_4q": 2.6400000000000006,
            "gross_profit": 201978,
            "gross_margin": 54.03,
            "gross_margin_4q_avg": 41.52,
            "net_income": 96529,
            "revenue": 373792,
            "common_shares": 1466000,
            "book_valuer_per_share": 27.78,
            "book_valuer_per_share_4q_avg": 27.76,
            "equity": 4073055,
            "current_ratio": 172.57,
            "debt_ratio": 62.2,
            "inventory_turnover_ratio": 0.02,
            "account_receivable_turnover_ratio": 1.33,
            "reinvestment_rate": 120.24,
            "research_to_sale_ratio": 2.32,
            "price_fair": 61.6,
            "eps_avg_yearly": 1.76,
            "eps_latest_yearly": 2.64,
            "eps_growth_yearly": 1470.39
        },
        "20182": {
            "year_quarter": 20182,
            "year": 2018,
            "quarter": 2,
            "eps": 0.32,
            "eps_growth_year": -11.11,
            "eps_4q": 0.7,
            "eps_4q_growth_year": -62.71,
            "roe": 1.15,
            "roe_4q": 2.5,
            "gross_profit": 130126,
            "gross_margin": 38.65,
            "gross_margin_4q_avg": 36.25,
            "net_income": 47075,
            "revenue": 336700,
            "common_shares": 1466000,
            "book_valuer_per_share": 28.1,
            "book_valuer_per_share_4q_avg": 27.79,
            "equity": 4120130,
            "current_ratio": 151.46,
            "debt_ratio": 63.06,
            "inventory_turnover_ratio": 0.03,
            "account_receivable_turnover_ratio": 2.67,
            "reinvestment_rate": 125.07,
            "research_to_sale_ratio": 2.34,
            "price_fair": 60.2,
            "eps_avg_yearly": 1.72,
            "eps_latest_yearly": 1.28,
            "eps_growth_yearly": 1330.69
        },
        "20183": {
            "year_quarter": 20183,
            "year": 2018,
            "quarter": 3,
            "eps": 0.48,
            "eps_growth_year": null,
            "eps_4q": 1.53,
            "eps_4q_growth_year": 234.41,
            "roe": 1.7,
            "roe_4q": 5.46,
            "gross_profit": 216422,
            "gross_margin": 33,
            "gross_margin_4q_avg": 41.03,
            "net_income": 70732,
            "revenue": 655807,
            "common_shares": 1466000,
            "book_valuer_per_share": 28.58,
            "book_valuer_per_share_4q_avg": 28.04,
            "equity": 4190862,
            "current_ratio": 153.01,
            "debt_ratio": 62.28,
            "inventory_turnover_ratio": 0.06,
            "account_receivable_turnover_ratio": 6.23,
            "reinvestment_rate": 110.14,
            "research_to_sale_ratio": 1.15,
            "price_fair": 57.17,
            "eps_avg_yearly": 1.63,
            "eps_latest_yearly": 1.92,
            "eps_growth_yearly": 1348.65
        },
        "20184": {
            "year_quarter": 20184,
            "year": 2018,
            "quarter": 4,
            "eps": -0.2,
            "eps_growth_year": -397.12,
            "eps_4q": 1.26,
            "eps_4q_growth_year": 917.35,
            "roe": -0.71,
            "roe_4q": 4.51,
            "gross_profit": 127784,
            "gross_margin": 25.86,
            "gross_margin_4q_avg": 37.89,
            "net_income": -29483,
            "revenue": 494135,
            "common_shares": 1466000,
            "book_valuer_per_share": 28.38,
            "book_valuer_per_share_4q_avg": 28.21,
            "equity": 4161379,
            "current_ratio": 151.2,
            "debt_ratio": 63.26,
            "inventory_turnover_ratio": 0.05,
            "account_receivable_turnover_ratio": 1.54,
            "reinvestment_rate": 111.63,
            "research_to_sale_ratio": 1.55,
            "price_fair": 57.17,
            "eps_avg_yearly": 1.63,
            "eps_latest_yearly": 1.92,
            "eps_growth_yearly": 1348.65
        },
        "20191": {
            "year_quarter": 20191,
            "year": 2019,
            "quarter": 1,
            "eps": 0.16,
            "eps_growth_year": -75.76,
            "eps_4q": 0.76,
            "eps_4q_growth_year": 3.51,
            "roe": 0.55,
            "roe_4q": 2.69,
            "gross_profit": 135446,
            "gross_margin": 42.46,
            "gross_margin_4q_avg": 34.99,
            "net_income": 23057,
            "revenue": 318966,
            "common_shares": 1466000,
            "book_valuer_per_share": 28.54,
            "book_valuer_per_share_4q_avg": 28.4,
            "equity": 4184436,
            "current_ratio": 160.93,
            "debt_ratio": 64.88,
            "inventory_turnover_ratio": 0.02,
            "account_receivable_turnover_ratio": 0.54,
            "reinvestment_rate": 110.34,
            "research_to_sale_ratio": 2.73,
            "price_fair": 57.17,
            "eps_avg_yearly": 1.63,
            "eps_latest_yearly": 1.92,
            "eps_growth_yearly": 1348.65
        },
        "20192": {
            "year_quarter": 20192,
            "year": 2019,
            "quarter": 2,
            "eps": 0.27,
            "eps_growth_year": -15.62,
            "eps_4q": 0.71,
            "eps_4q_growth_year": 2.03,
            "roe": 0.95,
            "roe_4q": 2.49,
            "gross_profit": 170815,
            "gross_margin": 25.35,
            "gross_margin_4q_avg": 31.67,
            "net_income": 40035,
            "revenue": 673847,
            "common_shares": 1466000,
            "book_valuer_per_share": 28.81,
            "book_valuer_per_share_4q_avg": 28.58,
            "equity": 4224471,
            "current_ratio": 181.37,
            "debt_ratio": 64.39,
            "inventory_turnover_ratio": 0.06,
            "account_receivable_turnover_ratio": 1.08,
            "reinvestment_rate": 104.36,
            "research_to_sale_ratio": 1.28,
            "price_fair": 60.08,
            "eps_avg_yearly": 1.72,
            "eps_latest_yearly": 1.08,
            "eps_growth_yearly": 1401.73
        },
        "20193": {
            "year_quarter": 20193,
            "year": 2019,
            "quarter": 3,
            "eps": 0.26,
            "eps_growth_year": -45.83,
            "eps_4q": 0.49,
            "eps_4q_growth_year": -67.84,
            "roe": 0.91,
            "roe_4q": 1.7000000000000002,
            "gross_profit": 180534,
            "gross_margin": 33.35,
            "gross_margin_4q_avg": 31.76,
            "net_income": 38493,
            "revenue": 541387,
            "common_shares": 1466000,
            "book_valuer_per_share": 29.08,
            "book_valuer_per_share_4q_avg": 28.7,
            "equity": 4262964,
            "current_ratio": 161.49,
            "debt_ratio": 66.45,
            "inventory_turnover_ratio": 0.05,
            "account_receivable_turnover_ratio": 0.79,
            "reinvestment_rate": 102.94,
            "research_to_sale_ratio": 1.81,
            "price_fair": 58.33,
            "eps_avg_yearly": 1.67,
            "eps_latest_yearly": 1.04,
            "eps_growth_yearly": 750.49
        },
        "20194": {
            "year_quarter": 20194,
            "year": 2019,
            "quarter": 4,
            "eps": 0.69,
            "eps_growth_year": null,
            "eps_4q": 1.38,
            "eps_4q_growth_year": 9.61,
            "roe": 2.34,
            "roe_4q": 4.75,
            "gross_profit": 311452,
            "gross_margin": 45.35,
            "gross_margin_4q_avg": 36.63,
            "net_income": 100804,
            "revenue": 686828,
            "common_shares": 1466000,
            "book_valuer_per_share": 29.77,
            "book_valuer_per_share_4q_avg": 29.05,
            "equity": 4363768,
            "current_ratio": 165.83,
            "debt_ratio": 65.67,
            "inventory_turnover_ratio": 0.05,
            "account_receivable_turnover_ratio": 0.89,
            "reinvestment_rate": 6.93,
            "research_to_sale_ratio": 1.29,
            "price_fair": 56.7,
            "eps_avg_yearly": 1.62,
            "eps_latest_yearly": 2.76,
            "eps_growth_yearly": 771.47
        },
        "20201": {
            "year_quarter": 20201,
            "year": 2020,
            "quarter": 1,
            "eps": 0.96,
            "eps_growth_year": 500,
            "eps_4q": 2.18,
            "eps_4q_growth_year": 187.51,
            "roe": 3.17,
            "roe_4q": 7.37,
            "gross_profit": 374650,
            "gross_margin": 46.44,
            "gross_margin_4q_avg": 37.62,
            "net_income": 140671,
            "revenue": 806717,
            "common_shares": 1466000,
            "book_valuer_per_share": 30.73,
            "book_valuer_per_share_4q_avg": 29.6,
            "equity": 4504347,
            "current_ratio": 165.15,
            "debt_ratio": 65.6,
            "inventory_turnover_ratio": 0.05,
            "account_receivable_turnover_ratio": 1.08,
            "reinvestment_rate": 5.2,
            "research_to_sale_ratio": 1.14,
            "price_fair": 67.43,
            "eps_avg_yearly": 1.93,
            "eps_latest_yearly": 3.84,
            "eps_growth_yearly": 816.24
        },
        "20202": {
            "year_quarter": 20202,
            "year": 2020,
            "quarter": 2,
            "eps": 0.99,
            "eps_growth_year": 266.67,
            "eps_4q": 2.9,
            "eps_4q_growth_year": 308.07,
            "roe": 3.18,
            "roe_4q": 9.6,
            "gross_profit": 412892,
            "gross_margin": 51.5,
            "gross_margin_4q_avg": 44.16,
            "net_income": 145595,
            "revenue": 801792,
            "common_shares": 1466000,
            "book_valuer_per_share": 31.72,
            "book_valuer_per_share_4q_avg": 30.33,
            "equity": 4649942,
            "current_ratio": 160.94,
            "debt_ratio": 66.48,
            "inventory_turnover_ratio": 0.04,
            "account_receivable_turnover_ratio": 1,
            "reinvestment_rate": 4.25,
            "research_to_sale_ratio": 1.22,
            "price_fair": 75.83,
            "eps_avg_yearly": 2.17,
            "eps_latest_yearly": 3.96,
            "eps_growth_yearly": 625.62
        },
        "20203": {
            "year_quarter": 20203,
            "year": 2020,
            "quarter": 3,
            "eps": 1.83,
            "eps_growth_year": 603.85,
            "eps_4q": 4.47,
            "eps_4q_growth_year": 808.22,
            "roe": 5.6,
            "roe_4q": 14.29,
            "gross_profit": 614175,
            "gross_margin": 37.82,
            "gross_margin_4q_avg": 45.28,
            "net_income": 267771,
            "revenue": 1623889,
            "common_shares": 1466000,
            "book_valuer_per_share": 33.55,
            "book_valuer_per_share_4q_avg": 31.44,
            "equity": 4918368,
            "current_ratio": 160.72,
            "debt_ratio": 67.7,
            "inventory_turnover_ratio": 0.11,
            "account_receivable_turnover_ratio": 1.52,
            "reinvestment_rate": 3.62,
            "research_to_sale_ratio": 0.59,
            "price_fair": 84.82,
            "eps_avg_yearly": 2.42,
            "eps_latest_yearly": 7.32,
            "eps_growth_yearly": 556.37
        },
        "20204": {
            "year_quarter": 20204,
            "year": 2020,
            "quarter": 4,
            "eps": 2.4,
            "eps_growth_year": 248.6,
            "eps_4q": 6.18,
            "eps_4q_growth_year": 347.23,
            "roe": 6.91,
            "roe_4q": 18.86,
            "gross_profit": 642948,
            "gross_margin": 41.59,
            "gross_margin_4q_avg": 44.34,
            "net_income": 352111,
            "revenue": 1545752,
            "common_shares": 1466000,
            "book_valuer_per_share": 35.95,
            "book_valuer_per_share_4q_avg": 32.99,
            "equity": 5270479,
            "current_ratio": 163.98,
            "debt_ratio": 66.64,
            "inventory_turnover_ratio": 0.09,
            "account_receivable_turnover_ratio": 1.28,
            "reinvestment_rate": 1.88,
            "research_to_sale_ratio": 0.59,
            "price_fair": 108.15,
            "eps_avg_yearly": 3.09,
            "eps_latest_yearly": 9.6,
            "eps_growth_yearly": 587.51
        },
        "20211": {
            "year_quarter": 20211,
            "year": 2021,
            "quarter": 1,
            "eps": 1.89,
            "eps_growth_year": 96.88,
            "eps_4q": 7.11,
            "eps_4q_growth_year": 225.49,
            "roe": 5.12,
            "roe_4q": 20.810000000000002,
            "gross_profit": 605446,
            "gross_margin": 50.32,
            "gross_margin_4q_avg": 45.31,
            "net_income": 276838,
            "revenue": 1203088,
            "common_shares": 1466000,
            "book_valuer_per_share": 37.84,
            "book_valuer_per_share_4q_avg": 34.77,
            "equity": 5547317,
            "current_ratio": 159.17,
            "debt_ratio": 65.27,
            "inventory_turnover_ratio": 0.06,
            "account_receivable_turnover_ratio": 1.03,
            "reinvestment_rate": 0.09,
            "research_to_sale_ratio": 0.74,
            "price_fair": 129.62,
            "eps_avg_yearly": 3.7,
            "eps_latest_yearly": 7.56,
            "eps_growth_yearly": 609.59
        },
        "20212": {
            "year_quarter": 20212,
            "year": 2021,
            "quarter": 2,
            "eps": 0.33,
            "eps_growth_year": -66.67,
            "eps_4q": 5.86,
            "eps_4q_growth_year": 101.8,
            "roe": 0.88,
            "roe_4q": 18.509999999999998,
            "gross_profit": 350913,
            "gross_margin": 32.98,
            "gross_margin_4q_avg": 40.68,
            "net_income": 48447,
            "revenue": 1064152,
            "common_shares": 1466000,
            "book_valuer_per_share": 37.17,
            "book_valuer_per_share_4q_avg": 36.13,
            "equity": 5449164,
            "current_ratio": 155.15,
            "debt_ratio": 66.55,
            "inventory_turnover_ratio": 0.07,
            "account_receivable_turnover_ratio": 1.03,
            "reinvestment_rate": -0.14,
            "research_to_sale_ratio": 0.82,
            "price_fair": 129.27,
            "eps_avg_yearly": 3.69,
            "eps_latest_yearly": 1.32,
            "eps_growth_yearly": 375.41
        },
        "20213": {
            "year_quarter": 20213,
            "year": 2021,
            "quarter": 3,
            "eps": 0.81,
            "eps_growth_year": -55.74,
            "eps_4q": 5.01,
            "eps_4q_growth_year": 12.16,
            "roe": 2.37,
            "roe_4q": 15.280000000000001,
            "gross_profit": 353768,
            "gross_margin": 31.75,
            "gross_margin_4q_avg": 39.16,
            "net_income": 130766,
            "revenue": 1114080,
            "common_shares": 1466000,
            "book_valuer_per_share": 38.06,
            "book_valuer_per_share_4q_avg": 37.26,
            "equity": 5579930,
            "current_ratio": 155.88,
            "debt_ratio": 68.21,
            "inventory_turnover_ratio": 0.07,
            "account_receivable_turnover_ratio": 1.13,
            "reinvestment_rate": -0.32,
            "research_to_sale_ratio": 0.77,
            "price_fair": 128.05,
            "eps_avg_yearly": 3.66,
            "eps_latest_yearly": 3.24,
            "eps_growth_yearly": 391.29
        },
        "20214": {
            "year_quarter": 20214,
            "year": 2021,
            "quarter": 4,
            "eps": 4.19,
            "eps_growth_year": 74.54,
            "eps_4q": 7.02,
            "eps_4q_growth_year": 13.57,
            "roe": 11.42,
            "roe_4q": 19.79,
            "gross_profit": 1005407,
            "gross_margin": 46.98,
            "gross_margin_4q_avg": 40.51,
            "net_income": 676014,
            "revenue": 2140094,
            "common_shares": 1612600,
            "book_valuer_per_share": 38.79,
            "book_valuer_per_share_4q_avg": 37.97,
            "equity": 6255944,
            "current_ratio": 147.68,
            "debt_ratio": 69.34,
            "inventory_turnover_ratio": 0.1,
            "account_receivable_turnover_ratio": 1.54,
            "reinvestment_rate": 7.67,
            "research_to_sale_ratio": 0.53,
            "price_fair": 160.8,
            "eps_avg_yearly": 4.59,
            "eps_latest_yearly": 16.76,
            "eps_growth_yearly": 482.56
        },
        "20221": {
            "year_quarter": 20221,
            "year": 2022,
            "quarter": 1,
            "eps": 0.37,
            "eps_growth_year": -80.42,
            "eps_4q": 5.67,
            "eps_4q_growth_year": -20.18,
            "roe": 1,
            "roe_4q": 15.67,
            "gross_profit": 277714,
            "gross_margin": 24.81,
            "gross_margin_4q_avg": 34.13,
            "net_income": 59903,
            "revenue": 1119224,
            "common_shares": 1612600,
            "book_valuer_per_share": 35.67,
            "book_valuer_per_share_4q_avg": 37.42,
            "equity": 5751437,
            "current_ratio": 141.54,
            "debt_ratio": 73.05,
            "inventory_turnover_ratio": 0.07,
            "account_receivable_turnover_ratio": 0.79,
            "reinvestment_rate": 7.9,
            "research_to_sale_ratio": 0.9,
            "price_fair": 157.9,
            "eps_avg_yearly": 4.51,
            "eps_latest_yearly": 1.48,
            "eps_growth_yearly": 215.7
        },
        "20222": {
            "year_quarter": 20222,
            "year": 2022,
            "quarter": 2,
            "eps": 0.31,
            "eps_growth_year": -6.06,
            "eps_4q": 3.44,
            "eps_4q_growth_year": -41.26,
            "roe": 0.85,
            "roe_4q": 15.64,
            "gross_profit": 256146,
            "gross_margin": 25.52,
            "gross_margin_4q_avg": 32.27,
            "net_income": 49355,
            "revenue": 1003741,
            "common_shares": 1612600,
            "book_valuer_per_share": 35.97,
            "book_valuer_per_share_4q_avg": 37.12,
            "equity": 5800792,
            "current_ratio": 136.68,
            "debt_ratio": 74.84,
            "inventory_turnover_ratio": 0.05,
            "account_receivable_turnover_ratio": 1,
            "reinvestment_rate": 7.78,
            "research_to_sale_ratio": 1.02,
            "price_fair": 157.8,
            "eps_avg_yearly": 4.51,
            "eps_latest_yearly": 1.24,
            "eps_growth_yearly": 225.78
        },
        "20223": {
            "year_quarter": 20223,
            "year": 2022,
            "quarter": 3,
            "eps": 0.16,
            "eps_growth_year": -80.25,
            "eps_4q": 3.11,
            "eps_4q_growth_year": -38,
            "roe": 0.71,
            "roe_4q": 13.98,
            "gross_profit": 314429,
            "gross_margin": 26.92,
            "gross_margin_4q_avg": 31.06,
            "net_income": 41487,
            "revenue": 1167896,
            "common_shares": 2660790,
            "book_valuer_per_share": 21.96,
            "book_valuer_per_share_4q_avg": 33.1,
            "equity": 5842279,
            "current_ratio": 135.97,
            "debt_ratio": 75.94,
            "inventory_turnover_ratio": 0.06,
            "account_receivable_turnover_ratio": 1.21,
            "reinvestment_rate": 7.73,
            "research_to_sale_ratio": 0.83,
            "price_fair": 154.6,
            "eps_avg_yearly": 4.42,
            "eps_latest_yearly": 0.64,
            "eps_growth_yearly": 197.67
        },
        "20224": {
            "year_quarter": 20224,
            "year": 2022,
            "quarter": 4,
            "eps": 1.1,
            "eps_growth_year": -73.65,
            "eps_4q": 1.67,
            "eps_4q_growth_year": -76.2,
            "roe": 4.91,
            "roe_4q": 7.47,
            "gross_profit": 561869,
            "gross_margin": 38.93,
            "gross_margin_4q_avg": 29.05,
            "net_income": 293870,
            "revenue": 1443149,
            "common_shares": 2660790,
            "book_valuer_per_share": 23.06,
            "book_valuer_per_share_4q_avg": 29.17,
            "equity": 6136149,
            "current_ratio": 132.58,
            "debt_ratio": 77.37,
            "inventory_turnover_ratio": 0.05,
            "account_receivable_turnover_ratio": 1.2,
            "reinvestment_rate": 6.74,
            "research_to_sale_ratio": 0.69,
            "price_fair": 154.56,
            "eps_avg_yearly": 4.42,
            "eps_latest_yearly": 4.4,
            "eps_growth_yearly": 341.16
        },
        "20231": {
            "year_quarter": 20231,
            "year": 2023,
            "quarter": 1,
            "eps": 0.52,
            "eps_growth_year": 40.54,
            "eps_4q": 1.8,
            "eps_4q_growth_year": -68.21,
            "roe": 1.96,
            "roe_4q": 8.43,
            "gross_profit": 509596,
            "gross_margin": 34,
            "gross_margin_4q_avg": 31.34,
            "net_income": 138655,
            "revenue": 1498684,
            "common_shares": 2900790,
            "book_valuer_per_share": 27.63,
            "book_valuer_per_share_4q_avg": 27.16,
            "equity": 8014324,
            "current_ratio": 140.17,
            "debt_ratio": 72.66,
            "inventory_turnover_ratio": 0.06,
            "account_receivable_turnover_ratio": 1.11,
            "reinvestment_rate": -15.5,
            "research_to_sale_ratio": 0.67,
            "price_fair": 149.45,
            "eps_avg_yearly": 4.27,
            "eps_latest_yearly": 2.08,
            "eps_growth_yearly": 306.66
        }
    },
    "months": {
        "2001-06": {
            "month": "2001-06",
            "price": "1.31",
            "revenue": 31407
        },
        "2001-07": {
            "month": "2001-07",
            "price": "1.10",
            "revenue": 50135
        },
        "2001-08": {
            "month": "2001-08",
            "price": "1.25",
            "revenue": 38887
        },
        "2001-09": {
            "month": "2001-09",
            "price": "0.89",
            "revenue": 7650
        },
        "2001-10": {
            "month": "2001-10",
            "price": "0.41",
            "revenue": 754
        },
        "2001-11": {
            "month": "2001-11",
            "price": "0.45",
            "revenue": 24227
        },
        "2001-12": {
            "month": "2001-12",
            "price": "0.56",
            "revenue": 41432
        },
        "2002-01": {
            "month": "2002-01",
            "price": "1.18",
            "revenue": 591
        },
        "2002-02": {
            "month": "2002-02",
            "price": "1.92",
            "revenue": 10151
        },
        "2002-03": {
            "month": "2002-03",
            "price": "1.74",
            "revenue": 7926
        },
        "2002-04": {
            "month": "2002-04",
            "price": "2.83",
            "revenue": 11484
        },
        "2002-05": {
            "month": "2002-05",
            "price": "2.73",
            "revenue": 1019
        },
        "2002-06": {
            "month": "2002-06",
            "price": "2.62",
            "revenue": 4704
        },
        "2002-07": {
            "month": "2002-07",
            "price": "2.19",
            "revenue": 29552
        },
        "2002-08": {
            "month": "2002-08",
            "price": "1.70",
            "revenue": 656
        },
        "2002-09": {
            "month": "2002-09",
            "price": "1.50",
            "revenue": 1053
        },
        "2002-10": {
            "month": "2002-10",
            "price": "1.41",
            "revenue": 5052
        },
        "2002-11": {
            "month": "2002-11",
            "price": "1.42",
            "revenue": 735291
        },
        "2002-12": {
            "month": "2002-12",
            "price": "1.50",
            "revenue": 97599
        },
        "2003-01": {
            "month": "2003-01",
            "price": "2.04",
            "revenue": 26769
        },
        "2003-02": {
            "month": "2003-02",
            "price": "1.96",
            "revenue": 7438
        },
        "2003-03": {
            "month": "2003-03",
            "price": "1.63",
            "revenue": 5255
        },
        "2003-04": {
            "month": "2003-04",
            "price": "1.81",
            "revenue": 166384
        },
        "2003-05": {
            "month": "2003-05",
            "price": "0.71",
            "revenue": 18655
        },
        "2003-06": {
            "month": "2003-06",
            "price": "0.57",
            "revenue": 43789
        },
        "2003-07": {
            "month": "2003-07",
            "price": "0.60",
            "revenue": 49062
        },
        "2003-08": {
            "month": "2003-08",
            "price": "1.20",
            "revenue": 44650
        },
        "2003-09": {
            "month": "2003-09",
            "price": "1.12",
            "revenue": 11209
        },
        "2003-10": {
            "month": "2003-10",
            "price": "1.22",
            "revenue": 55097
        },
        "2003-11": {
            "month": "2003-11",
            "price": "1.30",
            "revenue": 10521
        },
        "2003-12": {
            "month": "2003-12",
            "price": "1.16",
            "revenue": 38399
        },
        "2004-01": {
            "month": "2004-01",
            "price": "1.32",
            "revenue": 1481
        },
        "2004-02": {
            "month": "2004-02",
            "price": "2.18",
            "revenue": 44839
        },
        "2004-03": {
            "month": "2004-03",
            "price": "1.89",
            "revenue": 1085
        },
        "2004-04": {
            "month": "2004-04",
            "price": "1.52",
            "revenue": 28920
        },
        "2004-05": {
            "month": "2004-05",
            "price": "1.10",
            "revenue": 526
        },
        "2004-06": {
            "month": "2004-06",
            "price": "0.84",
            "revenue": 769
        },
        "2004-07": {
            "month": "2004-07",
            "price": "0.65",
            "revenue": 476
        },
        "2004-08": {
            "month": "2004-08",
            "price": "0.59",
            "revenue": 621
        },
        "2004-09": {
            "month": "2004-09",
            "price": "0.56",
            "revenue": 20704
        },
        "2004-10": {
            "month": "2004-10",
            "price": "0.57",
            "revenue": 1176
        },
        "2004-11": {
            "month": "2004-11",
            "price": "0.50",
            "revenue": 526
        },
        "2004-12": {
            "month": "2004-12",
            "price": "0.46",
            "revenue": 526
        },
        "2005-01": {
            "month": "2005-01",
            "price": "0.51",
            "revenue": 555
        },
        "2005-02": {
            "month": "2005-02",
            "price": "3.96",
            "revenue": 1215
        },
        "2005-03": {
            "month": "2005-03",
            "price": "2.94",
            "revenue": 526
        },
        "2005-04": {
            "month": "2005-04",
            "price": "2.68",
            "revenue": 555
        },
        "2005-05": {
            "month": "2005-05",
            "price": "3.52",
            "revenue": 552
        },
        "2005-06": {
            "month": "2005-06",
            "price": "4.09",
            "revenue": 552
        },
        "2005-07": {
            "month": "2005-07",
            "price": "4.05",
            "revenue": 552
        },
        "2005-08": {
            "month": "2005-08",
            "price": "3.57",
            "revenue": 552
        },
        "2005-09": {
            "month": "2005-09",
            "price": "2.45",
            "revenue": 552
        },
        "2005-10": {
            "month": "2005-10",
            "price": "1.83",
            "revenue": 553
        },
        "2005-11": {
            "month": "2005-11",
            "price": "1.66",
            "revenue": 552
        },
        "2005-12": {
            "month": "2005-12",
            "price": "1.82",
            "revenue": 552
        },
        "2006-01": {
            "month": "2006-01",
            "price": "1.82",
            "revenue": 552
        },
        "2006-02": {
            "month": "2006-02",
            "price": "2.04",
            "revenue": 552
        },
        "2006-03": {
            "month": "2006-03",
            "price": "1.58",
            "revenue": 552
        },
        "2006-04": {
            "month": "2006-04",
            "price": "1.44",
            "revenue": 553
        },
        "2006-05": {
            "month": "2006-05",
            "price": "1.83",
            "revenue": 580
        },
        "2006-06": {
            "month": "2006-06",
            "price": "1.88",
            "revenue": 580
        },
        "2006-07": {
            "month": "2006-07",
            "price": "1.76",
            "revenue": 580
        },
        "2006-08": {
            "month": "2006-08",
            "price": "1.66",
            "revenue": 580
        },
        "2006-09": {
            "month": "2006-09",
            "price": "1.91",
            "revenue": 580
        },
        "2006-10": {
            "month": "2006-10",
            "price": "3.04",
            "revenue": 580
        },
        "2006-11": {
            "month": "2006-11",
            "price": "2.84",
            "revenue": 580
        },
        "2006-12": {
            "month": "2006-12",
            "price": "3.55",
            "revenue": 580
        },
        "2007-01": {
            "month": "2007-01",
            "price": "2.64",
            "revenue": 580
        },
        "2007-02": {
            "month": "2007-02",
            "price": "2.57",
            "revenue": 580
        },
        "2007-03": {
            "month": "2007-03",
            "price": "2.51",
            "revenue": 580
        },
        "2007-04": {
            "month": "2007-04",
            "price": "2.46",
            "revenue": 580
        },
        "2007-05": {
            "month": "2007-05",
            "price": "2.31",
            "revenue": 609
        },
        "2007-06": {
            "month": "2007-06",
            "price": "2.15",
            "revenue": 609
        },
        "2007-07": {
            "month": "2007-07",
            "price": "1.97",
            "revenue": 609
        },
        "2007-08": {
            "month": "2007-08",
            "price": "1.78",
            "revenue": 609
        },
        "2007-09": {
            "month": "2007-09",
            "price": "1.86",
            "revenue": 609
        },
        "2007-10": {
            "month": "2007-10",
            "price": "1.81",
            "revenue": 609
        },
        "2007-11": {
            "month": "2007-11",
            "price": "1.69",
            "revenue": 609
        },
        "2007-12": {
            "month": "2007-12",
            "price": "1.47",
            "revenue": 609
        },
        "2008-01": {
            "month": "2008-01",
            "price": "1.22",
            "revenue": 609
        },
        "2008-02": {
            "month": "2008-02",
            "price": "1.14",
            "revenue": 0
        },
        "2008-03": {
            "month": "2008-03",
            "price": "10.22",
            "revenue": 0
        },
        "2008-04": {
            "month": "2008-04",
            "price": "9.84",
            "revenue": 0
        },
        "2008-05": {
            "month": "2008-05",
            "price": "8.73",
            "revenue": 0
        },
        "2008-06": {
            "month": "2008-06",
            "price": "9.04",
            "revenue": 0
        },
        "2008-07": {
            "month": "2008-07",
            "price": "8.78",
            "revenue": 0
        },
        "2008-08": {
            "month": "2008-08",
            "price": "7.33",
            "revenue": 0
        },
        "2009-02": {
            "month": "2009-02",
            "price": "7.13",
            "revenue": 0
        },
        "2009-03": {
            "month": "2009-03",
            "price": "6.37",
            "revenue": 0
        },
        "2009-04": {
            "month": "2009-04",
            "price": "4.61",
            "revenue": 0
        },
        "2009-05": {
            "month": "2009-05",
            "price": "5.35",
            "revenue": 0
        },
        "2009-06": {
            "month": "2009-06",
            "price": "6.58",
            "revenue": 0
        },
        "2009-07": {
            "month": "2009-07",
            "price": "6.86",
            "revenue": 0
        },
        "2009-08": {
            "month": "2009-08",
            "price": "7.49",
            "revenue": 0
        },
        "2009-09": {
            "month": "2009-09",
            "price": "7.95",
            "revenue": 0
        },
        "2009-10": {
            "month": "2009-10",
            "price": "6.57",
            "revenue": 0
        },
        "2009-11": {
            "month": "2009-11",
            "price": "6.74",
            "revenue": 0
        },
        "2009-12": {
            "month": "2009-12",
            "price": "7.34",
            "revenue": 0
        },
        "2010-01": {
            "month": "2010-01",
            "price": "9.31",
            "revenue": 0
        },
        "2010-02": {
            "month": "2010-02",
            "price": "10.32",
            "revenue": 0
        },
        "2010-03": {
            "month": "2010-03",
            "price": "8.67",
            "revenue": 0
        },
        "2010-04": {
            "month": "2010-04",
            "price": "8.42",
            "revenue": 0
        },
        "2010-05": {
            "month": "2010-05",
            "price": "8.42",
            "revenue": 0
        },
        "2010-06": {
            "month": "2010-06",
            "price": "8.46",
            "revenue": 0
        },
        "2010-07": {
            "month": "2010-07",
            "price": "9.25",
            "revenue": 0
        },
        "2010-08": {
            "month": "2010-08",
            "price": "7.97",
            "revenue": 0
        },
        "2010-09": {
            "month": "2010-09",
            "price": "7.83",
            "revenue": 0
        },
        "2010-10": {
            "month": "2010-10",
            "price": "7.74",
            "revenue": 0
        },
        "2010-11": {
            "month": "2010-11",
            "price": "7.59",
            "revenue": 0
        },
        "2010-12": {
            "month": "2010-12",
            "price": "8.10",
            "revenue": 0
        },
        "2011-01": {
            "month": "2011-01",
            "price": "9.91",
            "revenue": 0
        },
        "2011-02": {
            "month": "2011-02",
            "price": "9.35",
            "revenue": 0
        },
        "2011-03": {
            "month": "2011-03",
            "price": "8.91",
            "revenue": 0
        },
        "2011-05": {
            "month": "2011-05",
            "price": "5.42",
            "revenue": 0
        },
        "2011-06": {
            "month": "2011-06",
            "price": "6.48",
            "revenue": 0
        },
        "2011-07": {
            "month": "2011-07",
            "price": "6.85",
            "revenue": 0
        },
        "2011-09": {
            "month": "2011-09",
            "price": "7.20",
            "revenue": 0
        },
        "2011-10": {
            "month": "2011-10",
            "price": "7.20",
            "revenue": 0
        },
        "2011-11": {
            "month": "2011-11",
            "price": "7.70",
            "revenue": 0
        },
        "2012-02": {
            "month": "2012-02",
            "price": "6.19",
            "revenue": 0
        },
        "2012-03": {
            "month": "2012-03",
            "price": "6.33",
            "revenue": 0
        },
        "2012-05": {
            "month": "2012-05",
            "price": "6.74",
            "revenue": 19
        },
        "2012-06": {
            "month": "2012-06",
            "price": "6.18",
            "revenue": 19
        },
        "2012-09": {
            "month": "2012-09",
            "price": "5.97",
            "revenue": 19
        },
        "2012-10": {
            "month": "2012-10",
            "price": "5.97",
            "revenue": 19
        },
        "2012-11": {
            "month": "2012-11",
            "price": "5.97",
            "revenue": 0
        },
        "2012-12": {
            "month": "2012-12",
            "price": "5.80",
            "revenue": 38
        },
        "2013-03": {
            "month": "2013-03",
            "price": "5.80",
            "revenue": 145
        },
        "2013-04": {
            "month": "2013-04",
            "price": "8.63",
            "revenue": 19
        },
        "2013-05": {
            "month": "2013-05",
            "price": "25.72",
            "revenue": 0
        },
        "2013-06": {
            "month": "2013-06",
            "price": "32.23",
            "revenue": 101
        },
        "2013-07": {
            "month": "2013-07",
            "price": "28.22",
            "revenue": 0
        },
        "2013-08": {
            "month": "2013-08",
            "price": "21.75",
            "revenue": 1905
        },
        "2013-09": {
            "month": "2013-09",
            "price": "31.68",
            "revenue": 54424
        },
        "2013-10": {
            "month": "2013-10",
            "price": "31.23",
            "revenue": 20717
        },
        "2013-11": {
            "month": "2013-11",
            "price": "38.66",
            "revenue": 359679
        },
        "2013-12": {
            "month": "2013-12",
            "price": "58.37",
            "revenue": 70039
        },
        "2014-01": {
            "month": "2014-01",
            "price": "51.09",
            "revenue": 96104
        },
        "2014-02": {
            "month": "2014-02",
            "price": "66.10",
            "revenue": 45220
        },
        "2014-03": {
            "month": "2014-03",
            "price": "56.41",
            "revenue": 57281
        },
        "2014-04": {
            "month": "2014-04",
            "price": "62.70",
            "revenue": 34373
        },
        "2014-05": {
            "month": "2014-05",
            "price": "54.67",
            "revenue": 123025
        },
        "2014-06": {
            "month": "2014-06",
            "price": "47.47",
            "revenue": 157756
        },
        "2014-07": {
            "month": "2014-07",
            "price": "38.39",
            "revenue": 62954
        },
        "2014-08": {
            "month": "2014-08",
            "price": "36.26",
            "revenue": 32246
        },
        "2014-09": {
            "month": "2014-09",
            "price": "38.48",
            "revenue": 196465
        },
        "2014-10": {
            "month": "2014-10",
            "price": "38.23",
            "revenue": 109847
        },
        "2014-11": {
            "month": "2014-11",
            "price": "37.18",
            "revenue": 163081
        },
        "2014-12": {
            "month": "2014-12",
            "price": "38.16",
            "revenue": 72138
        },
        "2015-01": {
            "month": "2015-01",
            "price": "36.67",
            "revenue": 30582
        },
        "2015-02": {
            "month": "2015-02",
            "price": "36.46",
            "revenue": 89857
        },
        "2015-03": {
            "month": "2015-03",
            "price": "34.75",
            "revenue": 87437
        },
        "2015-04": {
            "month": "2015-04",
            "price": "36.11",
            "revenue": 50368
        },
        "2015-05": {
            "month": "2015-05",
            "price": "36.56",
            "revenue": 82852
        },
        "2015-06": {
            "month": "2015-06",
            "price": "34.83",
            "revenue": 45045
        },
        "2015-07": {
            "month": "2015-07",
            "price": "33.48",
            "revenue": 26027
        },
        "2015-08": {
            "month": "2015-08",
            "price": "32.81",
            "revenue": 54079
        },
        "2015-09": {
            "month": "2015-09",
            "price": "30.56",
            "revenue": 77114
        },
        "2015-10": {
            "month": "2015-10",
            "price": "29.60",
            "revenue": 52162
        },
        "2015-11": {
            "month": "2015-11",
            "price": "29.77",
            "revenue": 41634
        },
        "2015-12": {
            "month": "2015-12",
            "price": "32.36",
            "revenue": 201179
        },
        "2016-01": {
            "month": "2016-01",
            "price": "31.48",
            "revenue": 41670
        },
        "2016-02": {
            "month": "2016-02",
            "price": "29.58",
            "revenue": 31163
        },
        "2016-03": {
            "month": "2016-03",
            "price": "28.65",
            "revenue": 35118
        },
        "2016-04": {
            "month": "2016-04",
            "price": "28.60",
            "revenue": 28781
        },
        "2016-05": {
            "month": "2016-05",
            "price": "26.71",
            "revenue": 18351
        },
        "2016-06": {
            "month": "2016-06",
            "price": "26.85",
            "revenue": 137930
        },
        "2016-07": {
            "month": "2016-07",
            "price": "27.38",
            "revenue": 272109
        },
        "2016-08": {
            "month": "2016-08",
            "price": "24.48",
            "revenue": 78178
        },
        "2016-09": {
            "month": "2016-09",
            "price": "24.57",
            "revenue": 116572
        },
        "2016-10": {
            "month": "2016-10",
            "price": "26.00",
            "revenue": 69383
        },
        "2016-11": {
            "month": "2016-11",
            "price": "24.88",
            "revenue": 52105
        },
        "2016-12": {
            "month": "2016-12",
            "price": "24.43",
            "revenue": 276953
        },
        "2017-01": {
            "month": "2017-01",
            "price": "24.10",
            "revenue": 49408
        },
        "2017-02": {
            "month": "2017-02",
            "price": "24.48",
            "revenue": 45257
        },
        "2017-03": {
            "month": "2017-03",
            "price": "24.77",
            "revenue": 58919
        },
        "2017-04": {
            "month": "2017-04",
            "price": "24.03",
            "revenue": 70268
        },
        "2017-05": {
            "month": "2017-05",
            "price": "23.50",
            "revenue": 128662
        },
        "2017-06": {
            "month": "2017-06",
            "price": "27.21",
            "revenue": 88889
        },
        "2017-07": {
            "month": "2017-07",
            "price": "26.51",
            "revenue": 44286
        },
        "2017-08": {
            "month": "2017-08",
            "price": "24.10",
            "revenue": 40155
        },
        "2017-09": {
            "month": "2017-09",
            "price": "23.27",
            "revenue": 103196
        },
        "2017-10": {
            "month": "2017-10",
            "price": "22.33",
            "revenue": 61197
        },
        "2017-11": {
            "month": "2017-11",
            "price": "21.64",
            "revenue": 156128
        },
        "2017-12": {
            "month": "2017-12",
            "price": "21.39",
            "revenue": 138622
        },
        "2018-01": {
            "month": "2018-01",
            "price": "23.14",
            "revenue": 108509
        },
        "2018-02": {
            "month": "2018-02",
            "price": "23.48",
            "revenue": 76439
        },
        "2018-03": {
            "month": "2018-03",
            "price": "25.57",
            "revenue": 188844
        },
        "2018-04": {
            "month": "2018-04",
            "price": "29.91",
            "revenue": 93073
        },
        "2018-05": {
            "month": "2018-05",
            "price": "35.60",
            "revenue": 126605
        },
        "2018-06": {
            "month": "2018-06",
            "price": "30.97",
            "revenue": 117022
        },
        "2018-07": {
            "month": "2018-07",
            "price": "25.28",
            "revenue": 99778
        },
        "2018-08": {
            "month": "2018-08",
            "price": "25.07",
            "revenue": 149105
        },
        "2018-09": {
            "month": "2018-09",
            "price": "26.78",
            "revenue": 406924
        },
        "2018-10": {
            "month": "2018-10",
            "price": "25.34",
            "revenue": 241808
        },
        "2018-11": {
            "month": "2018-11",
            "price": "23.98",
            "revenue": 130927
        },
        "2018-12": {
            "month": "2018-12",
            "price": "25.99",
            "revenue": 125908
        },
        "2019-01": {
            "month": "2019-01",
            "price": "25.71",
            "revenue": 100460
        },
        "2019-02": {
            "month": "2019-02",
            "price": "24.86",
            "revenue": 74823
        },
        "2019-03": {
            "month": "2019-03",
            "price": "25.64",
            "revenue": 143683
        },
        "2019-04": {
            "month": "2019-04",
            "price": "24.84",
            "revenue": 155793
        },
        "2019-05": {
            "month": "2019-05",
            "price": "24.83",
            "revenue": 404149
        },
        "2019-06": {
            "month": "2019-06",
            "price": "24.78",
            "revenue": 113905
        },
        "2019-07": {
            "month": "2019-07",
            "price": "24.47",
            "revenue": 151217
        },
        "2019-08": {
            "month": "2019-08",
            "price": "23.25",
            "revenue": 207505
        },
        "2019-09": {
            "month": "2019-09",
            "price": "23.21",
            "revenue": 182665
        },
        "2019-10": {
            "month": "2019-10",
            "price": "23.23",
            "revenue": 223363
        },
        "2019-11": {
            "month": "2019-11",
            "price": "23.43",
            "revenue": 221776
        },
        "2019-12": {
            "month": "2019-12",
            "price": "23.94",
            "revenue": 232382
        },
        "2020-01": {
            "month": "2020-01",
            "price": "26.40",
            "revenue": 302951
        },
        "2020-02": {
            "month": "2020-02",
            "price": "24.67",
            "revenue": 276372
        },
        "2020-03": {
            "month": "2020-03",
            "price": "20.59",
            "revenue": 227400
        },
        "2020-04": {
            "month": "2020-04",
            "price": "22.57",
            "revenue": 219377
        },
        "2020-05": {
            "month": "2020-05",
            "price": "28.99",
            "revenue": 194964
        },
        "2020-06": {
            "month": "2020-06",
            "price": "33.43",
            "revenue": 387445
        },
        "2020-07": {
            "month": "2020-07",
            "price": "33.07",
            "revenue": 404760
        },
        "2020-08": {
            "month": "2020-08",
            "price": "39.41",
            "revenue": 647282
        },
        "2020-09": {
            "month": "2020-09",
            "price": "57.44",
            "revenue": 572349
        },
        "2020-10": {
            "month": "2020-10",
            "price": "60.34",
            "revenue": 356717
        },
        "2020-11": {
            "month": "2020-11",
            "price": "65.56",
            "revenue": 615536
        },
        "2020-12": {
            "month": "2020-12",
            "price": "70.71",
            "revenue": 670298
        },
        "2021-01": {
            "month": "2021-01",
            "price": "68.56",
            "revenue": 286676
        },
        "2021-02": {
            "month": "2021-02",
            "price": "67.55",
            "revenue": 425512
        },
        "2021-03": {
            "month": "2021-03",
            "price": "66.45",
            "revenue": 492359
        },
        "2021-04": {
            "month": "2021-04",
            "price": "74.52",
            "revenue": 428651
        },
        "2021-05": {
            "month": "2021-05",
            "price": "74.97",
            "revenue": 282442
        },
        "2021-06": {
            "month": "2021-06",
            "price": "71.68",
            "revenue": 351153
        },
        "2021-07": {
            "month": "2021-07",
            "price": "70.71",
            "revenue": 360344
        },
        "2021-08": {
            "month": "2021-08",
            "price": "75.46",
            "revenue": 356137
        },
        "2021-09": {
            "month": "2021-09",
            "price": "81.41",
            "revenue": 397499
        },
        "2021-10": {
            "month": "2021-10",
            "price": "83.38",
            "revenue": 624403
        },
        "2021-11": {
            "month": "2021-11",
            "price": "75.65",
            "revenue": 582710
        },
        "2021-12": {
            "month": "2021-12",
            "price": "72.89",
            "revenue": 737693
        },
        "2022-01": {
            "month": "2022-01",
            "price": "71.79",
            "revenue": 376983
        },
        "2022-02": {
            "month": "2022-02",
            "price": "80.43",
            "revenue": 311933
        },
        "2022-03": {
            "month": "2022-03",
            "price": "106.66",
            "revenue": 430308
        },
        "2022-04": {
            "month": "2022-04",
            "price": "122.34",
            "revenue": 478161
        },
        "2022-05": {
            "month": "2022-05",
            "price": "118.62",
            "revenue": 249242
        },
        "2022-06": {
            "month": "2022-06",
            "price": "123.57",
            "revenue": 276318
        },
        "2022-07": {
            "month": "2022-07",
            "price": "118.19",
            "revenue": 388128
        },
        "2022-08": {
            "month": "2022-08",
            "price": "121.91",
            "revenue": 461649
        },
        "2022-09": {
            "month": "2022-09",
            "price": "110.02",
            "revenue": 318140
        },
        "2022-10": {
            "month": "2022-10",
            "price": "90.65",
            "revenue": 364649
        },
        "2022-11": {
            "month": "2022-11",
            "price": "73.85",
            "revenue": 279838
        },
        "2022-12": {
            "month": "2022-12",
            "price": "72.85",
            "revenue": 798661
        },
        "2023-01": {
            "month": "2023-01",
            "price": "74.65",
            "revenue": 226816
        },
        "2023-02": {
            "month": "2023-02",
            "price": "78.19",
            "revenue": 349956
        },
        "2023-03": {
            "month": "2023-03",
            "price": "76.70",
            "revenue": 921912
        },
        "2023-04": {
            "month": "2023-04",
            "price": "76.36",
            "revenue": 715474
        },
        "2023-05": {
            "month": "2023-05",
            "price": "77.76",
            "revenue": 517993
        }
    }
}
