{
    "summary": {
        "stock_name": "興富發",
        "stock_id": "2542",
        "category": "建材營造",
        "main_business": "委託營造廠商興建商業大樓及國民住宅出租、出售業務。<br>有關室內裝潢之設計及施工業務。<br>有關建材、裝潢材料及建設機械之買賣及進出口業務等。",
        "website_url": "http://www.highwealth.com.tw/",
        "ceo": "范華軍",
        "pe_ratio": 18,
        "report_year_from": 2001,
        "report_year_to": 2023,
        "age": 22,
        "eps_negative_percentage": 19,
        "eps_growth_avg": {
            "last_all": 16.44,
            "last_2y": 6.75,
            "last_4y": 12.89,
            "last_8y": -5.97,
            "last_12y": -0.39,
            "last_16y": 9.23,
            "last_20y": 16.44,
            "at_2006_last_3y": 85.1,
            "at_2007_last_3y": 63.41,
            "at_2008_last_3y": 37.56,
            "at_2009_last_3y": 40.51,
            "at_2010_last_3y": 25.81,
            "at_2011_last_3y": 23.37,
            "at_2012_last_3y": 31.03,
            "at_2013_last_3y": 12.18,
            "at_2014_last_3y": 6.92,
            "at_2015_last_3y": -0.4,
            "at_2016_last_3y": -6.01,
            "at_2017_last_3y": -29.55,
            "at_2018_last_3y": -9.6,
            "at_2019_last_3y": -13.37,
            "at_2020_last_3y": -10.4,
            "at_2021_last_3y": 32.01,
            "at_2022_last_3y": -8.89,
            "at_2023_last_3y": -8.89,
            "at_2006_last_all": 85.1,
            "at_2007_last_all": 63.41,
            "at_2008_last_all": 43.47,
            "at_2009_last_all": 52.89,
            "at_2010_last_all": 51.22,
            "at_2011_last_all": 43.39,
            "at_2012_last_all": 37.94,
            "at_2013_last_all": 36.61,
            "at_2014_last_all": 35.11,
            "at_2015_last_all": 28.79,
            "at_2016_last_all": 24.42,
            "at_2017_last_all": 17.7,
            "at_2018_last_all": 23.19,
            "at_2019_last_all": 18.25,
            "at_2020_last_all": 16.23,
            "at_2021_last_all": 20.88,
            "at_2022_last_all": 16.44,
            "at_2023_last_all": 16.44
        },
        "latest_eps": 2.31,
        "latest_price": 41.65,
        "latest_roe": 9.22,
        "latest_gross_margin": 33.93,
        "latest_equity": 50534848,
        "latest_revenue": 9104983,
        "latest_gross_profit": 3089399,
        "latest_net_income": 1733109,
        "latest_debt_ratio": 77.51,
        "latest_current_ratio": 138.44,
        "latest_account_receivable_turnover_ratio": 2.48,
        "latest_inventory_turnover_ratio": 0.04,
        "latest_reinvestment_rate": 15.22,
        "latest_research_to_sale_ratio": null
    },
    "eps_dividends": {
        "1999": {
            "cash": 0,
            "stock": 2,
            "eps": 0
        },
        "2000": {
            "cash": 2,
            "stock": 2,
            "eps": 0
        },
        "2001": {
            "cash": 1,
            "stock": 1,
            "eps": -1.34
        },
        "2002": {
            "cash": 0,
            "stock": 0,
            "eps": -1.26
        },
        "2003": {
            "cash": 0,
            "stock": 0,
            "eps": 0.76
        },
        "2004": {
            "cash": 0,
            "stock": 1,
            "eps": 1.27
        },
        "2005": {
            "cash": 0,
            "stock": 0,
            "eps": 2.39
        },
        "2006": {
            "cash": 0,
            "stock": 2,
            "eps": 5.41
        },
        "2007": {
            "cash": 0,
            "stock": 4,
            "eps": 5.32
        },
        "2008": {
            "cash": 3,
            "stock": 1,
            "eps": 3.39
        },
        "2009": {
            "cash": 2,
            "stock": 0,
            "eps": 7.38
        },
        "2010": {
            "cash": 5,
            "stock": 0,
            "eps": 10.42
        },
        "2011": {
            "cash": 9,
            "stock": 0,
            "eps": 9.23
        },
        "2012": {
            "cash": 0,
            "stock": 0,
            "eps": 8.71
        },
        "2013": {
            "cash": 3,
            "stock": 0,
            "eps": 10.85
        },
        "2014": {
            "cash": 2,
            "stock": 5,
            "eps": 13.04
        },
        "2015": {
            "cash": 4,
            "stock": 3,
            "eps": 7.73
        },
        "2016": {
            "cash": 6,
            "stock": 0,
            "eps": 5.56
        },
        "2017": {
            "cash": 5,
            "stock": 0,
            "eps": 1.69
        },
        "2018": {
            "cash": 4,
            "stock": 0,
            "eps": 6.02
        },
        "2019": {
            "cash": 4,
            "stock": 0,
            "eps": 2.66
        },
        "2020": {
            "cash": 2,
            "stock": 0,
            "eps": 2.23
        },
        "2021": {
            "cash": 2,
            "stock": 0,
            "eps": 6.48
        },
        "2022": {
            "cash": 4,
            "stock": 1,
            "eps": 2.36
        },
        "2023": {
            "cash": 1,
            "stock": 1,
            "eps": 0.62
        }
    },
    "dividends": {
        "1999-04-20": {
            "cash": 0,
            "stock": 1.5
        },
        "2000-09-15": {
            "cash": 2,
            "stock": 2
        },
        "2001-06-20": {
            "cash": 0.7,
            "stock": 0.5
        },
        "2004-03-16": {
            "cash": 0.1,
            "stock": 1.4
        },
        "2006-03-06": {
            "cash": 0.2,
            "stock": 1.77
        },
        "2007-03-16": {
            "cash": 0.45,
            "stock": 3.99
        },
        "2008-03-25": {
            "cash": 3.01,
            "stock": 0.5
        },
        "2009-04-27": {
            "cash": 2.3,
            "stock": 0.46
        },
        "2010-03-19": {
            "cash": 5.04,
            "stock": 0
        },
        "2011-01-01": {
            "cash": 3,
            "stock": 0
        },
        "2011-03-14": {
            "cash": 6.1,
            "stock": 0
        },
        "2013-03-21": {
            "cash": 3,
            "stock": 0
        },
        "2014-09-26": {
            "cash": 2,
            "stock": 5
        },
        "2015-10-23": {
            "cash": 4,
            "stock": 3
        },
        "2016-08-05": {
            "cash": 6,
            "stock": 0
        },
        "2017-10-05": {
            "cash": 5,
            "stock": 0
        },
        "2018-10-05": {
            "cash": 3.5,
            "stock": 0
        },
        "2019-10-30": {
            "cash": 3.5,
            "stock": 0
        },
        "2020-03-16": {
            "cash": 1,
            "stock": 0
        },
        "2020-10-30": {
            "cash": 1,
            "stock": 0
        },
        "2021-10-29": {
            "cash": 2,
            "stock": 0
        },
        "2022-10-31": {
            "cash": 4.16,
            "stock": 1.04
        },
        "2023-04-11": {
            "cash": 0.5,
            "stock": 1
        }
    },
    "prices": {
        "200101": "3.04",
        "200102": "4.12",
        "200103": "4.10",
        "200104": "3.35",
        "200105": "2.75",
        "200106": "2.51",
        "200107": "2.14",
        "200108": "2.24",
        "200109": "1.97",
        "200110": "1.87",
        "200111": "1.77",
        "200112": "1.93",
        "200201": "1.98",
        "200202": "2.16",
        "200203": "2.54",
        "200204": "3.93",
        "200205": "3.68",
        "200206": "4.06",
        "200207": "3.55",
        "200208": "3.73",
        "200209": "2.93",
        "200210": "2.34",
        "200211": "2.45",
        "200212": "2.68",
        "200301": "3.07",
        "200302": "3.04",
        "200303": "2.88",
        "200304": "2.74",
        "200305": "2.39",
        "200306": "3.48",
        "200307": "4.55",
        "200308": "6.27",
        "200309": "9.17",
        "200310": "12.00",
        "200311": "10.51",
        "200312": "10.36",
        "200401": "14.31",
        "200402": "18.14",
        "200403": "19.47",
        "200404": "18.79",
        "200405": "15.46",
        "200406": "16.65",
        "200407": "16.04",
        "200408": "18.82",
        "200409": "23.80",
        "200410": "23.00",
        "200411": "20.99",
        "200412": "23.92",
        "200501": "25.28",
        "200502": "24.97",
        "200503": "24.11",
        "200504": "20.38",
        "200505": "20.05",
        "200506": "22.48",
        "200507": "22.72",
        "200508": "22.39",
        "200509": "23.59",
        "200510": "23.31",
        "200511": "22.82",
        "200512": "25.11",
        "200601": "27.38",
        "200602": "28.15",
        "200603": "27.74",
        "200604": "33.05",
        "200605": "37.94",
        "200606": "39.10",
        "200607": "43.26",
        "200608": "37.12",
        "200609": "34.42",
        "200610": "40.40",
        "200611": "47.52",
        "200612": "44.34",
        "200701": "41.83",
        "200702": "43.73",
        "200703": "46.05",
        "200704": "47.25",
        "200705": "45.62",
        "200706": "47.35",
        "200707": "54.50",
        "200708": "45.42",
        "200709": "42.89",
        "200710": "39.68",
        "200711": "32.23",
        "200712": "27.79",
        "200801": "32.20",
        "200802": "34.82",
        "200803": "41.70",
        "200804": "52.97",
        "200805": "50.03",
        "200806": "40.19",
        "200807": "31.90",
        "200808": "25.83",
        "200809": "21.87",
        "200810": "15.65",
        "200811": "14.07",
        "200812": "13.55",
        "200901": "14.31",
        "200902": "14.02",
        "200903": "15.67",
        "200904": "22.57",
        "200905": "31.29",
        "200906": "32.47",
        "200907": "36.25",
        "200908": "36.18",
        "200909": "38.94",
        "200910": "45.14",
        "200911": "43.49",
        "200912": "45.36",
        "201001": "50.79",
        "201002": "47.76",
        "201003": "48.98",
        "201004": "52.04",
        "201005": "50.92",
        "201006": "50.93",
        "201007": "51.97",
        "201008": "50.06",
        "201009": "50.60",
        "201010": "53.21",
        "201011": "60.33",
        "201012": "65.48",
        "201101": "68.14",
        "201102": "67.77",
        "201103": "60.54",
        "201104": "63.41",
        "201105": "64.69",
        "201106": "65.87",
        "201107": "70.43",
        "201108": "59.07",
        "201109": "53.08",
        "201110": "51.24",
        "201111": "48.94",
        "201112": "43.65",
        "201201": "44.51",
        "201202": "51.13",
        "201203": "54.37",
        "201204": "50.14",
        "201205": "48.20",
        "201206": "46.25",
        "201207": "45.49",
        "201208": "48.65",
        "201209": "50.57",
        "201210": "47.11",
        "201211": "52.30",
        "201212": "54.80",
        "201301": "58.44",
        "201302": "62.77",
        "201303": "62.96",
        "201304": "63.94",
        "201305": "66.08",
        "201306": "63.44",
        "201307": "64.47",
        "201308": "69.60",
        "201309": "66.29",
        "201310": "64.73",
        "201311": "64.23",
        "201312": "63.25",
        "201401": "60.53",
        "201402": "61.48",
        "201403": "64.34",
        "201404": "69.10",
        "201405": "68.48",
        "201406": "67.61",
        "201407": "67.89",
        "201408": "64.99",
        "201409": "51.48",
        "201410": "49.83",
        "201411": "54.22",
        "201412": "63.46",
        "201501": "64.62",
        "201502": "65.77",
        "201503": "68.38",
        "201504": "79.80",
        "201505": "77.58",
        "201506": "73.08",
        "201507": "69.88",
        "201508": "56.36",
        "201509": "54.81",
        "201510": "47.28",
        "201511": "41.56",
        "201512": "37.00",
        "201601": "33.19",
        "201602": "33.28",
        "201603": "40.45",
        "201604": "48.73",
        "201605": "47.33",
        "201606": "51.88",
        "201607": "50.16",
        "201608": "49.54",
        "201609": "48.77",
        "201610": "47.86",
        "201611": "44.64",
        "201612": "45.95",
        "201701": "46.15",
        "201702": "48.58",
        "201703": "51.56",
        "201704": "51.04",
        "201705": "50.39",
        "201706": "50.31",
        "201707": "50.53",
        "201708": "47.70",
        "201709": "43.93",
        "201710": "40.26",
        "201711": "40.31",
        "201712": "40.92",
        "201801": "43.79",
        "201802": "44.35",
        "201803": "44.81",
        "201804": "45.21",
        "201805": "45.66",
        "201806": "46.40",
        "201807": "45.39",
        "201808": "48.08",
        "201809": "47.75",
        "201810": "46.08",
        "201811": "46.32",
        "201812": "45.83",
        "201901": "46.49",
        "201902": "47.84",
        "201903": "48.50",
        "201904": "49.49",
        "201905": "48.32",
        "201906": "49.18",
        "201907": "49.28",
        "201908": "48.64",
        "201909": "49.67",
        "201910": "46.51",
        "201911": "46.81",
        "201912": "46.23",
        "202001": "46.23",
        "202002": "45.44",
        "202003": "40.55",
        "202004": "41.20",
        "202005": "43.96",
        "202006": "44.78",
        "202007": "43.18",
        "202008": "43.87",
        "202009": "45.35",
        "202010": "43.03",
        "202011": "43.14",
        "202012": "45.17",
        "202101": "44.52",
        "202102": "44.04",
        "202103": "44.46",
        "202104": "44.31",
        "202105": "43.17",
        "202106": "42.53",
        "202107": "45.85",
        "202108": "48.36",
        "202109": "47.04",
        "202110": "44.85",
        "202111": "46.03",
        "202112": "46.57",
        "202201": "46.27",
        "202202": "47.60",
        "202203": "47.67",
        "202204": "47.53",
        "202205": "46.05",
        "202206": "44.79",
        "202207": "44.46",
        "202208": "46.83",
        "202209": "45.96",
        "202210": "40.04",
        "202211": "43.24",
        "202212": "42.19",
        "202301": "40.62",
        "202302": "41.94",
        "202303": "41.28",
        "202304": "41.84",
        "202305": "42.47"
    },
    "quarters": {
        "20011": {
            "year_quarter": 20011,
            "year": 2001,
            "quarter": 1,
            "eps": -0.09,
            "eps_growth_year": -139.13,
            "eps_4q": 0.38,
            "eps_4q_growth_year": -41.27,
            "roe": -0.72,
            "gross_profit": 45054,
            "gross_margin": 12.32,
            "net_income": -23710,
            "revenue": 365662,
            "common_shares": 2514392,
            "equity": 3275664,
            "current_ratio": 184.96,
            "debt_ratio": 52.86,
            "inventory_turnover_ratio": 0.06,
            "account_receivable_turnover_ratio": null,
            "reinvestment_rate": null,
            "research_to_sale_ratio": null,
            "price_fair": 0,
            "eps_avg_yearly": 0,
            "eps_latest_yearly": 0,
            "eps_growth_yearly": 0
        },
        "20012": {
            "year_quarter": 20012,
            "year": 2001,
            "quarter": 2,
            "eps": -0.24,
            "eps_growth_year": -196,
            "eps_4q": 0.02,
            "eps_4q_growth_year": -97.37,
            "roe": -1.9,
            "gross_profit": 44079,
            "gross_margin": 13.04,
            "net_income": -61035,
            "revenue": 338029,
            "common_shares": 2514392,
            "equity": 3159142,
            "current_ratio": 171.08,
            "debt_ratio": 56.43,
            "inventory_turnover_ratio": 0.05,
            "account_receivable_turnover_ratio": null,
            "reinvestment_rate": null,
            "research_to_sale_ratio": null,
            "price_fair": 0,
            "eps_avg_yearly": 0,
            "eps_latest_yearly": 0,
            "eps_growth_yearly": 0
        },
        "20013": {
            "year_quarter": 20013,
            "year": 2001,
            "quarter": 3,
            "eps": -0.48,
            "eps_growth_year": -156.47,
            "eps_4q": -0.98,
            "eps_4q_growth_year": -193.94,
            "roe": -4.13,
            "gross_profit": 7756,
            "gross_margin": 0.94,
            "net_income": -127875,
            "revenue": 822127,
            "common_shares": 2640112,
            "equity": 3026530,
            "current_ratio": 171.59,
            "debt_ratio": 56.32,
            "inventory_turnover_ratio": 0.15,
            "account_receivable_turnover_ratio": null,
            "reinvestment_rate": null,
            "research_to_sale_ratio": null,
            "price_fair": 0,
            "eps_avg_yearly": 0,
            "eps_latest_yearly": 0,
            "eps_growth_yearly": 0
        },
        "20014": {
            "year_quarter": 20014,
            "year": 2001,
            "quarter": 4,
            "eps": -0.53,
            "eps_growth_year": null,
            "eps_4q": -1.33,
            "eps_4q_growth_year": -343.69,
            "roe": -4.72,
            "gross_profit": -53533,
            "gross_margin": -7.87,
            "net_income": -139431,
            "revenue": 680433,
            "common_shares": 2640112,
            "equity": 2886007,
            "current_ratio": 178.42,
            "debt_ratio": 54.13,
            "inventory_turnover_ratio": 0.14,
            "account_receivable_turnover_ratio": null,
            "reinvestment_rate": null,
            "research_to_sale_ratio": null,
            "price_fair": 0,
            "eps_avg_yearly": 0,
            "eps_latest_yearly": 0,
            "eps_growth_yearly": 0
        },
        "20021": {
            "year_quarter": 20021,
            "year": 2002,
            "quarter": 1,
            "eps": -0.26,
            "eps_growth_year": null,
            "eps_4q": -1.53,
            "eps_4q_growth_year": -497.26,
            "roe": -2.37,
            "gross_profit": 15183,
            "gross_margin": 2.73,
            "net_income": -67355,
            "revenue": 556702,
            "common_shares": 2640112,
            "equity": 2807066,
            "current_ratio": 188.62,
            "debt_ratio": 51.03,
            "inventory_turnover_ratio": 0.11,
            "account_receivable_turnover_ratio": null,
            "reinvestment_rate": null,
            "research_to_sale_ratio": null,
            "price_fair": 0,
            "eps_avg_yearly": 0,
            "eps_latest_yearly": 0,
            "eps_growth_yearly": 0
        },
        "20022": {
            "year_quarter": 20022,
            "year": 2002,
            "quarter": 2,
            "eps": -0.25,
            "eps_growth_year": null,
            "eps_4q": -1.51,
            "eps_4q_growth_year": -9087.63,
            "roe": -2.28,
            "gross_profit": 32426,
            "gross_margin": 6.05,
            "net_income": -63287,
            "revenue": 535897,
            "common_shares": 2640112,
            "equity": 2743779,
            "current_ratio": 201.38,
            "debt_ratio": 47.72,
            "inventory_turnover_ratio": 0.11,
            "account_receivable_turnover_ratio": null,
            "reinvestment_rate": null,
            "research_to_sale_ratio": null,
            "price_fair": 0,
            "eps_avg_yearly": 0,
            "eps_latest_yearly": 0,
            "eps_growth_yearly": 0
        },
        "20023": {
            "year_quarter": 20023,
            "year": 2002,
            "quarter": 3,
            "eps": -0.15,
            "eps_growth_year": null,
            "eps_4q": -1.17,
            "eps_4q_growth_year": null,
            "roe": -1.41,
            "gross_profit": 722,
            "gross_margin": 0.31,
            "net_income": -38476,
            "revenue": 229304,
            "common_shares": 2640112,
            "equity": 2705303,
            "current_ratio": 195.53,
            "debt_ratio": 49.07,
            "inventory_turnover_ratio": 0.05,
            "account_receivable_turnover_ratio": null,
            "reinvestment_rate": null,
            "research_to_sale_ratio": null,
            "price_fair": 0,
            "eps_avg_yearly": 0,
            "eps_latest_yearly": 0,
            "eps_growth_yearly": 0
        },
        "20024": {
            "year_quarter": 20024,
            "year": 2002,
            "quarter": 4,
            "eps": -0.6,
            "eps_growth_year": null,
            "eps_4q": -1.27,
            "eps_4q_growth_year": null,
            "roe": -5.89,
            "gross_profit": 34034,
            "gross_margin": 11.94,
            "net_income": -154979,
            "revenue": 285065,
            "common_shares": 2640112,
            "equity": 2554267,
            "current_ratio": 170.26,
            "debt_ratio": 51.72,
            "inventory_turnover_ratio": 0.06,
            "account_receivable_turnover_ratio": null,
            "reinvestment_rate": null,
            "research_to_sale_ratio": null,
            "price_fair": 0,
            "eps_avg_yearly": 0,
            "eps_latest_yearly": 0,
            "eps_growth_yearly": 0
        },
        "20031": {
            "year_quarter": 20031,
            "year": 2003,
            "quarter": 1,
            "eps": 0.03,
            "eps_growth_year": null,
            "eps_4q": -1.17,
            "eps_4q_growth_year": null,
            "roe": 0.25,
            "gross_profit": 51401,
            "gross_margin": 11.54,
            "net_income": 6432,
            "revenue": 445575,
            "common_shares": 2640112,
            "equity": 2555979,
            "current_ratio": 169.55,
            "debt_ratio": 51.24,
            "inventory_turnover_ratio": 0.11,
            "account_receivable_turnover_ratio": null,
            "reinvestment_rate": null,
            "research_to_sale_ratio": null,
            "price_fair": 0,
            "eps_avg_yearly": 0,
            "eps_latest_yearly": 0,
            "eps_growth_yearly": 0
        },
        "20032": {
            "year_quarter": 20032,
            "year": 2003,
            "quarter": 2,
            "eps": 0.04,
            "eps_growth_year": null,
            "eps_4q": -0.71,
            "eps_4q_growth_year": null,
            "roe": 0.39,
            "gross_profit": 76583,
            "gross_margin": 10.89,
            "net_income": 9928,
            "revenue": 703106,
            "common_shares": 2640112,
            "equity": 2565907,
            "current_ratio": 169.11,
            "debt_ratio": 52.1,
            "inventory_turnover_ratio": 0.17,
            "account_receivable_turnover_ratio": null,
            "reinvestment_rate": null,
            "research_to_sale_ratio": null,
            "price_fair": 5.6,
            "eps_avg_yearly": 0.16,
            "eps_latest_yearly": 0.16,
            "eps_growth_yearly": 133.33
        },
        "20033": {
            "year_quarter": 20033,
            "year": 2003,
            "quarter": 3,
            "eps": -0.06,
            "eps_growth_year": null,
            "eps_4q": -0.59,
            "eps_4q_growth_year": null,
            "roe": -0.62,
            "gross_profit": 15327,
            "gross_margin": 5.81,
            "net_income": -15921,
            "revenue": 263829,
            "common_shares": 2640112,
            "equity": 2549985,
            "current_ratio": 165.79,
            "debt_ratio": 53.58,
            "inventory_turnover_ratio": 0.06,
            "account_receivable_turnover_ratio": null,
            "reinvestment_rate": null,
            "research_to_sale_ratio": null,
            "price_fair": 5.6,
            "eps_avg_yearly": 0.16,
            "eps_latest_yearly": 0.16,
            "eps_growth_yearly": 133.33
        },
        "20034": {
            "year_quarter": 20034,
            "year": 2003,
            "quarter": 4,
            "eps": 0.75,
            "eps_growth_year": null,
            "eps_4q": 0.75,
            "eps_4q_growth_year": null,
            "roe": 7.3,
            "gross_profit": 273161,
            "gross_margin": 19.07,
            "net_income": 193618,
            "revenue": 1432685,
            "common_shares": 2640112,
            "equity": 2752122,
            "current_ratio": 176.59,
            "debt_ratio": 51.87,
            "inventory_turnover_ratio": 0.3,
            "account_receivable_turnover_ratio": null,
            "reinvestment_rate": null,
            "research_to_sale_ratio": null,
            "price_fair": 5.6,
            "eps_avg_yearly": 0.16,
            "eps_latest_yearly": 0.16,
            "eps_growth_yearly": 133.33
        },
        "20041": {
            "year_quarter": 20041,
            "year": 2004,
            "quarter": 1,
            "eps": 0.1,
            "eps_growth_year": 233.33,
            "eps_4q": 0.87,
            "eps_4q_growth_year": null,
            "roe": 0.89,
            "gross_profit": 67556,
            "gross_margin": 16.93,
            "net_income": 24474,
            "revenue": 399103,
            "common_shares": 2640112,
            "equity": 2776596,
            "current_ratio": 146.01,
            "debt_ratio": 63.2,
            "inventory_turnover_ratio": 0.08,
            "account_receivable_turnover_ratio": null,
            "reinvestment_rate": null,
            "research_to_sale_ratio": null,
            "price_fair": 0.84,
            "eps_avg_yearly": 0.28,
            "eps_latest_yearly": 0.4,
            "eps_growth_yearly": -106.67
        },
        "20042": {
            "year_quarter": 20042,
            "year": 2004,
            "quarter": 2,
            "eps": 0.87,
            "eps_growth_year": 2075,
            "eps_4q": 1.66,
            "eps_4q_growth_year": null,
            "roe": 7.74,
            "gross_profit": 359035,
            "gross_margin": 19.67,
            "net_income": 223966,
            "revenue": 1825369,
            "common_shares": 2640112,
            "equity": 3007474,
            "current_ratio": 163.05,
            "debt_ratio": 56.19,
            "inventory_turnover_ratio": 0.32,
            "account_receivable_turnover_ratio": null,
            "reinvestment_rate": null,
            "research_to_sale_ratio": null,
            "price_fair": 47.13,
            "eps_avg_yearly": 1.35,
            "eps_latest_yearly": 3.48,
            "eps_growth_yearly": 955.56
        },
        "20043": {
            "year_quarter": 20043,
            "year": 2004,
            "quarter": 3,
            "eps": 0.35,
            "eps_growth_year": null,
            "eps_4q": 2.07,
            "eps_4q_growth_year": null,
            "roe": 2.95,
            "gross_profit": 148740,
            "gross_margin": 29.4,
            "net_income": 89958,
            "revenue": 506001,
            "common_shares": 2640112,
            "equity": 3097432,
            "current_ratio": 149.71,
            "debt_ratio": 60.45,
            "inventory_turnover_ratio": 0.08,
            "account_receivable_turnover_ratio": null,
            "reinvestment_rate": null,
            "research_to_sale_ratio": null,
            "price_fair": 47.6,
            "eps_avg_yearly": 1.36,
            "eps_latest_yearly": 1.4,
            "eps_growth_yearly": 656.9
        },
        "20044": {
            "year_quarter": 20044,
            "year": 2004,
            "quarter": 4,
            "eps": -0.05,
            "eps_growth_year": -106.67,
            "eps_4q": 1.27,
            "eps_4q_growth_year": 68.95,
            "roe": -0.43,
            "gross_profit": 162406,
            "gross_margin": 29.09,
            "net_income": -13218,
            "revenue": 558329,
            "common_shares": 2640112,
            "equity": 3084214,
            "current_ratio": 152.13,
            "debt_ratio": 60.91,
            "inventory_turnover_ratio": 0.08,
            "account_receivable_turnover_ratio": null,
            "reinvestment_rate": null,
            "research_to_sale_ratio": null,
            "price_fair": 47.6,
            "eps_avg_yearly": 1.36,
            "eps_latest_yearly": 1.4,
            "eps_growth_yearly": 656.9
        },
        "20051": {
            "year_quarter": 20051,
            "year": 2005,
            "quarter": 1,
            "eps": 1.29,
            "eps_growth_year": 1190,
            "eps_4q": 2.46,
            "eps_4q_growth_year": 184.07,
            "roe": 10.19,
            "gross_profit": 424079,
            "gross_margin": 33.72,
            "net_income": 331033,
            "revenue": 1257795,
            "common_shares": 2640112,
            "equity": 3415247,
            "current_ratio": 150.3,
            "debt_ratio": 62.06,
            "inventory_turnover_ratio": 0.15,
            "account_receivable_turnover_ratio": null,
            "reinvestment_rate": 118.41,
            "research_to_sale_ratio": null,
            "price_fair": 47.6,
            "eps_avg_yearly": 1.36,
            "eps_latest_yearly": 1.4,
            "eps_growth_yearly": 656.9
        },
        "20052": {
            "year_quarter": 20052,
            "year": 2005,
            "quarter": 2,
            "eps": 0.21,
            "eps_growth_year": -75.86,
            "eps_4q": 1.79,
            "eps_4q_growth_year": 7.98,
            "roe": 1.58,
            "gross_profit": 86622,
            "gross_margin": 20.79,
            "net_income": 54288,
            "revenue": 416575,
            "common_shares": 2640112,
            "equity": 3439334,
            "current_ratio": 145.73,
            "debt_ratio": 64.32,
            "inventory_turnover_ratio": 0.05,
            "account_receivable_turnover_ratio": null,
            "reinvestment_rate": 75.09,
            "research_to_sale_ratio": null,
            "price_fair": 43.96,
            "eps_avg_yearly": 1.26,
            "eps_latest_yearly": 0.84,
            "eps_growth_yearly": 458.54
        },
        "20053": {
            "year_quarter": 20053,
            "year": 2005,
            "quarter": 3,
            "eps": 0.54,
            "eps_growth_year": 54.29,
            "eps_4q": 1.8,
            "eps_4q_growth_year": -13.18,
            "roe": 4.5,
            "gross_profit": 233475,
            "gross_margin": 30.53,
            "net_income": 159850,
            "revenue": 764679,
            "common_shares": 2640112,
            "equity": 3662523,
            "current_ratio": 146.73,
            "debt_ratio": 63.61,
            "inventory_turnover_ratio": 0.08,
            "account_receivable_turnover_ratio": null,
            "reinvestment_rate": 39.28,
            "research_to_sale_ratio": null,
            "price_fair": 49.23,
            "eps_avg_yearly": 1.41,
            "eps_latest_yearly": 2.16,
            "eps_growth_yearly": 486.88
        },
        "20054": {
            "year_quarter": 20054,
            "year": 2005,
            "quarter": 4,
            "eps": 0.35,
            "eps_growth_year": null,
            "eps_4q": 2.21,
            "eps_4q_growth_year": 73.69,
            "roe": 2.77,
            "gross_profit": 213554,
            "gross_margin": 30.89,
            "net_income": 102814,
            "revenue": 691412,
            "common_shares": 3020377,
            "equity": 3771819,
            "current_ratio": 148.42,
            "debt_ratio": 68.28,
            "inventory_turnover_ratio": 0.06,
            "account_receivable_turnover_ratio": null,
            "reinvestment_rate": 27.17,
            "research_to_sale_ratio": null,
            "price_fair": 49.2,
            "eps_avg_yearly": 1.41,
            "eps_latest_yearly": 1.4,
            "eps_growth_yearly": 397.22
        },
        "20061": {
            "year_quarter": 20061,
            "year": 2006,
            "quarter": 1,
            "eps": 0.35,
            "eps_growth_year": -72.87,
            "eps_4q": 1.4,
            "eps_4q_growth_year": -43.12,
            "roe": 2.75,
            "gross_profit": 159856,
            "gross_margin": 30.68,
            "net_income": 105612,
            "revenue": 521106,
            "common_shares": 3035908,
            "equity": 3910466,
            "current_ratio": 142.27,
            "debt_ratio": 70.46,
            "inventory_turnover_ratio": 0.04,
            "account_receivable_turnover_ratio": null,
            "reinvestment_rate": 38.34,
            "research_to_sale_ratio": null,
            "price_fair": 49.18,
            "eps_avg_yearly": 1.41,
            "eps_latest_yearly": 1.4,
            "eps_growth_yearly": 347.57
        },
        "20062": {
            "year_quarter": 20062,
            "year": 2006,
            "quarter": 2,
            "eps": 0.25,
            "eps_growth_year": 19.05,
            "eps_4q": 1.29,
            "eps_4q_growth_year": -27.86,
            "roe": 2.23,
            "gross_profit": 116387,
            "gross_margin": 30.05,
            "net_income": 88583,
            "revenue": 387338,
            "common_shares": 3065493,
            "equity": 4032509,
            "current_ratio": 144.58,
            "debt_ratio": 75.8,
            "inventory_turnover_ratio": 0.02,
            "account_receivable_turnover_ratio": null,
            "reinvestment_rate": 34.25,
            "research_to_sale_ratio": null,
            "price_fair": 47.6,
            "eps_avg_yearly": 1.36,
            "eps_latest_yearly": 1,
            "eps_growth_yearly": 296.25
        },
        "20063": {
            "year_quarter": 20063,
            "year": 2006,
            "quarter": 3,
            "eps": 2.08,
            "eps_growth_year": 285.19,
            "eps_4q": 2.92,
            "eps_4q_growth_year": 62.26,
            "roe": 16.75,
            "gross_profit": 999991,
            "gross_margin": 38.47,
            "net_income": 739114,
            "revenue": 2599485,
            "common_shares": 3649060,
            "equity": 4790939,
            "current_ratio": 149.88,
            "debt_ratio": 72.91,
            "inventory_turnover_ratio": 0.13,
            "account_receivable_turnover_ratio": null,
            "reinvestment_rate": 21.54,
            "research_to_sale_ratio": null,
            "price_fair": 71.96,
            "eps_avg_yearly": 2.06,
            "eps_latest_yearly": 8.32,
            "eps_growth_yearly": 559.42
        },
        "20064": {
            "year_quarter": 20064,
            "year": 2006,
            "quarter": 4,
            "eps": 2.73,
            "eps_growth_year": 680,
            "eps_4q": 5.33,
            "eps_4q_growth_year": 141.46,
            "roe": 17.91,
            "gross_profit": 1205008,
            "gross_margin": 31.55,
            "net_income": 981362,
            "revenue": 3819381,
            "common_shares": 3863249,
            "equity": 6167518,
            "current_ratio": 140.53,
            "debt_ratio": 73.77,
            "inventory_turnover_ratio": 0.18,
            "account_receivable_turnover_ratio": null,
            "reinvestment_rate": 4.32,
            "research_to_sale_ratio": null,
            "price_fair": 100.16,
            "eps_avg_yearly": 2.86,
            "eps_latest_yearly": 10.92,
            "eps_growth_yearly": 519.93
        },
        "20071": {
            "year_quarter": 20071,
            "year": 2007,
            "quarter": 1,
            "eps": 1.43,
            "eps_growth_year": 308.57,
            "eps_4q": 6.18,
            "eps_4q_growth_year": 341.16,
            "roe": 8.43,
            "gross_profit": 807459,
            "gross_margin": 26.4,
            "net_income": 544858,
            "revenue": 3059121,
            "common_shares": 3882944,
            "equity": 6763393,
            "current_ratio": 148.78,
            "debt_ratio": 71.14,
            "inventory_turnover_ratio": 0.14,
            "account_receivable_turnover_ratio": null,
            "reinvestment_rate": 37.59,
            "research_to_sale_ratio": null,
            "price_fair": 108.5,
            "eps_avg_yearly": 3.1,
            "eps_latest_yearly": 5.72,
            "eps_growth_yearly": 460.73
        },
        "20072": {
            "year_quarter": 20072,
            "year": 2007,
            "quarter": 2,
            "eps": 2.76,
            "eps_growth_year": 1004,
            "eps_4q": 8.71,
            "eps_4q_growth_year": 575.73,
            "roe": 14.57,
            "gross_profit": 1300335,
            "gross_margin": 32.85,
            "net_income": 1050353,
            "revenue": 3958638,
            "common_shares": 5514320,
            "equity": 7652272,
            "current_ratio": 151.55,
            "debt_ratio": 69.53,
            "inventory_turnover_ratio": 0.15,
            "account_receivable_turnover_ratio": null,
            "reinvestment_rate": 29.86,
            "research_to_sale_ratio": null,
            "price_fair": 140.23,
            "eps_avg_yearly": 4.01,
            "eps_latest_yearly": 11.04,
            "eps_growth_yearly": 480.62
        },
        "20073": {
            "year_quarter": 20073,
            "year": 2007,
            "quarter": 3,
            "eps": 0.99,
            "eps_growth_year": -52.4,
            "eps_4q": 5.74,
            "eps_4q_growth_year": 96.95,
            "roe": 6.77,
            "gross_profit": 777289,
            "gross_margin": 27.39,
            "net_income": 536703,
            "revenue": 2837657,
            "common_shares": 5525364,
            "equity": 8212383,
            "current_ratio": 151.8,
            "debt_ratio": 68.93,
            "inventory_turnover_ratio": 0.11,
            "account_receivable_turnover_ratio": null,
            "reinvestment_rate": 29.03,
            "research_to_sale_ratio": null,
            "price_fair": 140.11,
            "eps_avg_yearly": 4,
            "eps_latest_yearly": 3.96,
            "eps_growth_yearly": 423.92
        },
        "20074": {
            "year_quarter": 20074,
            "year": 2007,
            "quarter": 4,
            "eps": 0.14,
            "eps_growth_year": -94.87,
            "eps_4q": 3.95,
            "eps_4q_growth_year": -25.91,
            "roe": 0.95,
            "gross_profit": 305920,
            "gross_margin": 23.7,
            "net_income": 78412,
            "revenue": 1290886,
            "common_shares": 5530395,
            "equity": 8303005,
            "current_ratio": 144.64,
            "debt_ratio": 71.48,
            "inventory_turnover_ratio": 0.05,
            "account_receivable_turnover_ratio": null,
            "reinvestment_rate": 32.65,
            "research_to_sale_ratio": null,
            "price_fair": 131.5,
            "eps_avg_yearly": 3.76,
            "eps_latest_yearly": 0.56,
            "eps_growth_yearly": 369.11
        },
        "20081": {
            "year_quarter": 20081,
            "year": 2008,
            "quarter": 1,
            "eps": 0.78,
            "eps_growth_year": -45.45,
            "eps_4q": 3.82,
            "eps_4q_growth_year": -38.14,
            "roe": 5.01,
            "gross_profit": 658835,
            "gross_margin": 24.82,
            "net_income": 427106,
            "revenue": 2654759,
            "common_shares": 5542771,
            "equity": 8761970,
            "current_ratio": 143.42,
            "debt_ratio": 71.13,
            "inventory_turnover_ratio": 0.09,
            "account_receivable_turnover_ratio": null,
            "reinvestment_rate": 33.05,
            "research_to_sale_ratio": null,
            "price_fair": 138.3,
            "eps_avg_yearly": 3.95,
            "eps_latest_yearly": 3.12,
            "eps_growth_yearly": 524.48
        },
        "20082": {
            "year_quarter": 20082,
            "year": 2008,
            "quarter": 2,
            "eps": 2.03,
            "eps_growth_year": -26.45,
            "eps_4q": 3.95,
            "eps_4q_growth_year": -54.72,
            "roe": 12.95,
            "gross_profit": 1533954,
            "gross_margin": 25.07,
            "net_income": 1104673,
            "revenue": 6119689,
            "common_shares": 5546216,
            "equity": 8301779,
            "current_ratio": 140.62,
            "debt_ratio": 74.11,
            "inventory_turnover_ratio": 0.22,
            "account_receivable_turnover_ratio": null,
            "reinvestment_rate": 28.6,
            "research_to_sale_ratio": null,
            "price_fair": 149.9,
            "eps_avg_yearly": 4.28,
            "eps_latest_yearly": 8.12,
            "eps_growth_yearly": 350.27
        },
        "20083": {
            "year_quarter": 20083,
            "year": 2008,
            "quarter": 3,
            "eps": 0.14,
            "eps_growth_year": -85.86,
            "eps_4q": 2.92,
            "eps_4q_growth_year": -49.08,
            "roe": 0.99,
            "gross_profit": 339522,
            "gross_margin": 23.97,
            "net_income": 80960,
            "revenue": 1416211,
            "common_shares": 5894316,
            "equity": 8045048,
            "current_ratio": 137.31,
            "debt_ratio": 75.25,
            "inventory_turnover_ratio": 0.05,
            "account_receivable_turnover_ratio": null,
            "reinvestment_rate": 31.29,
            "research_to_sale_ratio": null,
            "price_fair": 147.8,
            "eps_avg_yearly": 4.22,
            "eps_latest_yearly": 0.56,
            "eps_growth_yearly": 340.75
        },
        "20084": {
            "year_quarter": 20084,
            "year": 2008,
            "quarter": 4,
            "eps": 0.44,
            "eps_growth_year": 214.29,
            "eps_4q": 3.23,
            "eps_4q_growth_year": -18.08,
            "roe": 3.13,
            "gross_profit": 530354,
            "gross_margin": 21.04,
            "net_income": 254083,
            "revenue": 2520282,
            "common_shares": 5894316,
            "equity": 8180159,
            "current_ratio": 137.92,
            "debt_ratio": 74.72,
            "inventory_turnover_ratio": 0.09,
            "account_receivable_turnover_ratio": 12.3,
            "reinvestment_rate": 33.64,
            "research_to_sale_ratio": null,
            "price_fair": 142.05,
            "eps_avg_yearly": 4.06,
            "eps_latest_yearly": 1.76,
            "eps_growth_yearly": 375.17
        },
        "20091": {
            "year_quarter": 20091,
            "year": 2009,
            "quarter": 1,
            "eps": 0.72,
            "eps_growth_year": -7.69,
            "eps_4q": 3.28,
            "eps_4q_growth_year": -14.08,
            "roe": 4.82,
            "gross_profit": 714530,
            "gross_margin": 26.94,
            "net_income": 404381,
            "revenue": 2652263,
            "common_shares": 5894316,
            "equity": 8584541,
            "current_ratio": 139.61,
            "debt_ratio": 74.75,
            "inventory_turnover_ratio": 0.08,
            "account_receivable_turnover_ratio": 6.03,
            "reinvestment_rate": 25.32,
            "research_to_sale_ratio": null,
            "price_fair": 139.48,
            "eps_avg_yearly": 3.99,
            "eps_latest_yearly": 2.88,
            "eps_growth_yearly": 367.63
        },
        "20092": {
            "year_quarter": 20092,
            "year": 2009,
            "quarter": 2,
            "eps": 1.96,
            "eps_growth_year": -3.45,
            "eps_4q": 3.27,
            "eps_4q_growth_year": -17.07,
            "roe": 12.45,
            "gross_profit": 1510447,
            "gross_margin": 30.65,
            "net_income": 1104823,
            "revenue": 4927925,
            "common_shares": 6697228,
            "equity": 9158758,
            "current_ratio": 143.7,
            "debt_ratio": 75.23,
            "inventory_turnover_ratio": 0.13,
            "account_receivable_turnover_ratio": 10.39,
            "reinvestment_rate": 21.83,
            "research_to_sale_ratio": null,
            "price_fair": 154.79,
            "eps_avg_yearly": 4.42,
            "eps_latest_yearly": 7.84,
            "eps_growth_yearly": 431.62
        },
        "20093": {
            "year_quarter": 20093,
            "year": 2009,
            "quarter": 3,
            "eps": 1.92,
            "eps_growth_year": 1271.43,
            "eps_4q": 4.82,
            "eps_4q_growth_year": 64.83,
            "roe": 11.97,
            "gross_profit": 1632309,
            "gross_margin": 29.86,
            "net_income": 1167232,
            "revenue": 5466116,
            "common_shares": 6697228,
            "equity": 10343281,
            "current_ratio": 142.9,
            "debt_ratio": 75.29,
            "inventory_turnover_ratio": 0.13,
            "account_receivable_turnover_ratio": 5.98,
            "reinvestment_rate": 18.66,
            "research_to_sale_ratio": null,
            "price_fair": 166.86,
            "eps_avg_yearly": 4.77,
            "eps_latest_yearly": 7.68,
            "eps_growth_yearly": 391.82
        },
        "20094": {
            "year_quarter": 20094,
            "year": 2009,
            "quarter": 4,
            "eps": 2.78,
            "eps_growth_year": 531.82,
            "eps_4q": 6.86,
            "eps_4q_growth_year": 112.25,
            "roe": 15.26,
            "gross_profit": 2303300,
            "gross_margin": 35.86,
            "net_income": 1711143,
            "revenue": 6423024,
            "common_shares": 6703274,
            "equity": 12079163,
            "current_ratio": 131.85,
            "debt_ratio": 77.53,
            "inventory_turnover_ratio": 0.11,
            "account_receivable_turnover_ratio": 22.16,
            "reinvestment_rate": 1.56,
            "research_to_sale_ratio": null,
            "price_fair": 188.13,
            "eps_avg_yearly": 5.38,
            "eps_latest_yearly": 11.12,
            "eps_growth_yearly": 411.82
        },
        "20101": {
            "year_quarter": 20101,
            "year": 2010,
            "quarter": 1,
            "eps": 3.61,
            "eps_growth_year": 401.39,
            "eps_4q": 9.54,
            "eps_4q_growth_year": 190.64,
            "roe": 17.43,
            "gross_profit": 3011209,
            "gross_margin": 33.94,
            "net_income": 2391832,
            "revenue": 8872002,
            "common_shares": 6989347,
            "equity": 15362528,
            "current_ratio": 138.43,
            "debt_ratio": 73.36,
            "inventory_turnover_ratio": 0.13,
            "account_receivable_turnover_ratio": 22.77,
            "reinvestment_rate": 0.43,
            "research_to_sale_ratio": null,
            "price_fair": 216.65,
            "eps_avg_yearly": 6.19,
            "eps_latest_yearly": 14.44,
            "eps_growth_yearly": 419.28
        },
        "20102": {
            "year_quarter": 20102,
            "year": 2010,
            "quarter": 2,
            "eps": 1.54,
            "eps_growth_year": -21.6,
            "eps_4q": 9.4,
            "eps_4q_growth_year": 187.16,
            "roe": 7,
            "gross_profit": 1604848,
            "gross_margin": 35.39,
            "net_income": 1050043,
            "revenue": 4534354,
            "common_shares": 7015272,
            "equity": 14658567,
            "current_ratio": 129.15,
            "debt_ratio": 76.14,
            "inventory_turnover_ratio": 0.06,
            "account_receivable_turnover_ratio": 12.94,
            "reinvestment_rate": 5.42,
            "research_to_sale_ratio": null,
            "price_fair": 227.94,
            "eps_avg_yearly": 6.51,
            "eps_latest_yearly": 6.16,
            "eps_growth_yearly": 412.09
        },
        "20103": {
            "year_quarter": 20103,
            "year": 2010,
            "quarter": 3,
            "eps": 2.37,
            "eps_growth_year": 23.64,
            "eps_4q": 9.97,
            "eps_4q_growth_year": 106.79,
            "roe": 10.7,
            "gross_profit": 2189586,
            "gross_margin": 29.32,
            "net_income": 1669490,
            "revenue": 7469171,
            "common_shares": 7068709,
            "equity": 16544787,
            "current_ratio": 134.57,
            "debt_ratio": 73.12,
            "inventory_turnover_ratio": 0.1,
            "account_receivable_turnover_ratio": 16.5,
            "reinvestment_rate": 5.59,
            "research_to_sale_ratio": null,
            "price_fair": 230.48,
            "eps_avg_yearly": 6.59,
            "eps_latest_yearly": 9.48,
            "eps_growth_yearly": 242.56
        },
        "20104": {
            "year_quarter": 20104,
            "year": 2010,
            "quarter": 4,
            "eps": 2.9,
            "eps_growth_year": 4.41,
            "eps_4q": 10.28,
            "eps_4q_growth_year": 49.83,
            "roe": 11.59,
            "gross_profit": 2641575,
            "gross_margin": 35.46,
            "net_income": 2046159,
            "revenue": 7448505,
            "common_shares": 7122348,
            "equity": 18775056,
            "current_ratio": 139.34,
            "debt_ratio": 70.68,
            "inventory_turnover_ratio": 0.09,
            "account_receivable_turnover_ratio": 16.93,
            "reinvestment_rate": 4.12,
            "research_to_sale_ratio": null,
            "price_fair": 231.96,
            "eps_avg_yearly": 6.63,
            "eps_latest_yearly": 11.6,
            "eps_growth_yearly": 240.34
        },
        "20111": {
            "year_quarter": 20111,
            "year": 2011,
            "quarter": 1,
            "eps": 4.9,
            "eps_growth_year": 35.73,
            "eps_4q": 11.56,
            "eps_4q_growth_year": 21.16,
            "roe": 16.4,
            "gross_profit": 4259983,
            "gross_margin": 44.2,
            "net_income": 3379154,
            "revenue": 9637624,
            "common_shares": 7194995,
            "equity": 22421628,
            "current_ratio": 144.08,
            "debt_ratio": 69.31,
            "inventory_turnover_ratio": 0.1,
            "account_receivable_turnover_ratio": 15.84,
            "reinvestment_rate": -2.99,
            "research_to_sale_ratio": null,
            "price_fair": 262.33,
            "eps_avg_yearly": 7.5,
            "eps_latest_yearly": 19.6,
            "eps_growth_yearly": 269.49
        },
        "20112": {
            "year_quarter": 20112,
            "year": 2011,
            "quarter": 2,
            "eps": 1.49,
            "eps_growth_year": -3.25,
            "eps_4q": 11.47,
            "eps_4q_growth_year": 22.13,
            "roe": 5.43,
            "gross_profit": 1898557,
            "gross_margin": 41.98,
            "net_income": 1133316,
            "revenue": 4522442,
            "common_shares": 7248761,
            "equity": 19317001,
            "current_ratio": 137.46,
            "debt_ratio": 72.59,
            "inventory_turnover_ratio": 0.05,
            "account_receivable_turnover_ratio": 5.76,
            "reinvestment_rate": -3.69,
            "research_to_sale_ratio": null,
            "price_fair": 251.21,
            "eps_avg_yearly": 7.18,
            "eps_latest_yearly": 5.96,
            "eps_growth_yearly": 228.84
        },
        "20113": {
            "year_quarter": 20113,
            "year": 2011,
            "quarter": 3,
            "eps": 1.23,
            "eps_growth_year": -48.37,
            "eps_4q": 10.32,
            "eps_4q_growth_year": 3.57,
            "roe": 5.77,
            "gross_profit": 1857513,
            "gross_margin": 39.28,
            "net_income": 1150737,
            "revenue": 4728780,
            "common_shares": 7297111,
            "equity": 20603151,
            "current_ratio": 142.66,
            "debt_ratio": 69.98,
            "inventory_turnover_ratio": 0.05,
            "account_receivable_turnover_ratio": 5.44,
            "reinvestment_rate": -3.72,
            "research_to_sale_ratio": null,
            "price_fair": 253.31,
            "eps_avg_yearly": 7.24,
            "eps_latest_yearly": 4.92,
            "eps_growth_yearly": 240.51
        },
        "20114": {
            "year_quarter": 20114,
            "year": 2011,
            "quarter": 4,
            "eps": 1.61,
            "eps_growth_year": -44.36,
            "eps_4q": 8.9,
            "eps_4q_growth_year": -13.4,
            "roe": 6.56,
            "gross_profit": 2134373,
            "gross_margin": 38.85,
            "net_income": 1413932,
            "revenue": 5494266,
            "common_shares": 7280168,
            "equity": 22484804,
            "current_ratio": 144.75,
            "debt_ratio": 69.81,
            "inventory_turnover_ratio": 0.06,
            "account_receivable_turnover_ratio": 6.99,
            "reinvestment_rate": -3.95,
            "research_to_sale_ratio": null,
            "price_fair": 266.18,
            "eps_avg_yearly": 7.61,
            "eps_latest_yearly": 6.44,
            "eps_growth_yearly": 269.7
        },
        "20121": {
            "year_quarter": 20121,
            "year": 2012,
            "quarter": 1,
            "eps": 1.76,
            "eps_growth_year": -64.08,
            "eps_4q": 5.97,
            "eps_4q_growth_year": -48.35,
            "roe": 6.26,
            "gross_profit": 2152468,
            "gross_margin": 41.69,
            "net_income": 1459218,
            "revenue": 5163631,
            "common_shares": 7321610,
            "equity": 24148782,
            "current_ratio": 145.82,
            "debt_ratio": 68.84,
            "inventory_turnover_ratio": 0.05,
            "account_receivable_turnover_ratio": 7.81,
            "reinvestment_rate": -3.26,
            "research_to_sale_ratio": null,
            "price_fair": 274.75,
            "eps_avg_yearly": 7.85,
            "eps_latest_yearly": 7.04,
            "eps_growth_yearly": 157.74
        },
        "20122": {
            "year_quarter": 20122,
            "year": 2012,
            "quarter": 2,
            "eps": 0.82,
            "eps_growth_year": -44.73,
            "eps_4q": 5.27,
            "eps_4q_growth_year": -54.08,
            "roe": 3.65,
            "gross_profit": 1955575,
            "gross_margin": 38.76,
            "net_income": 848979,
            "revenue": 5044819,
            "common_shares": 7478701,
            "equity": 22426103,
            "current_ratio": 134.94,
            "debt_ratio": 74.1,
            "inventory_turnover_ratio": 0.05,
            "account_receivable_turnover_ratio": 6.81,
            "reinvestment_rate": -3.46,
            "research_to_sale_ratio": null,
            "price_fair": 264.16,
            "eps_avg_yearly": 7.55,
            "eps_latest_yearly": 3.28,
            "eps_growth_yearly": 104.32
        },
        "20123": {
            "year_quarter": 20123,
            "year": 2012,
            "quarter": 3,
            "eps": 1.9,
            "eps_growth_year": 55.3,
            "eps_4q": 7.04,
            "eps_4q_growth_year": -31.8,
            "roe": 5.6,
            "gross_profit": 2046981,
            "gross_margin": 38.77,
            "net_income": 1252992,
            "revenue": 5279479,
            "common_shares": 5982701,
            "equity": 22309224,
            "current_ratio": 132.58,
            "debt_ratio": 75.26,
            "inventory_turnover_ratio": 0.04,
            "account_receivable_turnover_ratio": 6.62,
            "reinvestment_rate": -3.63,
            "research_to_sale_ratio": null,
            "price_fair": 279.56,
            "eps_avg_yearly": 7.99,
            "eps_latest_yearly": 7.6,
            "eps_growth_yearly": 160.53
        },
        "20124": {
            "year_quarter": 20124,
            "year": 2012,
            "quarter": 4,
            "eps": 4.23,
            "eps_growth_year": 162.07,
            "eps_4q": 9.31,
            "eps_4q_growth_year": 4.55,
            "roe": 10.64,
            "gross_profit": 3204044,
            "gross_margin": 40.43,
            "net_income": 2503928,
            "revenue": 7925385,
            "common_shares": 5982701,
            "equity": 24767802,
            "current_ratio": 135.03,
            "debt_ratio": 73.37,
            "inventory_turnover_ratio": 0.06,
            "account_receivable_turnover_ratio": 10.14,
            "reinvestment_rate": -6.32,
            "research_to_sale_ratio": null,
            "price_fair": 312.73,
            "eps_avg_yearly": 8.94,
            "eps_latest_yearly": 16.92,
            "eps_growth_yearly": 137.61
        },
        "20131": {
            "year_quarter": 20131,
            "year": 2013,
            "quarter": 1,
            "eps": 6.45,
            "eps_growth_year": 266.48,
            "eps_4q": 13.61,
            "eps_4q_growth_year": 127.9,
            "roe": 15.92,
            "gross_profit": 5368540,
            "gross_margin": 37.35,
            "net_income": 3819216,
            "revenue": 14373796,
            "common_shares": 5982701,
            "equity": 23221807,
            "current_ratio": 136.32,
            "debt_ratio": 72.34,
            "inventory_turnover_ratio": 0.13,
            "account_receivable_turnover_ratio": 18.07,
            "reinvestment_rate": -4.56,
            "research_to_sale_ratio": null,
            "price_fair": 362.86,
            "eps_avg_yearly": 10.37,
            "eps_latest_yearly": 25.8,
            "eps_growth_yearly": 134.82
        },
        "20132": {
            "year_quarter": 20132,
            "year": 2013,
            "quarter": 2,
            "eps": 1.11,
            "eps_growth_year": 35.09,
            "eps_4q": 13.7,
            "eps_4q_growth_year": 159.92,
            "roe": 2.86,
            "gross_profit": 1884948,
            "gross_margin": 39.47,
            "net_income": 641292,
            "revenue": 4775290,
            "common_shares": 5982701,
            "equity": 21667595,
            "current_ratio": 130.82,
            "debt_ratio": 75.36,
            "inventory_turnover_ratio": 0.04,
            "account_receivable_turnover_ratio": 6.52,
            "reinvestment_rate": -4.64,
            "research_to_sale_ratio": null,
            "price_fair": 355.43,
            "eps_avg_yearly": 10.16,
            "eps_latest_yearly": 4.44,
            "eps_growth_yearly": 71.07
        },
        "20133": {
            "year_quarter": 20133,
            "year": 2013,
            "quarter": 3,
            "eps": 1.54,
            "eps_growth_year": -19.1,
            "eps_4q": 13.33,
            "eps_4q_growth_year": 89.32,
            "roe": 4.01,
            "gross_profit": 1552520,
            "gross_margin": 33.02,
            "net_income": 904108,
            "revenue": 4701879,
            "common_shares": 5982701,
            "equity": 23451939,
            "current_ratio": 135.81,
            "debt_ratio": 74.15,
            "inventory_turnover_ratio": 0.04,
            "account_receivable_turnover_ratio": 8.15,
            "reinvestment_rate": -4.5,
            "research_to_sale_ratio": null,
            "price_fair": 352.1,
            "eps_avg_yearly": 10.06,
            "eps_latest_yearly": 6.16,
            "eps_growth_yearly": 81.27
        },
        "20134": {
            "year_quarter": 20134,
            "year": 2013,
            "quarter": 4,
            "eps": 1.75,
            "eps_growth_year": -58.68,
            "eps_4q": 10.85,
            "eps_4q_growth_year": 16.52,
            "roe": 4.56,
            "gross_profit": 1676617,
            "gross_margin": 37.6,
            "net_income": 1094492,
            "revenue": 4459331,
            "common_shares": 5982701,
            "equity": 24549555,
            "current_ratio": 132.58,
            "debt_ratio": 75.86,
            "inventory_turnover_ratio": 0.04,
            "account_receivable_turnover_ratio": 8.68,
            "reinvestment_rate": 1.26,
            "research_to_sale_ratio": null,
            "price_fair": 343.09,
            "eps_avg_yearly": 9.8,
            "eps_latest_yearly": 7,
            "eps_growth_yearly": 73.48
        },
        "20141": {
            "year_quarter": 20141,
            "year": 2014,
            "quarter": 1,
            "eps": 1.11,
            "eps_growth_year": -82.79,
            "eps_4q": 5.5,
            "eps_4q_growth_year": -59.56,
            "roe": 2.67,
            "gross_profit": 1103111,
            "gross_margin": 37.77,
            "net_income": 664049,
            "revenue": 2920786,
            "common_shares": 5982701,
            "equity": 25222041,
            "current_ratio": 132.14,
            "debt_ratio": 76.1,
            "inventory_turnover_ratio": 0.02,
            "account_receivable_turnover_ratio": 5.7,
            "reinvestment_rate": 1.12,
            "research_to_sale_ratio": null,
            "price_fair": 321.21,
            "eps_avg_yearly": 9.18,
            "eps_latest_yearly": 4.44,
            "eps_growth_yearly": 56.87
        },
        "20142": {
            "year_quarter": 20142,
            "year": 2014,
            "quarter": 2,
            "eps": 3.69,
            "eps_growth_year": 232.43,
            "eps_4q": 5.37,
            "eps_4q_growth_year": -60.81,
            "roe": 8.55,
            "gross_profit": 3178894,
            "gross_margin": 39.3,
            "net_income": 2196431,
            "revenue": 8087897,
            "common_shares": 8974051,
            "equity": 26185391,
            "current_ratio": 133.61,
            "debt_ratio": 76.34,
            "inventory_turnover_ratio": 0.06,
            "account_receivable_turnover_ratio": 13.28,
            "reinvestment_rate": -1.67,
            "research_to_sale_ratio": null,
            "price_fair": 340.03,
            "eps_avg_yearly": 9.72,
            "eps_latest_yearly": 14.76,
            "eps_growth_yearly": 129.31
        },
        "20143": {
            "year_quarter": 20143,
            "year": 2014,
            "quarter": 3,
            "eps": 6.72,
            "eps_growth_year": 336.36,
            "eps_4q": 11.08,
            "eps_4q_growth_year": -16.86,
            "roe": 21.06,
            "gross_profit": 7532212,
            "gross_margin": 40.38,
            "net_income": 6188210,
            "revenue": 18655009,
            "common_shares": 8974051,
            "equity": 32577011,
            "current_ratio": 149.88,
            "debt_ratio": 68.84,
            "inventory_turnover_ratio": 0.14,
            "account_receivable_turnover_ratio": 24.86,
            "reinvestment_rate": -1.71,
            "research_to_sale_ratio": null,
            "price_fair": 378.09,
            "eps_avg_yearly": 10.8,
            "eps_latest_yearly": 26.88,
            "eps_growth_yearly": 136.37
        },
        "20144": {
            "year_quarter": 20144,
            "year": 2014,
            "quarter": 4,
            "eps": 1.52,
            "eps_growth_year": -13.19,
            "eps_4q": 11.44,
            "eps_4q_growth_year": 5.43,
            "roe": 5.08,
            "gross_profit": 2388654,
            "gross_margin": 30.42,
            "net_income": 1698171,
            "revenue": 7851479,
            "common_shares": 8974051,
            "equity": 34280534,
            "current_ratio": 150.89,
            "debt_ratio": 68.32,
            "inventory_turnover_ratio": 0.07,
            "account_receivable_turnover_ratio": 7.13,
            "reinvestment_rate": -1.53,
            "research_to_sale_ratio": null,
            "price_fair": 366.01,
            "eps_avg_yearly": 10.46,
            "eps_latest_yearly": 6.08,
            "eps_growth_yearly": 111.43
        },
        "20151": {
            "year_quarter": 20151,
            "year": 2015,
            "quarter": 1,
            "eps": 3.05,
            "eps_growth_year": 174.77,
            "eps_4q": 13.75,
            "eps_4q_growth_year": 149.83,
            "roe": 7.82,
            "gross_profit": 3439446,
            "gross_margin": 36.54,
            "net_income": 2818767,
            "revenue": 9413009,
            "common_shares": 8974051,
            "equity": 37820296,
            "current_ratio": 160.08,
            "debt_ratio": 64.58,
            "inventory_turnover_ratio": 0.07,
            "account_receivable_turnover_ratio": 8.13,
            "reinvestment_rate": -1.69,
            "research_to_sale_ratio": null,
            "price_fair": 349.83,
            "eps_avg_yearly": 10,
            "eps_latest_yearly": 12.2,
            "eps_growth_yearly": 119.35
        },
        "20152": {
            "year_quarter": 20152,
            "year": 2015,
            "quarter": 2,
            "eps": -0.32,
            "eps_growth_year": -108.67,
            "eps_4q": 8.41,
            "eps_4q_growth_year": 56.76,
            "roe": -0.89,
            "gross_profit": 449048,
            "gross_margin": 30.56,
            "net_income": -314676,
            "revenue": 1469493,
            "common_shares": 8974051,
            "equity": 33121459,
            "current_ratio": 146.34,
            "debt_ratio": 70.25,
            "inventory_turnover_ratio": 0.01,
            "account_receivable_turnover_ratio": 1.68,
            "reinvestment_rate": -1.39,
            "research_to_sale_ratio": null,
            "price_fair": 359.24,
            "eps_avg_yearly": 10.26,
            "eps_latest_yearly": 12.2,
            "eps_growth_yearly": 145.87
        },
        "20153": {
            "year_quarter": 20153,
            "year": 2015,
            "quarter": 3,
            "eps": -0.09,
            "eps_growth_year": -101.34,
            "eps_4q": 3.18,
            "eps_4q_growth_year": -71.3,
            "roe": 1.38,
            "gross_profit": 1103100,
            "gross_margin": 26.59,
            "net_income": 458848,
            "revenue": 4148672,
            "common_shares": 11666266,
            "equity": 33540015,
            "current_ratio": 142.09,
            "debt_ratio": 70.95,
            "inventory_turnover_ratio": 0.03,
            "account_receivable_turnover_ratio": 3.81,
            "reinvestment_rate": -1.8,
            "research_to_sale_ratio": null,
            "price_fair": 372.6,
            "eps_avg_yearly": 10.65,
            "eps_latest_yearly": 12.2,
            "eps_growth_yearly": 161.27
        },
        "20154": {
            "year_quarter": 20154,
            "year": 2015,
            "quarter": 4,
            "eps": 5.09,
            "eps_growth_year": 235.24,
            "eps_4q": 7.12,
            "eps_4q_growth_year": -37.71,
            "roe": 16.45,
            "gross_profit": 7813331,
            "gross_margin": 39.85,
            "net_income": 5991956,
            "revenue": 19606865,
            "common_shares": 11666266,
            "equity": 39322208,
            "current_ratio": 157.36,
            "debt_ratio": 65.57,
            "inventory_turnover_ratio": 0.13,
            "account_receivable_turnover_ratio": 12.51,
            "reinvestment_rate": 3.56,
            "research_to_sale_ratio": null,
            "price_fair": 383.92,
            "eps_avg_yearly": 10.97,
            "eps_latest_yearly": 12.2,
            "eps_growth_yearly": 164.17
        },
        "20161": {
            "year_quarter": 20161,
            "year": 2016,
            "quarter": 1,
            "eps": 2.48,
            "eps_growth_year": -18.69,
            "eps_4q": 7.23,
            "eps_4q_growth_year": -47.4,
            "roe": 6.86,
            "gross_profit": 3654189,
            "gross_margin": 40.02,
            "net_income": 2793874,
            "revenue": 9130633,
            "common_shares": 11666266,
            "equity": 42102839,
            "current_ratio": 168.97,
            "debt_ratio": 61.95,
            "inventory_turnover_ratio": 0.07,
            "account_receivable_turnover_ratio": 5.73,
            "reinvestment_rate": 2.62,
            "research_to_sale_ratio": null,
            "price_fair": 391.68,
            "eps_avg_yearly": 11.19,
            "eps_latest_yearly": 9.92,
            "eps_growth_yearly": 145.53
        },
        "20162": {
            "year_quarter": 20162,
            "year": 2016,
            "quarter": 2,
            "eps": 0.52,
            "eps_growth_year": null,
            "eps_4q": 8,
            "eps_4q_growth_year": -4.89,
            "roe": 2.07,
            "gross_profit": 1536126,
            "gross_margin": 34.14,
            "net_income": 794684,
            "revenue": 4499563,
            "common_shares": 11666266,
            "equity": 34858106,
            "current_ratio": 165.9,
            "debt_ratio": 67.7,
            "inventory_turnover_ratio": 0.04,
            "account_receivable_turnover_ratio": 3.46,
            "reinvestment_rate": 2.74,
            "research_to_sale_ratio": null,
            "price_fair": 388.45,
            "eps_avg_yearly": 11.1,
            "eps_latest_yearly": 2.08,
            "eps_growth_yearly": 137.65
        },
        "20163": {
            "year_quarter": 20163,
            "year": 2016,
            "quarter": 3,
            "eps": 1.72,
            "eps_growth_year": null,
            "eps_4q": 9.82,
            "eps_4q_growth_year": 208.64,
            "roe": 6.61,
            "gross_profit": 3812883,
            "gross_margin": 28.29,
            "net_income": 2391363,
            "revenue": 13479196,
            "common_shares": 11666266,
            "equity": 37461636,
            "current_ratio": 173.19,
            "debt_ratio": 65.49,
            "inventory_turnover_ratio": 0.12,
            "account_receivable_turnover_ratio": 9.03,
            "reinvestment_rate": 2,
            "research_to_sale_ratio": null,
            "price_fair": 386.51,
            "eps_avg_yearly": 11.04,
            "eps_latest_yearly": 6.88,
            "eps_growth_yearly": 168.13
        },
        "20164": {
            "year_quarter": 20164,
            "year": 2016,
            "quarter": 4,
            "eps": 0.84,
            "eps_growth_year": -83.42,
            "eps_4q": 5.57,
            "eps_4q_growth_year": -21.81,
            "roe": 3.38,
            "gross_profit": 2286345,
            "gross_margin": 28.76,
            "net_income": 1288162,
            "revenue": 7948438,
            "common_shares": 11666266,
            "equity": 38730346,
            "current_ratio": 182.15,
            "debt_ratio": 65.16,
            "inventory_turnover_ratio": 0.07,
            "account_receivable_turnover_ratio": 5.2,
            "reinvestment_rate": 3.47,
            "research_to_sale_ratio": null,
            "price_fair": 350,
            "eps_avg_yearly": 10,
            "eps_latest_yearly": 3.36,
            "eps_growth_yearly": 114.65
        },
        "20171": {
            "year_quarter": 20171,
            "year": 2017,
            "quarter": 1,
            "eps": 0.3,
            "eps_growth_year": -87.9,
            "eps_4q": 3.39,
            "eps_4q_growth_year": -53.17,
            "roe": 0.91,
            "gross_profit": 888295,
            "gross_margin": 22.59,
            "net_income": 355498,
            "revenue": 3931414,
            "common_shares": 11666266,
            "equity": 39229160,
            "current_ratio": 188.07,
            "debt_ratio": 63.78,
            "inventory_turnover_ratio": 0.03,
            "account_receivable_turnover_ratio": 3.16,
            "reinvestment_rate": 4.85,
            "research_to_sale_ratio": null,
            "price_fair": 283.77,
            "eps_avg_yearly": 8.11,
            "eps_latest_yearly": 1.2,
            "eps_growth_yearly": 78.72
        },
        "20172": {
            "year_quarter": 20172,
            "year": 2017,
            "quarter": 2,
            "eps": 0.26,
            "eps_growth_year": -50,
            "eps_4q": 3.12,
            "eps_4q_growth_year": -60.98,
            "roe": 0.91,
            "gross_profit": 827063,
            "gross_margin": 27.7,
            "net_income": 325875,
            "revenue": 2985725,
            "common_shares": 11666266,
            "equity": 32536585,
            "current_ratio": 186.73,
            "debt_ratio": 71.53,
            "inventory_turnover_ratio": 0.02,
            "account_receivable_turnover_ratio": 2.61,
            "reinvestment_rate": 4.91,
            "research_to_sale_ratio": null,
            "price_fair": 274.62,
            "eps_avg_yearly": 7.85,
            "eps_latest_yearly": 1.04,
            "eps_growth_yearly": 100.09
        },
        "20173": {
            "year_quarter": 20173,
            "year": 2017,
            "quarter": 3,
            "eps": 1.06,
            "eps_growth_year": -38.37,
            "eps_4q": 2.46,
            "eps_4q_growth_year": -74.91,
            "roe": 4.02,
            "gross_profit": 2025392,
            "gross_margin": 29.19,
            "net_income": 1335268,
            "revenue": 6938053,
            "common_shares": 11666266,
            "equity": 33890754,
            "current_ratio": 184.95,
            "debt_ratio": 72.36,
            "inventory_turnover_ratio": 0.05,
            "account_receivable_turnover_ratio": 6.36,
            "reinvestment_rate": 4.84,
            "research_to_sale_ratio": null,
            "price_fair": 269.45,
            "eps_avg_yearly": 7.7,
            "eps_latest_yearly": 4.24,
            "eps_growth_yearly": 182.85
        },
        "20174": {
            "year_quarter": 20174,
            "year": 2017,
            "quarter": 4,
            "eps": 0.07,
            "eps_growth_year": -91.24,
            "eps_4q": 1.69,
            "eps_4q_growth_year": -69.61,
            "roe": 1.25,
            "gross_profit": 1232317,
            "gross_margin": 25.59,
            "net_income": 425984,
            "revenue": 4814856,
            "common_shares": 11666266,
            "equity": 34311070,
            "current_ratio": 182.68,
            "debt_ratio": 72.35,
            "inventory_turnover_ratio": 0.04,
            "account_receivable_turnover_ratio": 2.95,
            "reinvestment_rate": 4.97,
            "research_to_sale_ratio": null,
            "price_fair": 251.35,
            "eps_avg_yearly": 7.18,
            "eps_latest_yearly": 0.28,
            "eps_growth_yearly": 149.92
        },
        "20181": {
            "year_quarter": 20181,
            "year": 2018,
            "quarter": 1,
            "eps": 0.97,
            "eps_growth_year": 223.33,
            "eps_4q": 2.36,
            "eps_4q_growth_year": -30.43,
            "roe": 5.36,
            "gross_profit": 3159792,
            "gross_margin": 29.74,
            "net_income": 1912210,
            "revenue": 10623641,
            "common_shares": 11666266,
            "equity": 37001294,
            "current_ratio": 193.28,
            "debt_ratio": 69.42,
            "inventory_turnover_ratio": 0.08,
            "account_receivable_turnover_ratio": 5.09,
            "reinvestment_rate": 5.02,
            "research_to_sale_ratio": null,
            "price_fair": 249.85,
            "eps_avg_yearly": 7.14,
            "eps_latest_yearly": 3.88,
            "eps_growth_yearly": 556.77
        },
        "20182": {
            "year_quarter": 20182,
            "year": 2018,
            "quarter": 2,
            "eps": 2.25,
            "eps_growth_year": 765.38,
            "eps_4q": 4.36,
            "eps_4q_growth_year": 39.53,
            "roe": 8.58,
            "gross_profit": 4210434,
            "gross_margin": 34.54,
            "net_income": 3099712,
            "revenue": 12191521,
            "common_shares": 11666266,
            "equity": 35245481,
            "current_ratio": 183.21,
            "debt_ratio": 71.03,
            "inventory_turnover_ratio": 0.09,
            "account_receivable_turnover_ratio": 8.18,
            "reinvestment_rate": 5.02,
            "research_to_sale_ratio": null,
            "price_fair": 234.34,
            "eps_avg_yearly": 6.7,
            "eps_latest_yearly": 9,
            "eps_growth_yearly": 525.86
        },
        "20183": {
            "year_quarter": 20183,
            "year": 2018,
            "quarter": 3,
            "eps": 1.15,
            "eps_growth_year": 8.49,
            "eps_4q": 4.44,
            "eps_4q_growth_year": 80.38,
            "roe": 4.64,
            "gross_profit": 2874689,
            "gross_margin": 28.29,
            "net_income": 1704491,
            "revenue": 10161681,
            "common_shares": 11666266,
            "equity": 38186196,
            "current_ratio": 175.23,
            "debt_ratio": 70.76,
            "inventory_turnover_ratio": 0.08,
            "account_receivable_turnover_ratio": 8.72,
            "reinvestment_rate": 8.81,
            "research_to_sale_ratio": null,
            "price_fair": 174.35,
            "eps_avg_yearly": 4.98,
            "eps_latest_yearly": 4.6,
            "eps_growth_yearly": 485.55
        },
        "20184": {
            "year_quarter": 20184,
            "year": 2018,
            "quarter": 4,
            "eps": 1.65,
            "eps_growth_year": 2126.53,
            "eps_4q": 6.01,
            "eps_4q_growth_year": 255.38,
            "roe": 5.17,
            "gross_profit": 2927963,
            "gross_margin": 26.08,
            "net_income": 2021918,
            "revenue": 11228128,
            "common_shares": 11666266,
            "equity": 40102148,
            "current_ratio": 186.5,
            "debt_ratio": 69.36,
            "inventory_turnover_ratio": 0.09,
            "account_receivable_turnover_ratio": 7.24,
            "reinvestment_rate": 9.65,
            "research_to_sale_ratio": null,
            "price_fair": 175.75,
            "eps_avg_yearly": 5.02,
            "eps_latest_yearly": 6.6,
            "eps_growth_yearly": 522.74
        },
        "20191": {
            "year_quarter": 20191,
            "year": 2019,
            "quarter": 1,
            "eps": 1.59,
            "eps_growth_year": 63.92,
            "eps_4q": 6.64,
            "eps_4q_growth_year": 181.71,
            "roe": 4.46,
            "gross_profit": 2711712,
            "gross_margin": 30.2,
            "net_income": 1826865,
            "revenue": 8979812,
            "common_shares": 11666266,
            "equity": 41888374,
            "current_ratio": 181.11,
            "debt_ratio": 69.95,
            "inventory_turnover_ratio": 0.07,
            "account_receivable_turnover_ratio": 4.82,
            "reinvestment_rate": 11.08,
            "research_to_sale_ratio": null,
            "price_fair": 160.03,
            "eps_avg_yearly": 4.57,
            "eps_latest_yearly": 6.36,
            "eps_growth_yearly": 490.65
        },
        "20192": {
            "year_quarter": 20192,
            "year": 2019,
            "quarter": 2,
            "eps": 0.25,
            "eps_growth_year": -88.89,
            "eps_4q": 4.63,
            "eps_4q_growth_year": 6.38,
            "roe": 0.46,
            "gross_profit": 1371504,
            "gross_margin": 28.28,
            "net_income": 178773,
            "revenue": 4849204,
            "common_shares": 11666288,
            "equity": 35643500,
            "current_ratio": 172.53,
            "debt_ratio": 74.71,
            "inventory_turnover_ratio": 0.04,
            "account_receivable_turnover_ratio": 2.19,
            "reinvestment_rate": 10.99,
            "research_to_sale_ratio": null,
            "price_fair": 151.1,
            "eps_avg_yearly": 4.32,
            "eps_latest_yearly": 1,
            "eps_growth_yearly": 431.52
        },
        "20193": {
            "year_quarter": 20193,
            "year": 2019,
            "quarter": 3,
            "eps": 0.22,
            "eps_growth_year": -80.87,
            "eps_4q": 3.7,
            "eps_4q_growth_year": -16.6,
            "roe": 0.4,
            "gross_profit": 1096213,
            "gross_margin": 32.27,
            "net_income": 141657,
            "revenue": 3397015,
            "common_shares": 11666288,
            "equity": 34732168,
            "current_ratio": 166.47,
            "debt_ratio": 75.91,
            "inventory_turnover_ratio": 0.02,
            "account_receivable_turnover_ratio": 1.55,
            "reinvestment_rate": 9.29,
            "research_to_sale_ratio": null,
            "price_fair": 143.08,
            "eps_avg_yearly": 4.09,
            "eps_latest_yearly": 0.88,
            "eps_growth_yearly": 399.55
        },
        "20194": {
            "year_quarter": 20194,
            "year": 2019,
            "quarter": 4,
            "eps": 0.6,
            "eps_growth_year": -63.54,
            "eps_4q": 2.66,
            "eps_4q_growth_year": -55.81,
            "roe": 3.88,
            "gross_profit": 1469908,
            "gross_margin": 22.37,
            "net_income": 1341722,
            "revenue": 6572170,
            "common_shares": 11666288,
            "equity": 34443182,
            "current_ratio": 165.91,
            "debt_ratio": 76.7,
            "inventory_turnover_ratio": 0.05,
            "account_receivable_turnover_ratio": 3.46,
            "reinvestment_rate": 2.2,
            "research_to_sale_ratio": null,
            "price_fair": 139.39,
            "eps_avg_yearly": 3.98,
            "eps_latest_yearly": 2.4,
            "eps_growth_yearly": 417.76
        },
        "20201": {
            "year_quarter": 20201,
            "year": 2020,
            "quarter": 1,
            "eps": 0.02,
            "eps_growth_year": -98.74,
            "eps_4q": 1.09,
            "eps_4q_growth_year": -83.57,
            "roe": -0.25,
            "gross_profit": 581408,
            "gross_margin": 28.04,
            "net_income": -86333,
            "revenue": 2073482,
            "common_shares": 11666288,
            "equity": 34248146,
            "current_ratio": 158.53,
            "debt_ratio": 78.31,
            "inventory_turnover_ratio": 0.01,
            "account_receivable_turnover_ratio": 1.11,
            "reinvestment_rate": 2.52,
            "research_to_sale_ratio": null,
            "price_fair": 117.86,
            "eps_avg_yearly": 3.37,
            "eps_latest_yearly": 0.08,
            "eps_growth_yearly": 406.42
        },
        "20202": {
            "year_quarter": 20202,
            "year": 2020,
            "quarter": 2,
            "eps": 1.44,
            "eps_growth_year": 476,
            "eps_4q": 2.07,
            "eps_4q_growth_year": -55.35,
            "roe": 4.77,
            "gross_profit": 2442226,
            "gross_margin": 30.75,
            "net_income": 1634972,
            "revenue": 7941633,
            "common_shares": 11666288,
            "equity": 34238776,
            "current_ratio": 148.82,
            "debt_ratio": 79.25,
            "inventory_turnover_ratio": 0.04,
            "account_receivable_turnover_ratio": 4.43,
            "reinvestment_rate": 2.13,
            "research_to_sale_ratio": null,
            "price_fair": 125.91,
            "eps_avg_yearly": 3.6,
            "eps_latest_yearly": 5.76,
            "eps_growth_yearly": 2201.17
        },
        "20203": {
            "year_quarter": 20203,
            "year": 2020,
            "quarter": 3,
            "eps": 0.59,
            "eps_growth_year": 168.18,
            "eps_4q": 2.47,
            "eps_4q_growth_year": -33.45,
            "roe": 2.33,
            "gross_profit": 1909811,
            "gross_margin": 24.48,
            "net_income": 808059,
            "revenue": 7800219,
            "common_shares": 11666288,
            "equity": 35031716,
            "current_ratio": 148.42,
            "debt_ratio": 79.11,
            "inventory_turnover_ratio": 0.05,
            "account_receivable_turnover_ratio": 4.3,
            "reinvestment_rate": 3.03,
            "research_to_sale_ratio": null,
            "price_fair": 116.03,
            "eps_avg_yearly": 3.32,
            "eps_latest_yearly": 2.36,
            "eps_growth_yearly": 2128.72
        },
        "20204": {
            "year_quarter": 20204,
            "year": 2020,
            "quarter": 4,
            "eps": 0.18,
            "eps_growth_year": -69.28,
            "eps_4q": 2.1,
            "eps_4q_growth_year": -21.05,
            "roe": 1.32,
            "gross_profit": 1917834,
            "gross_margin": 28.85,
            "net_income": 466556,
            "revenue": 6647684,
            "common_shares": 12902969,
            "equity": 35800518,
            "current_ratio": 140.9,
            "debt_ratio": 80.2,
            "inventory_turnover_ratio": 0.04,
            "account_receivable_turnover_ratio": 3.67,
            "reinvestment_rate": -8.27,
            "research_to_sale_ratio": null,
            "price_fair": 110.25,
            "eps_avg_yearly": 3.15,
            "eps_latest_yearly": 0.72,
            "eps_growth_yearly": 2124.14
        },
        "20211": {
            "year_quarter": 20211,
            "year": 2021,
            "quarter": 1,
            "eps": 2.26,
            "eps_growth_year": 11200,
            "eps_4q": 4.34,
            "eps_4q_growth_year": 297.87,
            "roe": 8.68,
            "gross_profit": 2829187,
            "gross_margin": 32.66,
            "net_income": 3132152,
            "revenue": 8663639,
            "common_shares": 12909636,
            "equity": 36337684,
            "current_ratio": 144.73,
            "debt_ratio": 80.37,
            "inventory_turnover_ratio": 0.04,
            "account_receivable_turnover_ratio": 4.8,
            "reinvestment_rate": -6.79,
            "research_to_sale_ratio": null,
            "price_fair": 127.4,
            "eps_avg_yearly": 3.64,
            "eps_latest_yearly": 9.04,
            "eps_growth_yearly": 2429.1
        },
        "20212": {
            "year_quarter": 20212,
            "year": 2021,
            "quarter": 2,
            "eps": 1.97,
            "eps_growth_year": 36.81,
            "eps_4q": 4.99,
            "eps_4q_growth_year": 140.91,
            "roe": 7.55,
            "gross_profit": 4693009,
            "gross_margin": 30.1,
            "net_income": 2815246,
            "revenue": 15590624,
            "common_shares": 12909636,
            "equity": 38268640,
            "current_ratio": 138.36,
            "debt_ratio": 79.35,
            "inventory_turnover_ratio": 0.08,
            "account_receivable_turnover_ratio": 7.6,
            "reinvestment_rate": -6.51,
            "research_to_sale_ratio": null,
            "price_fair": 142.36,
            "eps_avg_yearly": 4.07,
            "eps_latest_yearly": 7.88,
            "eps_growth_yearly": 2429.23
        },
        "20213": {
            "year_quarter": 20213,
            "year": 2021,
            "quarter": 3,
            "eps": 1.66,
            "eps_growth_year": 181.36,
            "eps_4q": 6.06,
            "eps_4q_growth_year": 145.74,
            "roe": 5.91,
            "gross_profit": 3306294,
            "gross_margin": 31.67,
            "net_income": 2347257,
            "revenue": 10439188,
            "common_shares": 13079316,
            "equity": 41203168,
            "current_ratio": 138.44,
            "debt_ratio": 78.79,
            "inventory_turnover_ratio": 0.05,
            "account_receivable_turnover_ratio": 4.45,
            "reinvestment_rate": -6.21,
            "research_to_sale_ratio": null,
            "price_fair": 147.61,
            "eps_avg_yearly": 4.22,
            "eps_latest_yearly": 6.64,
            "eps_growth_yearly": 2348.37
        },
        "20214": {
            "year_quarter": 20214,
            "year": 2021,
            "quarter": 4,
            "eps": 0.59,
            "eps_growth_year": 220.96,
            "eps_4q": 6.09,
            "eps_4q_growth_year": 190.44,
            "roe": 2.98,
            "gross_profit": 2897050,
            "gross_margin": 30.21,
            "net_income": 1294455,
            "revenue": 9588614,
            "common_shares": 13927531,
            "equity": 45715401,
            "current_ratio": 140.19,
            "debt_ratio": 77.54,
            "inventory_turnover_ratio": 0.04,
            "account_receivable_turnover_ratio": 3.84,
            "reinvestment_rate": 10.23,
            "research_to_sale_ratio": null,
            "price_fair": 152.16,
            "eps_avg_yearly": 4.35,
            "eps_latest_yearly": 2.36,
            "eps_growth_yearly": 2355.61
        },
        "20221": {
            "year_quarter": 20221,
            "year": 2022,
            "quarter": 1,
            "eps": 0.66,
            "eps_growth_year": -70.8,
            "eps_4q": 4.32,
            "eps_4q_growth_year": -0.43,
            "roe": 2.1,
            "gross_profit": 2043795,
            "gross_margin": 29.07,
            "net_income": 1003610,
            "revenue": 7029481,
            "common_shares": 14983183,
            "equity": 50063108,
            "current_ratio": 143.93,
            "debt_ratio": 76.04,
            "inventory_turnover_ratio": 0.03,
            "account_receivable_turnover_ratio": 2.73,
            "reinvestment_rate": 11.54,
            "research_to_sale_ratio": null,
            "price_fair": 149.45,
            "eps_avg_yearly": 4.27,
            "eps_latest_yearly": 2.64,
            "eps_growth_yearly": 2037.14
        },
        "20222": {
            "year_quarter": 20222,
            "year": 2022,
            "quarter": 2,
            "eps": 0.06,
            "eps_growth_year": -96.95,
            "eps_4q": 2.34,
            "eps_4q_growth_year": -53.16,
            "roe": 0.18,
            "gross_profit": 764514,
            "gross_margin": 44.02,
            "net_income": 85347,
            "revenue": 1736723,
            "common_shares": 15603850,
            "equity": 46453287,
            "current_ratio": 140.08,
            "debt_ratio": 78.68,
            "inventory_turnover_ratio": 0.01,
            "account_receivable_turnover_ratio": 0.71,
            "reinvestment_rate": 14.51,
            "research_to_sale_ratio": null,
            "price_fair": 130.29,
            "eps_avg_yearly": 3.72,
            "eps_latest_yearly": 0.24,
            "eps_growth_yearly": 1981.43
        },
        "20223": {
            "year_quarter": 20223,
            "year": 2022,
            "quarter": 3,
            "eps": 0.19,
            "eps_growth_year": -88.55,
            "eps_4q": 1.28,
            "eps_4q_growth_year": -78.85,
            "roe": 0.5,
            "gross_profit": 1287496,
            "gross_margin": 37.42,
            "net_income": 230549,
            "revenue": 3440211,
            "common_shares": 15603850,
            "equity": 46586874,
            "current_ratio": 138.98,
            "debt_ratio": 78.93,
            "inventory_turnover_ratio": 0.01,
            "account_receivable_turnover_ratio": 1.37,
            "reinvestment_rate": 13.22,
            "research_to_sale_ratio": null,
            "price_fair": 121.89,
            "eps_avg_yearly": 3.48,
            "eps_latest_yearly": 0.76,
            "eps_growth_yearly": 2047.81
        },
        "20224": {
            "year_quarter": 20224,
            "year": 2022,
            "quarter": 4,
            "eps": 1.45,
            "eps_growth_year": 144.52,
            "eps_4q": 2.25,
            "eps_4q_growth_year": -63.07,
            "roe": 5.41,
            "gross_profit": 4870246,
            "gross_margin": 33.77,
            "net_income": 2586434,
            "revenue": 14420818,
            "common_shares": 17146741,
            "equity": 49048753,
            "current_ratio": 139.44,
            "debt_ratio": 78.22,
            "inventory_turnover_ratio": 0.06,
            "account_receivable_turnover_ratio": 4.66,
            "reinvestment_rate": 14.96,
            "research_to_sale_ratio": null,
            "price_fair": 120.14,
            "eps_avg_yearly": 3.43,
            "eps_latest_yearly": 5.8,
            "eps_growth_yearly": 2202.73
        },
        "20231": {
            "year_quarter": 20231,
            "year": 2023,
            "quarter": 1,
            "eps": 0.62,
            "eps_growth_year": -6.06,
            "eps_4q": 2.31,
            "eps_4q_growth_year": -46.53,
            "roe": 3.48,
            "gross_profit": 3089399,
            "gross_margin": 33.93,
            "net_income": 1733109,
            "revenue": 9104983,
            "common_shares": 17146741,
            "equity": 50534848,
            "current_ratio": 138.44,
            "debt_ratio": 77.51,
            "inventory_turnover_ratio": 0.04,
            "account_receivable_turnover_ratio": 2.48,
            "reinvestment_rate": 15.22,
            "research_to_sale_ratio": null,
            "price_fair": 111.65,
            "eps_avg_yearly": 3.19,
            "eps_latest_yearly": 2.48,
            "eps_growth_yearly": 2189.33
        }
    },
    "months": {
        "2001-06": {
            "month": "2001-06",
            "price": "2.51",
            "revenue": 236765
        },
        "2001-07": {
            "month": "2001-07",
            "price": "2.14",
            "revenue": 26312
        },
        "2001-08": {
            "month": "2001-08",
            "price": "2.24",
            "revenue": 411689
        },
        "2001-09": {
            "month": "2001-09",
            "price": "1.97",
            "revenue": 390102
        },
        "2001-10": {
            "month": "2001-10",
            "price": "1.87",
            "revenue": 107541
        },
        "2001-11": {
            "month": "2001-11",
            "price": "1.77",
            "revenue": 234312
        },
        "2001-12": {
            "month": "2001-12",
            "price": "1.93",
            "revenue": 337553
        },
        "2002-01": {
            "month": "2002-01",
            "price": "1.98",
            "revenue": 76692
        },
        "2002-02": {
            "month": "2002-02",
            "price": "2.16",
            "revenue": 115646
        },
        "2002-03": {
            "month": "2002-03",
            "price": "2.54",
            "revenue": 364364
        },
        "2002-04": {
            "month": "2002-04",
            "price": "3.93",
            "revenue": 147051
        },
        "2002-05": {
            "month": "2002-05",
            "price": "3.68",
            "revenue": 78998
        },
        "2002-06": {
            "month": "2002-06",
            "price": "4.06",
            "revenue": 275691
        },
        "2002-07": {
            "month": "2002-07",
            "price": "3.55",
            "revenue": 78705
        },
        "2002-08": {
            "month": "2002-08",
            "price": "3.73",
            "revenue": 74380
        },
        "2002-09": {
            "month": "2002-09",
            "price": "2.93",
            "revenue": 110376
        },
        "2002-10": {
            "month": "2002-10",
            "price": "2.34",
            "revenue": 20342
        },
        "2002-11": {
            "month": "2002-11",
            "price": "2.45",
            "revenue": 60530
        },
        "2002-12": {
            "month": "2002-12",
            "price": "2.68",
            "revenue": 204193
        },
        "2003-01": {
            "month": "2003-01",
            "price": "3.07",
            "revenue": 26833
        },
        "2003-02": {
            "month": "2003-02",
            "price": "3.04",
            "revenue": 8656
        },
        "2003-03": {
            "month": "2003-03",
            "price": "2.88",
            "revenue": 410086
        },
        "2003-04": {
            "month": "2003-04",
            "price": "2.74",
            "revenue": 170996
        },
        "2003-05": {
            "month": "2003-05",
            "price": "2.39",
            "revenue": 182373
        },
        "2003-06": {
            "month": "2003-06",
            "price": "3.48",
            "revenue": 308317
        },
        "2003-07": {
            "month": "2003-07",
            "price": "4.55",
            "revenue": 166735
        },
        "2003-08": {
            "month": "2003-08",
            "price": "6.27",
            "revenue": 44578
        },
        "2003-09": {
            "month": "2003-09",
            "price": "9.17",
            "revenue": 93936
        },
        "2003-10": {
            "month": "2003-10",
            "price": "12.00",
            "revenue": 225702
        },
        "2003-11": {
            "month": "2003-11",
            "price": "10.51",
            "revenue": 235748
        },
        "2003-12": {
            "month": "2003-12",
            "price": "10.36",
            "revenue": 971235
        },
        "2004-01": {
            "month": "2004-01",
            "price": "14.31",
            "revenue": 69436
        },
        "2004-02": {
            "month": "2004-02",
            "price": "18.14",
            "revenue": 98375
        },
        "2004-03": {
            "month": "2004-03",
            "price": "19.47",
            "revenue": 231292
        },
        "2004-04": {
            "month": "2004-04",
            "price": "18.79",
            "revenue": 401029
        },
        "2004-05": {
            "month": "2004-05",
            "price": "15.46",
            "revenue": 920147
        },
        "2004-06": {
            "month": "2004-06",
            "price": "16.65",
            "revenue": 504192
        },
        "2004-07": {
            "month": "2004-07",
            "price": "16.04",
            "revenue": 82927
        },
        "2004-08": {
            "month": "2004-08",
            "price": "18.82",
            "revenue": 115808
        },
        "2004-09": {
            "month": "2004-09",
            "price": "23.80",
            "revenue": 307266
        },
        "2004-10": {
            "month": "2004-10",
            "price": "23.00",
            "revenue": 84521
        },
        "2004-11": {
            "month": "2004-11",
            "price": "20.99",
            "revenue": 79964
        },
        "2004-12": {
            "month": "2004-12",
            "price": "23.92",
            "revenue": 393844
        },
        "2005-01": {
            "month": "2005-01",
            "price": "25.28",
            "revenue": 35069
        },
        "2005-02": {
            "month": "2005-02",
            "price": "24.97",
            "revenue": 53775
        },
        "2005-03": {
            "month": "2005-03",
            "price": "24.11",
            "revenue": 1168950
        },
        "2005-04": {
            "month": "2005-04",
            "price": "20.38",
            "revenue": 85514
        },
        "2005-05": {
            "month": "2005-05",
            "price": "20.05",
            "revenue": 177400
        },
        "2005-06": {
            "month": "2005-06",
            "price": "22.48",
            "revenue": 153662
        },
        "2005-07": {
            "month": "2005-07",
            "price": "22.72",
            "revenue": 100621
        },
        "2005-08": {
            "month": "2005-08",
            "price": "22.39",
            "revenue": 123158
        },
        "2005-09": {
            "month": "2005-09",
            "price": "23.59",
            "revenue": 540900
        },
        "2005-10": {
            "month": "2005-10",
            "price": "23.31",
            "revenue": 52279
        },
        "2005-11": {
            "month": "2005-11",
            "price": "22.82",
            "revenue": 37285
        },
        "2005-12": {
            "month": "2005-12",
            "price": "25.11",
            "revenue": 600253
        },
        "2006-01": {
            "month": "2006-01",
            "price": "27.38",
            "revenue": 134559
        },
        "2006-02": {
            "month": "2006-02",
            "price": "28.15",
            "revenue": 131348
        },
        "2006-03": {
            "month": "2006-03",
            "price": "27.74",
            "revenue": 255198
        },
        "2006-04": {
            "month": "2006-04",
            "price": "33.05",
            "revenue": 127684
        },
        "2006-05": {
            "month": "2006-05",
            "price": "37.94",
            "revenue": 71851
        },
        "2006-06": {
            "month": "2006-06",
            "price": "39.10",
            "revenue": 168317
        },
        "2006-07": {
            "month": "2006-07",
            "price": "43.26",
            "revenue": 66079
        },
        "2006-08": {
            "month": "2006-08",
            "price": "37.12",
            "revenue": 39909
        },
        "2006-09": {
            "month": "2006-09",
            "price": "34.42",
            "revenue": 2512984
        },
        "2006-10": {
            "month": "2006-10",
            "price": "40.40",
            "revenue": 370541
        },
        "2006-11": {
            "month": "2006-11",
            "price": "47.52",
            "revenue": 248800
        },
        "2006-12": {
            "month": "2006-12",
            "price": "44.34",
            "revenue": 3200041
        },
        "2007-01": {
            "month": "2007-01",
            "price": "41.83",
            "revenue": 235593
        },
        "2007-02": {
            "month": "2007-02",
            "price": "43.73",
            "revenue": 336777
        },
        "2007-03": {
            "month": "2007-03",
            "price": "46.05",
            "revenue": 2486751
        },
        "2007-04": {
            "month": "2007-04",
            "price": "47.25",
            "revenue": 463860
        },
        "2007-05": {
            "month": "2007-05",
            "price": "45.62",
            "revenue": 1305657
        },
        "2007-06": {
            "month": "2007-06",
            "price": "47.35",
            "revenue": 882502
        },
        "2007-07": {
            "month": "2007-07",
            "price": "54.50",
            "revenue": 168264
        },
        "2007-08": {
            "month": "2007-08",
            "price": "45.42",
            "revenue": 798785
        },
        "2007-09": {
            "month": "2007-09",
            "price": "42.89",
            "revenue": 1870606
        },
        "2007-10": {
            "month": "2007-10",
            "price": "39.68",
            "revenue": 219802
        },
        "2007-11": {
            "month": "2007-11",
            "price": "32.23",
            "revenue": 281664
        },
        "2007-12": {
            "month": "2007-12",
            "price": "27.79",
            "revenue": 763882
        },
        "2008-01": {
            "month": "2008-01",
            "price": "32.20",
            "revenue": 550945
        },
        "2008-02": {
            "month": "2008-02",
            "price": "34.82",
            "revenue": 280228
        },
        "2008-03": {
            "month": "2008-03",
            "price": "41.70",
            "revenue": 1468173
        },
        "2008-04": {
            "month": "2008-04",
            "price": "52.97",
            "revenue": 505807
        },
        "2008-05": {
            "month": "2008-05",
            "price": "50.03",
            "revenue": 644830
        },
        "2008-06": {
            "month": "2008-06",
            "price": "40.19",
            "revenue": 2643309
        },
        "2008-07": {
            "month": "2008-07",
            "price": "31.90",
            "revenue": 348772
        },
        "2008-08": {
            "month": "2008-08",
            "price": "25.83",
            "revenue": 443652
        },
        "2008-09": {
            "month": "2008-09",
            "price": "21.87",
            "revenue": 403732
        },
        "2008-10": {
            "month": "2008-10",
            "price": "15.65",
            "revenue": 564010
        },
        "2008-11": {
            "month": "2008-11",
            "price": "14.07",
            "revenue": 356633
        },
        "2008-12": {
            "month": "2008-12",
            "price": "13.55",
            "revenue": 865537
        },
        "2009-01": {
            "month": "2009-01",
            "price": "14.31",
            "revenue": 362207
        },
        "2009-02": {
            "month": "2009-02",
            "price": "14.02",
            "revenue": 711227
        },
        "2009-03": {
            "month": "2009-03",
            "price": "15.67",
            "revenue": 1389896
        },
        "2009-04": {
            "month": "2009-04",
            "price": "22.57",
            "revenue": 859845
        },
        "2009-05": {
            "month": "2009-05",
            "price": "31.29",
            "revenue": 1112028
        },
        "2009-06": {
            "month": "2009-06",
            "price": "32.47",
            "revenue": 2722963
        },
        "2009-07": {
            "month": "2009-07",
            "price": "36.25",
            "revenue": 1228945
        },
        "2009-08": {
            "month": "2009-08",
            "price": "36.18",
            "revenue": 1268654
        },
        "2009-09": {
            "month": "2009-09",
            "price": "38.94",
            "revenue": 2841035
        },
        "2009-10": {
            "month": "2009-10",
            "price": "45.14",
            "revenue": 1219624
        },
        "2009-11": {
            "month": "2009-11",
            "price": "43.49",
            "revenue": 1886895
        },
        "2009-12": {
            "month": "2009-12",
            "price": "45.36",
            "revenue": 3287721
        },
        "2010-01": {
            "month": "2010-01",
            "price": "50.79",
            "revenue": 4129544
        },
        "2010-02": {
            "month": "2010-02",
            "price": "47.76",
            "revenue": 1864270
        },
        "2010-03": {
            "month": "2010-03",
            "price": "48.98",
            "revenue": 2857706
        },
        "2010-04": {
            "month": "2010-04",
            "price": "52.04",
            "revenue": 1747012
        },
        "2010-05": {
            "month": "2010-05",
            "price": "50.92",
            "revenue": 1310401
        },
        "2010-06": {
            "month": "2010-06",
            "price": "50.93",
            "revenue": 1327013
        },
        "2010-07": {
            "month": "2010-07",
            "price": "51.97",
            "revenue": 1402441
        },
        "2010-08": {
            "month": "2010-08",
            "price": "50.06",
            "revenue": 1679536
        },
        "2010-09": {
            "month": "2010-09",
            "price": "50.60",
            "revenue": 3979837
        },
        "2010-10": {
            "month": "2010-10",
            "price": "53.21",
            "revenue": 4362569
        },
        "2010-11": {
            "month": "2010-11",
            "price": "60.33",
            "revenue": 1295852
        },
        "2010-12": {
            "month": "2010-12",
            "price": "65.48",
            "revenue": 1562312
        },
        "2011-01": {
            "month": "2011-01",
            "price": "68.14",
            "revenue": 5587619
        },
        "2011-02": {
            "month": "2011-02",
            "price": "67.77",
            "revenue": 1647682
        },
        "2011-03": {
            "month": "2011-03",
            "price": "60.54",
            "revenue": 1969825
        },
        "2011-04": {
            "month": "2011-04",
            "price": "63.41",
            "revenue": 1371084
        },
        "2011-05": {
            "month": "2011-05",
            "price": "64.69",
            "revenue": 1316859
        },
        "2011-06": {
            "month": "2011-06",
            "price": "65.87",
            "revenue": 1325410
        },
        "2011-07": {
            "month": "2011-07",
            "price": "70.43",
            "revenue": 1209272
        },
        "2011-08": {
            "month": "2011-08",
            "price": "59.07",
            "revenue": 1261043
        },
        "2011-09": {
            "month": "2011-09",
            "price": "53.08",
            "revenue": 1248315
        },
        "2011-10": {
            "month": "2011-10",
            "price": "51.24",
            "revenue": 1378845
        },
        "2011-11": {
            "month": "2011-11",
            "price": "48.94",
            "revenue": 1309121
        },
        "2011-12": {
            "month": "2011-12",
            "price": "43.65",
            "revenue": 1617255
        },
        "2012-01": {
            "month": "2012-01",
            "price": "44.51",
            "revenue": 1261828
        },
        "2012-02": {
            "month": "2012-02",
            "price": "51.13",
            "revenue": 1499313
        },
        "2012-03": {
            "month": "2012-03",
            "price": "54.37",
            "revenue": 1891647
        },
        "2012-04": {
            "month": "2012-04",
            "price": "50.14",
            "revenue": 1246867
        },
        "2012-05": {
            "month": "2012-05",
            "price": "48.20",
            "revenue": 1228368
        },
        "2012-06": {
            "month": "2012-06",
            "price": "46.25",
            "revenue": 1446277
        },
        "2012-07": {
            "month": "2012-07",
            "price": "45.49",
            "revenue": 1257734
        },
        "2012-08": {
            "month": "2012-08",
            "price": "48.65",
            "revenue": 1437857
        },
        "2012-09": {
            "month": "2012-09",
            "price": "50.57",
            "revenue": 1837327
        },
        "2012-10": {
            "month": "2012-10",
            "price": "47.11",
            "revenue": 2223539
        },
        "2012-11": {
            "month": "2012-11",
            "price": "52.30",
            "revenue": 2012379
        },
        "2012-12": {
            "month": "2012-12",
            "price": "54.80",
            "revenue": 3322183
        },
        "2013-01": {
            "month": "2013-01",
            "price": "58.44",
            "revenue": 2998469
        },
        "2013-02": {
            "month": "2013-02",
            "price": "62.77",
            "revenue": 2133439
        },
        "2013-03": {
            "month": "2013-03",
            "price": "62.96",
            "revenue": 9241888
        },
        "2013-04": {
            "month": "2013-04",
            "price": "63.94",
            "revenue": 1290212
        },
        "2013-05": {
            "month": "2013-05",
            "price": "66.08",
            "revenue": 1703028
        },
        "2013-06": {
            "month": "2013-06",
            "price": "63.44",
            "revenue": 1782050
        },
        "2013-07": {
            "month": "2013-07",
            "price": "64.47",
            "revenue": 3063676
        },
        "2013-08": {
            "month": "2013-08",
            "price": "69.60",
            "revenue": 1233926
        },
        "2013-09": {
            "month": "2013-09",
            "price": "66.29",
            "revenue": 404277
        },
        "2013-10": {
            "month": "2013-10",
            "price": "64.73",
            "revenue": 739815
        },
        "2013-11": {
            "month": "2013-11",
            "price": "64.23",
            "revenue": 489470
        },
        "2013-12": {
            "month": "2013-12",
            "price": "63.25",
            "revenue": 3230046
        },
        "2014-01": {
            "month": "2014-01",
            "price": "60.53",
            "revenue": 724268
        },
        "2014-02": {
            "month": "2014-02",
            "price": "61.48",
            "revenue": 543303
        },
        "2014-03": {
            "month": "2014-03",
            "price": "64.34",
            "revenue": 1653215
        },
        "2014-04": {
            "month": "2014-04",
            "price": "69.10",
            "revenue": 490701
        },
        "2014-05": {
            "month": "2014-05",
            "price": "68.48",
            "revenue": 538266
        },
        "2014-06": {
            "month": "2014-06",
            "price": "67.61",
            "revenue": 7058930
        },
        "2014-07": {
            "month": "2014-07",
            "price": "67.89",
            "revenue": 5380869
        },
        "2014-08": {
            "month": "2014-08",
            "price": "64.99",
            "revenue": 8748786
        },
        "2014-09": {
            "month": "2014-09",
            "price": "51.48",
            "revenue": 4525354
        },
        "2014-10": {
            "month": "2014-10",
            "price": "49.83",
            "revenue": 1101184
        },
        "2014-11": {
            "month": "2014-11",
            "price": "54.22",
            "revenue": 1529244
        },
        "2014-12": {
            "month": "2014-12",
            "price": "63.46",
            "revenue": 5221051
        },
        "2015-01": {
            "month": "2015-01",
            "price": "64.62",
            "revenue": 1260425
        },
        "2015-02": {
            "month": "2015-02",
            "price": "65.77",
            "revenue": 6991116
        },
        "2015-03": {
            "month": "2015-03",
            "price": "68.38",
            "revenue": 1161468
        },
        "2015-04": {
            "month": "2015-04",
            "price": "79.80",
            "revenue": 383079
        },
        "2015-05": {
            "month": "2015-05",
            "price": "77.58",
            "revenue": 548051
        },
        "2015-06": {
            "month": "2015-06",
            "price": "73.08",
            "revenue": 538363
        },
        "2015-07": {
            "month": "2015-07",
            "price": "69.88",
            "revenue": 394678
        },
        "2015-08": {
            "month": "2015-08",
            "price": "56.36",
            "revenue": 2361487
        },
        "2015-09": {
            "month": "2015-09",
            "price": "54.81",
            "revenue": 1392507
        },
        "2015-10": {
            "month": "2015-10",
            "price": "47.28",
            "revenue": 1109041
        },
        "2015-11": {
            "month": "2015-11",
            "price": "41.56",
            "revenue": 4912218
        },
        "2015-12": {
            "month": "2015-12",
            "price": "37.00",
            "revenue": 13585606
        },
        "2016-01": {
            "month": "2016-01",
            "price": "33.19",
            "revenue": 873164
        },
        "2016-02": {
            "month": "2016-02",
            "price": "33.28",
            "revenue": 4587363
        },
        "2016-03": {
            "month": "2016-03",
            "price": "40.45",
            "revenue": 3670106
        },
        "2016-04": {
            "month": "2016-04",
            "price": "48.73",
            "revenue": 1153250
        },
        "2016-05": {
            "month": "2016-05",
            "price": "47.33",
            "revenue": 1814531
        },
        "2016-06": {
            "month": "2016-06",
            "price": "51.88",
            "revenue": 1531782
        },
        "2016-07": {
            "month": "2016-07",
            "price": "50.16",
            "revenue": 6692438
        },
        "2016-08": {
            "month": "2016-08",
            "price": "49.54",
            "revenue": 4998579
        },
        "2016-09": {
            "month": "2016-09",
            "price": "48.77",
            "revenue": 1788179
        },
        "2016-10": {
            "month": "2016-10",
            "price": "47.86",
            "revenue": 2535902
        },
        "2016-11": {
            "month": "2016-11",
            "price": "44.64",
            "revenue": 947687
        },
        "2016-12": {
            "month": "2016-12",
            "price": "45.95",
            "revenue": 4488659
        },
        "2017-01": {
            "month": "2017-01",
            "price": "46.15",
            "revenue": 652578
        },
        "2017-02": {
            "month": "2017-02",
            "price": "48.58",
            "revenue": 1271129
        },
        "2017-03": {
            "month": "2017-03",
            "price": "51.56",
            "revenue": 2007707
        },
        "2017-04": {
            "month": "2017-04",
            "price": "51.04",
            "revenue": 946750
        },
        "2017-05": {
            "month": "2017-05",
            "price": "50.39",
            "revenue": 1168930
        },
        "2017-06": {
            "month": "2017-06",
            "price": "50.31",
            "revenue": 870045
        },
        "2017-07": {
            "month": "2017-07",
            "price": "50.53",
            "revenue": 3374080
        },
        "2017-08": {
            "month": "2017-08",
            "price": "47.70",
            "revenue": 1544016
        },
        "2017-09": {
            "month": "2017-09",
            "price": "43.93",
            "revenue": 2019957
        },
        "2017-10": {
            "month": "2017-10",
            "price": "40.26",
            "revenue": 910790
        },
        "2017-11": {
            "month": "2017-11",
            "price": "40.31",
            "revenue": 1128053
        },
        "2017-12": {
            "month": "2017-12",
            "price": "40.92",
            "revenue": 2776013
        },
        "2018-01": {
            "month": "2018-01",
            "price": "43.79",
            "revenue": 1684254
        },
        "2018-02": {
            "month": "2018-02",
            "price": "44.35",
            "revenue": 1631974
        },
        "2018-03": {
            "month": "2018-03",
            "price": "44.81",
            "revenue": 7307413
        },
        "2018-04": {
            "month": "2018-04",
            "price": "45.21",
            "revenue": 2253783
        },
        "2018-05": {
            "month": "2018-05",
            "price": "45.66",
            "revenue": 3305415
        },
        "2018-06": {
            "month": "2018-06",
            "price": "46.40",
            "revenue": 6632323
        },
        "2018-07": {
            "month": "2018-07",
            "price": "45.39",
            "revenue": 2121501
        },
        "2018-08": {
            "month": "2018-08",
            "price": "48.08",
            "revenue": 2560875
        },
        "2018-09": {
            "month": "2018-09",
            "price": "47.75",
            "revenue": 5479305
        },
        "2018-10": {
            "month": "2018-10",
            "price": "46.08",
            "revenue": 2677192
        },
        "2018-11": {
            "month": "2018-11",
            "price": "46.32",
            "revenue": 4100668
        },
        "2018-12": {
            "month": "2018-12",
            "price": "45.83",
            "revenue": 4449997
        },
        "2019-01": {
            "month": "2019-01",
            "price": "46.49",
            "revenue": 2048211
        },
        "2019-02": {
            "month": "2019-02",
            "price": "47.84",
            "revenue": 2538786
        },
        "2019-03": {
            "month": "2019-03",
            "price": "48.50",
            "revenue": 4392815
        },
        "2019-04": {
            "month": "2019-04",
            "price": "49.49",
            "revenue": 1628741
        },
        "2019-05": {
            "month": "2019-05",
            "price": "48.32",
            "revenue": 1485213
        },
        "2019-06": {
            "month": "2019-06",
            "price": "49.18",
            "revenue": 1735250
        },
        "2019-07": {
            "month": "2019-07",
            "price": "49.28",
            "revenue": 1321186
        },
        "2019-08": {
            "month": "2019-08",
            "price": "48.64",
            "revenue": 605555
        },
        "2019-09": {
            "month": "2019-09",
            "price": "49.67",
            "revenue": 1470274
        },
        "2019-10": {
            "month": "2019-10",
            "price": "46.51",
            "revenue": 1500562
        },
        "2019-11": {
            "month": "2019-11",
            "price": "46.81",
            "revenue": 3205743
        },
        "2019-12": {
            "month": "2019-12",
            "price": "46.23",
            "revenue": 1865865
        },
        "2020-01": {
            "month": "2020-01",
            "price": "46.23",
            "revenue": 558692
        },
        "2020-02": {
            "month": "2020-02",
            "price": "45.44",
            "revenue": 510233
        },
        "2020-03": {
            "month": "2020-03",
            "price": "40.55",
            "revenue": 1004557
        },
        "2020-04": {
            "month": "2020-04",
            "price": "41.20",
            "revenue": 5839412
        },
        "2020-05": {
            "month": "2020-05",
            "price": "43.96",
            "revenue": 989585
        },
        "2020-06": {
            "month": "2020-06",
            "price": "44.78",
            "revenue": 1112637
        },
        "2020-07": {
            "month": "2020-07",
            "price": "43.18",
            "revenue": 1269802
        },
        "2020-08": {
            "month": "2020-08",
            "price": "43.87",
            "revenue": 2020680
        },
        "2020-09": {
            "month": "2020-09",
            "price": "45.35",
            "revenue": 4509736
        },
        "2020-10": {
            "month": "2020-10",
            "price": "43.03",
            "revenue": 1937945
        },
        "2020-11": {
            "month": "2020-11",
            "price": "43.14",
            "revenue": 2010149
        },
        "2020-12": {
            "month": "2020-12",
            "price": "45.17",
            "revenue": 2699590
        },
        "2021-01": {
            "month": "2021-01",
            "price": "44.52",
            "revenue": 1985061
        },
        "2021-02": {
            "month": "2021-02",
            "price": "44.04",
            "revenue": 1846712
        },
        "2021-03": {
            "month": "2021-03",
            "price": "44.46",
            "revenue": 4831866
        },
        "2021-04": {
            "month": "2021-04",
            "price": "44.31",
            "revenue": 3850224
        },
        "2021-05": {
            "month": "2021-05",
            "price": "43.17",
            "revenue": 3288228
        },
        "2021-06": {
            "month": "2021-06",
            "price": "42.53",
            "revenue": 8452172
        },
        "2021-07": {
            "month": "2021-07",
            "price": "45.85",
            "revenue": 3393299
        },
        "2021-08": {
            "month": "2021-08",
            "price": "48.36",
            "revenue": 2595467
        },
        "2021-09": {
            "month": "2021-09",
            "price": "47.04",
            "revenue": 4450422
        },
        "2021-10": {
            "month": "2021-10",
            "price": "44.85",
            "revenue": 3011507
        },
        "2021-11": {
            "month": "2021-11",
            "price": "46.03",
            "revenue": 3346706
        },
        "2021-12": {
            "month": "2021-12",
            "price": "46.57",
            "revenue": 2812522
        },
        "2022-01": {
            "month": "2022-01",
            "price": "46.27",
            "revenue": 4018304
        },
        "2022-02": {
            "month": "2022-02",
            "price": "47.60",
            "revenue": 1036498
        },
        "2022-03": {
            "month": "2022-03",
            "price": "47.67",
            "revenue": 1974679
        },
        "2022-04": {
            "month": "2022-04",
            "price": "47.53",
            "revenue": 803565
        },
        "2022-05": {
            "month": "2022-05",
            "price": "46.05",
            "revenue": 352007
        },
        "2022-06": {
            "month": "2022-06",
            "price": "44.79",
            "revenue": 581151
        },
        "2022-07": {
            "month": "2022-07",
            "price": "44.46",
            "revenue": 181592
        },
        "2022-08": {
            "month": "2022-08",
            "price": "46.83",
            "revenue": 343473
        },
        "2022-09": {
            "month": "2022-09",
            "price": "45.96",
            "revenue": 2915146
        },
        "2022-10": {
            "month": "2022-10",
            "price": "40.04",
            "revenue": 2641853
        },
        "2022-11": {
            "month": "2022-11",
            "price": "43.24",
            "revenue": 3327863
        },
        "2022-12": {
            "month": "2022-12",
            "price": "42.19",
            "revenue": 7978393
        },
        "2023-01": {
            "month": "2023-01",
            "price": "40.62",
            "revenue": 2231592
        },
        "2023-02": {
            "month": "2023-02",
            "price": "41.94",
            "revenue": 2799663
        },
        "2023-03": {
            "month": "2023-03",
            "price": "41.28",
            "revenue": 4073728
        },
        "2023-04": {
            "month": "2023-04",
            "price": "41.84",
            "revenue": 652717
        }
    }
}
