{
    "summary": {
        "stock_name": "皇昌",
        "stock_id": "2543",
        "category": "建材營造",
        "main_business": "土木建築工程之承攬業務",
        "website_url": "http://www.hcgc.com.tw",
        "ceo": "黃重雷",
        "pe_ratio": 10,
        "report_year_from": 2001,
        "report_year_to": 2023,
        "age": 22,
        "eps_negative_percentage": 13,
        "eps_growth_avg": {
            "last_all": -12.85,
            "last_2y": 38.46,
            "last_4y": 3.85,
            "last_8y": -19.45,
            "last_12y": -12.47,
            "last_16y": -21.06,
            "last_20y": -12.85,
            "at_2006_last_3y": 33.16,
            "at_2007_last_3y": -4.09,
            "at_2008_last_3y": -15.7,
            "at_2009_last_3y": -42.52,
            "at_2010_last_3y": -65.45,
            "at_2011_last_3y": -73.68,
            "at_2012_last_3y": -84.52,
            "at_2013_last_3y": 15.48,
            "at_2014_last_3y": 5.33,
            "at_2015_last_3y": -11.2,
            "at_2016_last_3y": 4.53,
            "at_2017_last_3y": -42.75,
            "at_2018_last_3y": -64.01,
            "at_2019_last_3y": -65.08,
            "at_2020_last_3y": -46.38,
            "at_2021_last_3y": 16.67,
            "at_2022_last_3y": 38.46,
            "at_2023_last_3y": 38.46,
            "at_2006_last_all": 17.96,
            "at_2007_last_all": 6.8,
            "at_2008_last_all": -0.94,
            "at_2009_last_all": -13.32,
            "at_2010_last_all": -13.32,
            "at_2011_last_all": -13.32,
            "at_2012_last_all": -19.51,
            "at_2013_last_all": -7.56,
            "at_2014_last_all": -8.24,
            "at_2015_last_all": -12.62,
            "at_2016_last_all": -12.12,
            "at_2017_last_all": -17.62,
            "at_2018_last_all": -23.11,
            "at_2019_last_all": -23.11,
            "at_2020_last_all": -18.54,
            "at_2021_last_all": -11.57,
            "at_2022_last_all": -12.85,
            "at_2023_last_all": -12.85
        },
        "latest_eps": 1.04,
        "latest_price": 10,
        "latest_roe": 10.28,
        "latest_gross_margin": 5.54,
        "latest_equity": 2854748,
        "latest_revenue": 2096537,
        "latest_gross_profit": 116095,
        "latest_net_income": 24876,
        "latest_debt_ratio": 78.22,
        "latest_current_ratio": 93.38,
        "latest_account_receivable_turnover_ratio": 1.54,
        "latest_inventory_turnover_ratio": 312.03,
        "latest_reinvestment_rate": 267.41,
        "latest_research_to_sale_ratio": null
    },
    "eps_dividends": {
        "1999": {
            "cash": 0.5,
            "stock": 1.8,
            "eps": 0
        },
        "2001": {
            "cash": 0.5,
            "stock": 0,
            "eps": 0.56
        },
        "2002": {
            "cash": 0.5,
            "stock": 0,
            "eps": 0.32
        },
        "2003": {
            "cash": 0.2,
            "stock": 1.5,
            "eps": 1.11
        },
        "2004": {
            "cash": 0,
            "stock": 0,
            "eps": 1.1
        },
        "2005": {
            "cash": 0,
            "stock": 0.85,
            "eps": 1.18
        },
        "2006": {
            "cash": 0,
            "stock": 0.97,
            "eps": 1.49
        },
        "2007": {
            "cash": 0,
            "stock": 0.97,
            "eps": 0.76
        },
        "2008": {
            "cash": 0,
            "stock": 0.55,
            "eps": 0.4
        },
        "2009": {
            "cash": 0,
            "stock": 0,
            "eps": -2.08
        },
        "2010": {
            "cash": 0,
            "stock": 0,
            "eps": -1.35
        },
        "2011": {
            "cash": 0,
            "stock": 0,
            "eps": 0.42
        },
        "2012": {
            "cash": 0,
            "stock": 0,
            "eps": 0.13
        },
        "2013": {
            "cash": 0,
            "stock": 0,
            "eps": 1.47
        },
        "2014": {
            "cash": 0,
            "stock": 0,
            "eps": 1.25
        },
        "2015": {
            "cash": 0,
            "stock": 0,
            "eps": 0.49
        },
        "2016": {
            "cash": 0.3,
            "stock": 0,
            "eps": 0.46
        },
        "2017": {
            "cash": 0.3,
            "stock": 0,
            "eps": 0.05
        },
        "2018": {
            "cash": 0,
            "stock": 0,
            "eps": -2.16
        },
        "2019": {
            "cash": 0,
            "stock": 0,
            "eps": 0.1
        },
        "2020": {
            "cash": 0,
            "stock": 0,
            "eps": 0.15
        },
        "2021": {
            "cash": 0,
            "stock": 0,
            "eps": 1.56
        },
        "2022": {
            "cash": 0,
            "stock": 0,
            "eps": 1.02
        },
        "2023": {
            "cash": 0.3,
            "stock": 0,
            "eps": 0.08
        }
    },
    "dividends": {
        "1999-04-17": {
            "cash": 0.5,
            "stock": 1.8
        },
        "2001-06-22": {
            "cash": 0.5,
            "stock": 0
        },
        "2002-06-20": {
            "cash": 0.5,
            "stock": 0
        },
        "2003-03-11": {
            "cash": 0,
            "stock": 1.5
        },
        "2003-05-08": {
            "cash": 0.2,
            "stock": 0
        },
        "2005-03-18": {
            "cash": 0,
            "stock": 0.85
        },
        "2006-04-13": {
            "cash": 0,
            "stock": 0.97
        },
        "2007-06-21": {
            "cash": 0,
            "stock": 0.97
        },
        "2008-04-29": {
            "cash": 0,
            "stock": 0.55
        },
        "2016-11-25": {
            "cash": 0.3,
            "stock": 0
        },
        "2017-08-11": {
            "cash": 0.3,
            "stock": 0
        },
        "2023-03-15": {
            "cash": 0.3,
            "stock": 0
        }
    },
    "prices": {
        "200101": "4.84",
        "200102": "6.30",
        "200103": "6.22",
        "200104": "5.38",
        "200105": "4.53",
        "200106": "4.06",
        "200107": "3.70",
        "200108": "3.79",
        "200109": "3.53",
        "200110": "3.14",
        "200111": "3.38",
        "200112": "5.62",
        "200201": "5.71",
        "200202": "5.20",
        "200203": "5.93",
        "200204": "8.50",
        "200205": "7.44",
        "200206": "7.84",
        "200207": "8.88",
        "200208": "8.63",
        "200209": "8.04",
        "200210": "5.86",
        "200211": "6.00",
        "200212": "6.27",
        "200301": "7.23",
        "200302": "6.26",
        "200303": "5.99",
        "200304": "5.84",
        "200305": "5.34",
        "200306": "6.50",
        "200307": "7.78",
        "200308": "9.90",
        "200309": "8.98",
        "200310": "9.91",
        "200311": "11.33",
        "200312": "12.01",
        "200401": "13.78",
        "200402": "15.42",
        "200403": "15.11",
        "200404": "16.11",
        "200405": "15.50",
        "200406": "15.50",
        "200407": "13.74",
        "200408": "11.36",
        "200409": "11.03",
        "200410": "10.88",
        "200411": "10.15",
        "200412": "11.28",
        "200501": "11.76",
        "200502": "11.90",
        "200503": "11.74",
        "200504": "10.57",
        "200505": "10.25",
        "200506": "11.89",
        "200507": "10.89",
        "200508": "9.93",
        "200509": "8.85",
        "200510": "7.68",
        "200511": "6.93",
        "200512": "7.60",
        "200601": "8.09",
        "200602": "7.66",
        "200603": "7.67",
        "200604": "8.30",
        "200605": "9.45",
        "200606": "9.15",
        "200607": "9.14",
        "200608": "8.63",
        "200609": "8.47",
        "200610": "9.30",
        "200611": "12.52",
        "200612": "13.97",
        "200701": "12.94",
        "200702": "12.74",
        "200703": "12.45",
        "200704": "12.53",
        "200705": "12.18",
        "200706": "11.74",
        "200707": "14.21",
        "200708": "13.85",
        "200709": "12.36",
        "200710": "11.64",
        "200711": "9.41",
        "200712": "8.58",
        "200801": "8.85",
        "200802": "8.74",
        "200803": "10.49",
        "200804": "12.40",
        "200805": "10.97",
        "200806": "8.44",
        "200807": "7.26",
        "200808": "6.45",
        "200809": "4.58",
        "200810": "3.83",
        "200811": "4.35",
        "200812": "4.56",
        "200901": "4.70",
        "200902": "4.54",
        "200903": "4.59",
        "200904": "6.66",
        "200905": "6.96",
        "200906": "6.51",
        "200907": "6.82",
        "200908": "6.74",
        "200909": "6.63",
        "200910": "6.45",
        "200911": "6.09",
        "200912": "6.05",
        "201001": "7.11",
        "201002": "6.65",
        "201003": "6.91",
        "201004": "7.37",
        "201005": "6.34",
        "201006": "6.13",
        "201007": "6.11",
        "201008": "6.52",
        "201009": "6.72",
        "201010": "6.71",
        "201011": "5.99",
        "201012": "6.05",
        "201101": "6.69",
        "201102": "6.40",
        "201103": "6.05",
        "201104": "6.07",
        "201105": "7.36",
        "201106": "7.48",
        "201107": "6.94",
        "201108": "7.05",
        "201109": "7.18",
        "201110": "7.32",
        "201111": "6.62",
        "201112": "5.94",
        "201201": "5.94",
        "201202": "6.15",
        "201203": "6.09",
        "201204": "5.82",
        "201205": "5.70",
        "201206": "5.69",
        "201207": "5.63",
        "201208": "5.45",
        "201209": "5.74",
        "201210": "5.56",
        "201211": "5.46",
        "201212": "6.31",
        "201301": "7.09",
        "201302": "8.62",
        "201303": "8.49",
        "201304": "8.44",
        "201305": "8.41",
        "201306": "8.26",
        "201307": "7.88",
        "201308": "7.78",
        "201309": "7.81",
        "201310": "8.10",
        "201311": "8.14",
        "201312": "7.80",
        "201401": "7.88",
        "201402": "7.76",
        "201403": "7.76",
        "201404": "8.02",
        "201405": "8.22",
        "201406": "9.60",
        "201407": "9.43",
        "201408": "8.85",
        "201409": "9.23",
        "201410": "10.59",
        "201411": "11.63",
        "201412": "11.35",
        "201501": "11.15",
        "201502": "11.17",
        "201503": "11.44",
        "201504": "10.43",
        "201505": "10.10",
        "201506": "9.98",
        "201507": "9.34",
        "201508": "8.82",
        "201509": "8.32",
        "201510": "8.30",
        "201511": "8.31",
        "201512": "8.30",
        "201601": "8.09",
        "201602": "8.16",
        "201603": "8.37",
        "201604": "8.52",
        "201605": "9.54",
        "201606": "10.16",
        "201607": "10.56",
        "201608": "10.00",
        "201609": "9.62",
        "201610": "9.61",
        "201611": "9.30",
        "201612": "9.25",
        "201701": "9.15",
        "201702": "9.07",
        "201703": "9.13",
        "201704": "9.15",
        "201705": "9.11",
        "201706": "9.02",
        "201707": "8.90",
        "201708": "8.59",
        "201709": "8.60",
        "201710": "8.57",
        "201711": "8.21",
        "201712": "8.17",
        "201801": "8.33",
        "201802": "8.21",
        "201803": "8.29",
        "201804": "8.11",
        "201805": "8.11",
        "201806": "8.07",
        "201807": "8.08",
        "201808": "8.03",
        "201809": "7.96",
        "201810": "7.84",
        "201811": "7.91",
        "201812": "7.75",
        "201901": "7.65",
        "201902": "7.70",
        "201903": "7.72",
        "201904": "7.45",
        "201905": "7.46",
        "201906": "7.43",
        "201907": "7.43",
        "201908": "7.24",
        "201909": "7.26",
        "201910": "7.67",
        "201911": "7.54",
        "201912": "7.39",
        "202001": "7.21",
        "202002": "7.14",
        "202003": "6.90",
        "202004": "6.73",
        "202005": "6.62",
        "202006": "6.56",
        "202007": "6.47",
        "202008": "6.37",
        "202009": "6.87",
        "202010": "7.04",
        "202011": "7.06",
        "202012": "7.14",
        "202101": "7.05",
        "202102": "6.92",
        "202103": "7.00",
        "202104": "7.97",
        "202105": "7.97",
        "202106": "7.59",
        "202107": "7.63",
        "202108": "7.47",
        "202109": "7.67",
        "202110": "7.53",
        "202111": "7.67",
        "202112": "7.72",
        "202201": "7.66",
        "202202": "7.67",
        "202203": "7.64",
        "202204": "9.02",
        "202205": "8.51",
        "202206": "9.12",
        "202207": "8.27",
        "202208": "9.21",
        "202209": "9.08",
        "202210": "8.43",
        "202211": "8.49",
        "202212": "8.91",
        "202301": "9.07",
        "202302": "9.06",
        "202303": "9.22",
        "202304": "9.44",
        "202305": "9.52",
        "202306": "10.03"
    },
    "quarters": {
        "20011": {
            "year_quarter": 20011,
            "year": 2001,
            "quarter": 1,
            "eps": -0.03,
            "eps_growth_year": -123.08,
            "eps_4q": 0.75,
            "eps_4q_growth_year": -56.62,
            "roe": -0.29,
            "roe_4q": -0.29,
            "gross_profit": 42425,
            "gross_margin": 7.06,
            "gross_margin_4q_avg": 7.06,
            "net_income": -2915,
            "revenue": 600937,
            "common_shares": 867371,
            "book_valuer_per_share": 11.73,
            "book_valuer_per_share_4q_avg": 11.73,
            "equity": 1017337,
            "current_ratio": 105.6,
            "debt_ratio": 70.17,
            "inventory_turnover_ratio": 0.42,
            "account_receivable_turnover_ratio": null,
            "reinvestment_rate": null,
            "research_to_sale_ratio": null,
            "price_fair": 0,
            "eps_avg_yearly": 0,
            "eps_latest_yearly": 0,
            "eps_growth_yearly": 0
        },
        "20012": {
            "year_quarter": 20012,
            "year": 2001,
            "quarter": 2,
            "eps": 0.07,
            "eps_growth_year": null,
            "eps_4q": 0.96,
            "eps_4q_growth_year": -11.83,
            "roe": 0.58,
            "roe_4q": 0.29,
            "gross_profit": 59878,
            "gross_margin": 8.94,
            "gross_margin_4q_avg": 8,
            "net_income": 5800,
            "revenue": 669510,
            "common_shares": 867371,
            "book_valuer_per_share": 11.24,
            "book_valuer_per_share_4q_avg": 11.49,
            "equity": 975140,
            "current_ratio": 104.98,
            "debt_ratio": 71.33,
            "inventory_turnover_ratio": 0.47,
            "account_receivable_turnover_ratio": null,
            "reinvestment_rate": null,
            "research_to_sale_ratio": null,
            "price_fair": 0,
            "eps_avg_yearly": 0,
            "eps_latest_yearly": 0,
            "eps_growth_yearly": 0
        },
        "20013": {
            "year_quarter": 20013,
            "year": 2001,
            "quarter": 3,
            "eps": 0.29,
            "eps_growth_year": -40.82,
            "eps_4q": 0.71,
            "eps_4q_growth_year": -4.67,
            "roe": 2.58,
            "roe_4q": 2.87,
            "gross_profit": 68274,
            "gross_margin": 10.78,
            "gross_margin_4q_avg": 8.93,
            "net_income": 25503,
            "revenue": 633631,
            "common_shares": 867371,
            "book_valuer_per_share": 11.54,
            "book_valuer_per_share_4q_avg": 11.5,
            "equity": 1000643,
            "current_ratio": 107.24,
            "debt_ratio": 70.13,
            "inventory_turnover_ratio": 0.46,
            "account_receivable_turnover_ratio": null,
            "reinvestment_rate": null,
            "research_to_sale_ratio": null,
            "price_fair": 0,
            "eps_avg_yearly": 0,
            "eps_latest_yearly": 0,
            "eps_growth_yearly": 0
        },
        "20014": {
            "year_quarter": 20014,
            "year": 2001,
            "quarter": 4,
            "eps": 0.23,
            "eps_growth_year": -42.5,
            "eps_4q": 0.56,
            "eps_4q_growth_year": -44.07,
            "roe": 1.96,
            "roe_4q": 4.83,
            "gross_profit": 70873,
            "gross_margin": 8.09,
            "gross_margin_4q_avg": 8.72,
            "net_income": 19846,
            "revenue": 875911,
            "common_shares": 867371,
            "book_valuer_per_share": 11.77,
            "book_valuer_per_share_4q_avg": 11.57,
            "equity": 1020489,
            "current_ratio": 107.7,
            "debt_ratio": 72.12,
            "inventory_turnover_ratio": 0.71,
            "account_receivable_turnover_ratio": null,
            "reinvestment_rate": null,
            "research_to_sale_ratio": null,
            "price_fair": 0,
            "eps_avg_yearly": 0,
            "eps_latest_yearly": 0,
            "eps_growth_yearly": 0
        },
        "20021": {
            "year_quarter": 20021,
            "year": 2002,
            "quarter": 1,
            "eps": 0.12,
            "eps_growth_year": null,
            "eps_4q": 0.73,
            "eps_4q_growth_year": -3,
            "roe": 0.98,
            "roe_4q": 6.1,
            "gross_profit": 51307,
            "gross_margin": 5.61,
            "gross_margin_4q_avg": 8.36,
            "net_income": 10035,
            "revenue": 914348,
            "common_shares": 867371,
            "book_valuer_per_share": 11.88,
            "book_valuer_per_share_4q_avg": 11.61,
            "equity": 1030524,
            "current_ratio": 107.69,
            "debt_ratio": 72.97,
            "inventory_turnover_ratio": 0.76,
            "account_receivable_turnover_ratio": null,
            "reinvestment_rate": null,
            "research_to_sale_ratio": null,
            "price_fair": 1.44,
            "eps_avg_yearly": 0.48,
            "eps_latest_yearly": 0.48,
            "eps_growth_yearly": -191.3
        },
        "20022": {
            "year_quarter": 20022,
            "year": 2002,
            "quarter": 2,
            "eps": 0.05,
            "eps_growth_year": -28.57,
            "eps_4q": 0.71,
            "eps_4q_growth_year": -26.06,
            "roe": 0.42,
            "roe_4q": 5.9399999999999995,
            "gross_profit": 45769,
            "gross_margin": 4.08,
            "gross_margin_4q_avg": 7.14,
            "net_income": 4195,
            "revenue": 1121643,
            "common_shares": 867371,
            "book_valuer_per_share": 11.4,
            "book_valuer_per_share_4q_avg": 11.65,
            "equity": 988746,
            "current_ratio": 101.84,
            "debt_ratio": 73.79,
            "inventory_turnover_ratio": 1.04,
            "account_receivable_turnover_ratio": null,
            "reinvestment_rate": null,
            "research_to_sale_ratio": null,
            "price_fair": 1.02,
            "eps_avg_yearly": 0.34,
            "eps_latest_yearly": 0.2,
            "eps_growth_yearly": -212.32
        },
        "20023": {
            "year_quarter": 20023,
            "year": 2002,
            "quarter": 3,
            "eps": -0.01,
            "eps_growth_year": -103.45,
            "eps_4q": 0.39,
            "eps_4q_growth_year": -45.99,
            "roe": -0.07,
            "roe_4q": 3.29,
            "gross_profit": 41100,
            "gross_margin": 3.65,
            "gross_margin_4q_avg": 5.36,
            "net_income": -672,
            "revenue": 1126478,
            "common_shares": 867371,
            "book_valuer_per_share": 11.39,
            "book_valuer_per_share_4q_avg": 11.61,
            "equity": 988074,
            "current_ratio": 101.31,
            "debt_ratio": 71.76,
            "inventory_turnover_ratio": 1.25,
            "account_receivable_turnover_ratio": null,
            "reinvestment_rate": null,
            "research_to_sale_ratio": null,
            "price_fair": 1.02,
            "eps_avg_yearly": 0.34,
            "eps_latest_yearly": 0.2,
            "eps_growth_yearly": -212.32
        },
        "20024": {
            "year_quarter": 20024,
            "year": 2002,
            "quarter": 4,
            "eps": 0.16,
            "eps_growth_year": -30.43,
            "eps_4q": 0.32,
            "eps_4q_growth_year": -42.62,
            "roe": 1.36,
            "roe_4q": 2.69,
            "gross_profit": 15281,
            "gross_margin": 1.8,
            "gross_margin_4q_avg": 3.79,
            "net_income": 13493,
            "revenue": 850795,
            "common_shares": 867371,
            "book_valuer_per_share": 11.55,
            "book_valuer_per_share_4q_avg": 11.56,
            "equity": 1001567,
            "current_ratio": 102.62,
            "debt_ratio": 70.95,
            "inventory_turnover_ratio": 1.04,
            "account_receivable_turnover_ratio": null,
            "reinvestment_rate": 154.55,
            "research_to_sale_ratio": null,
            "price_fair": 1.02,
            "eps_avg_yearly": 0.34,
            "eps_latest_yearly": 0.2,
            "eps_growth_yearly": -212.32
        },
        "20031": {
            "year_quarter": 20031,
            "year": 2003,
            "quarter": 1,
            "eps": 0.17,
            "eps_growth_year": 41.67,
            "eps_4q": 0.36,
            "eps_4q_growth_year": -50.17,
            "roe": 1.47,
            "roe_4q": 3.18,
            "gross_profit": 51082,
            "gross_margin": 6.19,
            "gross_margin_4q_avg": 3.93,
            "net_income": 14869,
            "revenue": 824743,
            "common_shares": 867371,
            "book_valuer_per_share": 11.72,
            "book_valuer_per_share_4q_avg": 11.52,
            "equity": 1016436,
            "current_ratio": 103.11,
            "debt_ratio": 71.98,
            "inventory_turnover_ratio": 0.98,
            "account_receivable_turnover_ratio": null,
            "reinvestment_rate": 136.57,
            "research_to_sale_ratio": null,
            "price_fair": 1.36,
            "eps_avg_yearly": 0.45,
            "eps_latest_yearly": 0.68,
            "eps_growth_yearly": -133.21
        },
        "20032": {
            "year_quarter": 20032,
            "year": 2003,
            "quarter": 2,
            "eps": 0.38,
            "eps_growth_year": 660,
            "eps_4q": 0.7,
            "eps_4q_growth_year": -2.02,
            "roe": 3.25,
            "roe_4q": 6.01,
            "gross_profit": 76605,
            "gross_margin": 7.74,
            "gross_margin_4q_avg": 4.85,
            "net_income": 33320,
            "revenue": 990259,
            "common_shares": 867371,
            "book_valuer_per_share": 11.89,
            "book_valuer_per_share_4q_avg": 11.64,
            "equity": 1030949,
            "current_ratio": 103.17,
            "debt_ratio": 71.86,
            "inventory_turnover_ratio": 1.09,
            "account_receivable_turnover_ratio": null,
            "reinvestment_rate": 110.09,
            "research_to_sale_ratio": null,
            "price_fair": 24.21,
            "eps_avg_yearly": 0.72,
            "eps_latest_yearly": 1.52,
            "eps_growth_yearly": 23.62
        },
        "20033": {
            "year_quarter": 20033,
            "year": 2003,
            "quarter": 3,
            "eps": 0.47,
            "eps_growth_year": null,
            "eps_4q": 1.18,
            "eps_4q_growth_year": 205.49,
            "roe": 3.9,
            "roe_4q": 9.98,
            "gross_profit": 89687,
            "gross_margin": 8.45,
            "gross_margin_4q_avg": 6.05,
            "net_income": 41034,
            "revenue": 1060956,
            "common_shares": 867371,
            "book_valuer_per_share": 12.36,
            "book_valuer_per_share_4q_avg": 11.88,
            "equity": 1071983,
            "current_ratio": 111.94,
            "debt_ratio": 71.58,
            "inventory_turnover_ratio": 1.03,
            "account_receivable_turnover_ratio": null,
            "reinvestment_rate": 105.37,
            "research_to_sale_ratio": null,
            "price_fair": 33.32,
            "eps_avg_yearly": 0.95,
            "eps_latest_yearly": 1.88,
            "eps_growth_yearly": 37.84
        },
        "20034": {
            "year_quarter": 20034,
            "year": 2003,
            "quarter": 4,
            "eps": 0.09,
            "eps_growth_year": -43.75,
            "eps_4q": 1.14,
            "eps_4q_growth_year": 254.57,
            "roe": 0.71,
            "roe_4q": 9.33,
            "gross_profit": 59306,
            "gross_margin": 6.02,
            "gross_margin_4q_avg": 7.1,
            "net_income": 7667,
            "revenue": 985600,
            "common_shares": 867371,
            "book_valuer_per_share": 12.45,
            "book_valuer_per_share_4q_avg": 12.11,
            "equity": 1079650,
            "current_ratio": 113.87,
            "debt_ratio": 68.72,
            "inventory_turnover_ratio": 0.96,
            "account_receivable_turnover_ratio": null,
            "reinvestment_rate": -39.05,
            "research_to_sale_ratio": null,
            "price_fair": 2.56,
            "eps_avg_yearly": 0.85,
            "eps_latest_yearly": 0.36,
            "eps_growth_yearly": -22.36
        },
        "20041": {
            "year_quarter": 20041,
            "year": 2004,
            "quarter": 1,
            "eps": 0.29,
            "eps_growth_year": 70.59,
            "eps_4q": 1.23,
            "eps_4q_growth_year": 237.3,
            "roe": 2.32,
            "roe_4q": 10.18,
            "gross_profit": 76974,
            "gross_margin": 9.64,
            "gross_margin_4q_avg": 7.96,
            "net_income": 25315,
            "revenue": 798766,
            "common_shares": 867371,
            "book_valuer_per_share": 12.74,
            "book_valuer_per_share_4q_avg": 12.36,
            "equity": 1104965,
            "current_ratio": 115.92,
            "debt_ratio": 71.77,
            "inventory_turnover_ratio": 0.7,
            "account_receivable_turnover_ratio": null,
            "reinvestment_rate": -64.37,
            "research_to_sale_ratio": null,
            "price_fair": 31.4,
            "eps_avg_yearly": 0.9,
            "eps_latest_yearly": 1.16,
            "eps_growth_yearly": 107.81
        },
        "20042": {
            "year_quarter": 20042,
            "year": 2004,
            "quarter": 2,
            "eps": 0.24,
            "eps_growth_year": -36.84,
            "eps_4q": 0.97,
            "eps_4q_growth_year": 39.09,
            "roe": 2.19,
            "roe_4q": 9.12,
            "gross_profit": 79966,
            "gross_margin": 7.84,
            "gross_margin_4q_avg": 7.99,
            "net_income": 24408,
            "revenue": 1019908,
            "common_shares": 867371,
            "book_valuer_per_share": 12.99,
            "book_valuer_per_share_4q_avg": 12.64,
            "equity": 1126757,
            "current_ratio": 145.64,
            "debt_ratio": 70.92,
            "inventory_turnover_ratio": 0.82,
            "account_receivable_turnover_ratio": null,
            "reinvestment_rate": -83.62,
            "research_to_sale_ratio": null,
            "price_fair": 31.68,
            "eps_avg_yearly": 0.91,
            "eps_latest_yearly": 0.96,
            "eps_growth_yearly": 85.72
        },
        "20043": {
            "year_quarter": 20043,
            "year": 2004,
            "quarter": 3,
            "eps": -0.2,
            "eps_growth_year": -142.55,
            "eps_4q": 0.36,
            "eps_4q_growth_year": -69.78,
            "roe": -1.76,
            "roe_4q": 3.46,
            "gross_profit": 92321,
            "gross_margin": 7.02,
            "gross_margin_4q_avg": 7.63,
            "net_income": -20125,
            "revenue": 1314497,
            "common_shares": 1048077,
            "book_valuer_per_share": 11.13,
            "book_valuer_per_share_4q_avg": 12.33,
            "equity": 1166726,
            "current_ratio": 139.3,
            "debt_ratio": 71.72,
            "inventory_turnover_ratio": 1,
            "account_receivable_turnover_ratio": null,
            "reinvestment_rate": -94.32,
            "research_to_sale_ratio": null,
            "price_fair": 31.68,
            "eps_avg_yearly": 0.91,
            "eps_latest_yearly": 0.96,
            "eps_growth_yearly": 85.72
        },
        "20044": {
            "year_quarter": 20044,
            "year": 2004,
            "quarter": 4,
            "eps": 0.77,
            "eps_growth_year": 755.56,
            "eps_4q": 1.06,
            "eps_4q_growth_year": -6.77,
            "roe": 6.47,
            "roe_4q": 9.22,
            "gross_profit": 123506,
            "gross_margin": 9.31,
            "gross_margin_4q_avg": 8.45,
            "net_income": 78491,
            "revenue": 1326778,
            "common_shares": 1069367,
            "book_valuer_per_share": 11.77,
            "book_valuer_per_share_4q_avg": 12.16,
            "equity": 1259140,
            "current_ratio": 138.57,
            "debt_ratio": 69.33,
            "inventory_turnover_ratio": 0.9,
            "account_receivable_turnover_ratio": null,
            "reinvestment_rate": -128.33,
            "research_to_sale_ratio": null,
            "price_fair": 31.68,
            "eps_avg_yearly": 0.91,
            "eps_latest_yearly": 0.96,
            "eps_growth_yearly": 85.72
        },
        "20051": {
            "year_quarter": 20051,
            "year": 2005,
            "quarter": 1,
            "eps": 0.38,
            "eps_growth_year": 31.03,
            "eps_4q": 1.16,
            "eps_4q_growth_year": -5.67,
            "roe": 3.15,
            "roe_4q": 10.049999999999999,
            "gross_profit": 97744,
            "gross_margin": 8.02,
            "gross_margin_4q_avg": 8.05,
            "net_income": 40329,
            "revenue": 1218467,
            "common_shares": 1077512,
            "book_valuer_per_share": 12.1,
            "book_valuer_per_share_4q_avg": 12,
            "equity": 1303508,
            "current_ratio": 132.49,
            "debt_ratio": 71.23,
            "inventory_turnover_ratio": 0.71,
            "account_receivable_turnover_ratio": null,
            "reinvestment_rate": -100.18,
            "research_to_sale_ratio": null,
            "price_fair": 34.07,
            "eps_avg_yearly": 0.97,
            "eps_latest_yearly": 1.52,
            "eps_growth_yearly": 53.68
        },
        "20052": {
            "year_quarter": 20052,
            "year": 2005,
            "quarter": 2,
            "eps": 0.3,
            "eps_growth_year": 25,
            "eps_4q": 1.14,
            "eps_4q_growth_year": 17.95,
            "roe": 2.6,
            "roe_4q": 10.459999999999999,
            "gross_profit": 96808,
            "gross_margin": 7.77,
            "gross_margin_4q_avg": 8.03,
            "net_income": 35184,
            "revenue": 1246120,
            "common_shares": 1137857,
            "book_valuer_per_share": 12.37,
            "book_valuer_per_share_4q_avg": 11.84,
            "equity": 1407637,
            "current_ratio": 128.61,
            "debt_ratio": 71.71,
            "inventory_turnover_ratio": 0.59,
            "account_receivable_turnover_ratio": null,
            "reinvestment_rate": -92.52,
            "research_to_sale_ratio": null,
            "price_fair": 34.86,
            "eps_avg_yearly": 1,
            "eps_latest_yearly": 1.2,
            "eps_growth_yearly": 39.89
        },
        "20053": {
            "year_quarter": 20053,
            "year": 2005,
            "quarter": 3,
            "eps": 0.03,
            "eps_growth_year": null,
            "eps_4q": 1.23,
            "eps_4q_growth_year": 244.64,
            "roe": 0.27,
            "roe_4q": 12.489999999999998,
            "gross_profit": 72962,
            "gross_margin": 6.2,
            "gross_margin_4q_avg": 7.83,
            "net_income": 3865,
            "revenue": 1177049,
            "common_shares": 1237138,
            "book_valuer_per_share": 11.41,
            "book_valuer_per_share_4q_avg": 11.91,
            "equity": 1411973,
            "current_ratio": 126.01,
            "debt_ratio": 72.92,
            "inventory_turnover_ratio": 0.51,
            "account_receivable_turnover_ratio": null,
            "reinvestment_rate": -89.59,
            "research_to_sale_ratio": null,
            "price_fair": 12.41,
            "eps_avg_yearly": 0.92,
            "eps_latest_yearly": 0.12,
            "eps_growth_yearly": 3.54
        },
        "20054": {
            "year_quarter": 20054,
            "year": 2005,
            "quarter": 4,
            "eps": 0.47,
            "eps_growth_year": -38.96,
            "eps_4q": 1.14,
            "eps_4q_growth_year": 7.16,
            "roe": 3.89,
            "roe_4q": 9.91,
            "gross_profit": 127655,
            "gross_margin": 7.85,
            "gross_margin_4q_avg": 7.46,
            "net_income": 55991,
            "revenue": 1626333,
            "common_shares": 1237138,
            "book_valuer_per_share": 11.86,
            "book_valuer_per_share_4q_avg": 11.94,
            "equity": 1467840,
            "current_ratio": 121.41,
            "debt_ratio": 75.48,
            "inventory_turnover_ratio": 0.68,
            "account_receivable_turnover_ratio": null,
            "reinvestment_rate": -71.44,
            "research_to_sale_ratio": null,
            "price_fair": 34.88,
            "eps_avg_yearly": 1,
            "eps_latest_yearly": 1.88,
            "eps_growth_yearly": 492.13
        },
        "20061": {
            "year_quarter": 20061,
            "year": 2006,
            "quarter": 1,
            "eps": 0.34,
            "eps_growth_year": -10.53,
            "eps_4q": 1.11,
            "eps_4q_growth_year": -4,
            "roe": 2.81,
            "roe_4q": 9.57,
            "gross_profit": 120623,
            "gross_margin": 7.08,
            "gross_margin_4q_avg": 7.23,
            "net_income": 41776,
            "revenue": 1702623,
            "common_shares": 1237138,
            "book_valuer_per_share": 12.2,
            "book_valuer_per_share_4q_avg": 11.96,
            "equity": 1509662,
            "current_ratio": 116.79,
            "debt_ratio": 76.7,
            "inventory_turnover_ratio": 0.68,
            "account_receivable_turnover_ratio": null,
            "reinvestment_rate": -9.2,
            "research_to_sale_ratio": null,
            "price_fair": 37.45,
            "eps_avg_yearly": 1.07,
            "eps_latest_yearly": 1.36,
            "eps_growth_yearly": 498.86
        },
        "20062": {
            "year_quarter": 20062,
            "year": 2006,
            "quarter": 2,
            "eps": 0.25,
            "eps_growth_year": -16.67,
            "eps_4q": 1.07,
            "eps_4q_growth_year": -6.26,
            "roe": 2.01,
            "roe_4q": 8.98,
            "gross_profit": 108185,
            "gross_margin": 5.81,
            "gross_margin_4q_avg": 6.74,
            "net_income": 30983,
            "revenue": 1863241,
            "common_shares": 1276594,
            "book_valuer_per_share": 12.32,
            "book_valuer_per_share_4q_avg": 11.95,
            "equity": 1572385,
            "current_ratio": 110.87,
            "debt_ratio": 76.73,
            "inventory_turnover_ratio": 0.69,
            "account_receivable_turnover_ratio": null,
            "reinvestment_rate": -7.46,
            "research_to_sale_ratio": null,
            "price_fair": 39.78,
            "eps_avg_yearly": 1.14,
            "eps_latest_yearly": 1,
            "eps_growth_yearly": 509.48
        },
        "20063": {
            "year_quarter": 20063,
            "year": 2006,
            "quarter": 3,
            "eps": 0.85,
            "eps_growth_year": 2733.33,
            "eps_4q": 1.89,
            "eps_4q_growth_year": 54.3,
            "roe": 6.47,
            "roe_4q": 15.180000000000001,
            "gross_profit": 171368,
            "gross_margin": 8.49,
            "gross_margin_4q_avg": 7.31,
            "net_income": 105158,
            "revenue": 2018979,
            "common_shares": 1278877,
            "book_valuer_per_share": 13.13,
            "book_valuer_per_share_4q_avg": 12.38,
            "equity": 1679590,
            "current_ratio": 108.6,
            "debt_ratio": 76.93,
            "inventory_turnover_ratio": 0.62,
            "account_receivable_turnover_ratio": null,
            "reinvestment_rate": 5.45,
            "research_to_sale_ratio": null,
            "price_fair": 45.88,
            "eps_avg_yearly": 1.31,
            "eps_latest_yearly": 3.4,
            "eps_growth_yearly": 544.13
        },
        "20064": {
            "year_quarter": 20064,
            "year": 2006,
            "quarter": 4,
            "eps": 0.05,
            "eps_growth_year": -89.36,
            "eps_4q": 1.28,
            "eps_4q_growth_year": 12.83,
            "roe": 0.4,
            "roe_4q": 11.69,
            "gross_profit": 70055,
            "gross_margin": 3.41,
            "gross_margin_4q_avg": 6.2,
            "net_income": 7220,
            "revenue": 2057268,
            "common_shares": 1511466,
            "book_valuer_per_share": 12.18,
            "book_valuer_per_share_4q_avg": 12.46,
            "equity": 1891776,
            "current_ratio": 122.44,
            "debt_ratio": 73.73,
            "inventory_turnover_ratio": 0.58,
            "account_receivable_turnover_ratio": null,
            "reinvestment_rate": 12.54,
            "research_to_sale_ratio": null,
            "price_fair": 43.1,
            "eps_avg_yearly": 1.23,
            "eps_latest_yearly": 0.2,
            "eps_growth_yearly": 478.37
        },
        "20071": {
            "year_quarter": 20071,
            "year": 2007,
            "quarter": 1,
            "eps": 0.37,
            "eps_growth_year": 8.82,
            "eps_4q": 1.33,
            "eps_4q_growth_year": 19.23,
            "roe": 2.92,
            "roe_4q": 11.799999999999999,
            "gross_profit": 126011,
            "gross_margin": 7.14,
            "gross_margin_4q_avg": 6.21,
            "net_income": 55392,
            "revenue": 1766032,
            "common_shares": 1518399,
            "book_valuer_per_share": 12.52,
            "book_valuer_per_share_4q_avg": 12.54,
            "equity": 1901429,
            "current_ratio": 121.97,
            "debt_ratio": 74.55,
            "inventory_turnover_ratio": 0.46,
            "account_receivable_turnover_ratio": null,
            "reinvestment_rate": 14.76,
            "research_to_sale_ratio": null,
            "price_fair": 45.1,
            "eps_avg_yearly": 1.29,
            "eps_latest_yearly": 1.48,
            "eps_growth_yearly": 659.45
        },
        "20072": {
            "year_quarter": 20072,
            "year": 2007,
            "quarter": 2,
            "eps": 0.14,
            "eps_growth_year": -44,
            "eps_4q": 1.28,
            "eps_4q_growth_year": 19.32,
            "roe": 1.08,
            "roe_4q": 10.870000000000001,
            "gross_profit": 88794,
            "gross_margin": 4.2,
            "gross_margin_4q_avg": 5.81,
            "net_income": 20662,
            "revenue": 2113549,
            "common_shares": 1522769,
            "book_valuer_per_share": 12.59,
            "book_valuer_per_share_4q_avg": 12.61,
            "equity": 1917838,
            "current_ratio": 121.93,
            "debt_ratio": 73.92,
            "inventory_turnover_ratio": 0.59,
            "account_receivable_turnover_ratio": null,
            "reinvestment_rate": 18.91,
            "research_to_sale_ratio": null,
            "price_fair": 42.7,
            "eps_avg_yearly": 1.22,
            "eps_latest_yearly": 0.56,
            "eps_growth_yearly": 606.39
        },
        "20073": {
            "year_quarter": 20073,
            "year": 2007,
            "quarter": 3,
            "eps": 0.29,
            "eps_growth_year": -65.88,
            "eps_4q": 0.84,
            "eps_4q_growth_year": -55.72,
            "roe": 2.24,
            "roe_4q": 6.640000000000001,
            "gross_profit": 130008,
            "gross_margin": 5.62,
            "gross_margin_4q_avg": 5.09,
            "net_income": 44139,
            "revenue": 2311913,
            "common_shares": 1717580,
            "book_valuer_per_share": 11.75,
            "book_valuer_per_share_4q_avg": 12.26,
            "equity": 2017374,
            "current_ratio": 122.39,
            "debt_ratio": 74.09,
            "inventory_turnover_ratio": 0.62,
            "account_receivable_turnover_ratio": null,
            "reinvestment_rate": 4.78,
            "research_to_sale_ratio": null,
            "price_fair": 40.9,
            "eps_avg_yearly": 1.17,
            "eps_latest_yearly": 1.16,
            "eps_growth_yearly": 630.24
        },
        "20074": {
            "year_quarter": 20074,
            "year": 2007,
            "quarter": 4,
            "eps": -0.04,
            "eps_growth_year": -180,
            "eps_4q": 0.62,
            "eps_4q_growth_year": -51.55,
            "roe": -0.36,
            "roe_4q": 5.880000000000001,
            "gross_profit": 38374,
            "gross_margin": 1.68,
            "gross_margin_4q_avg": 4.66,
            "net_income": -7535,
            "revenue": 2290759,
            "common_shares": 1717580,
            "book_valuer_per_share": 11.7,
            "book_valuer_per_share_4q_avg": 12.14,
            "equity": 2178093,
            "current_ratio": 117.72,
            "debt_ratio": 72.35,
            "inventory_turnover_ratio": 0.65,
            "account_receivable_turnover_ratio": null,
            "reinvestment_rate": 81.3,
            "research_to_sale_ratio": null,
            "price_fair": 43.08,
            "eps_avg_yearly": 1.23,
            "eps_latest_yearly": 1.16,
            "eps_growth_yearly": 703.59
        },
        "20081": {
            "year_quarter": 20081,
            "year": 2008,
            "quarter": 1,
            "eps": 0.22,
            "eps_growth_year": -40.54,
            "eps_4q": 0.64,
            "eps_4q_growth_year": -51.88,
            "roe": 1.5,
            "roe_4q": 4.460000000000001,
            "gross_profit": 93354,
            "gross_margin": 4.08,
            "gross_margin_4q_avg": 3.9,
            "net_income": 32972,
            "revenue": 2288395,
            "common_shares": 1717580,
            "book_valuer_per_share": 11.92,
            "book_valuer_per_share_4q_avg": 11.99,
            "equity": 2223960,
            "current_ratio": 119.23,
            "debt_ratio": 70.98,
            "inventory_turnover_ratio": 0.68,
            "account_receivable_turnover_ratio": null,
            "reinvestment_rate": 79.06,
            "research_to_sale_ratio": null,
            "price_fair": 43.28,
            "eps_avg_yearly": 1.24,
            "eps_latest_yearly": 1.16,
            "eps_growth_yearly": 688.15
        },
        "20082": {
            "year_quarter": 20082,
            "year": 2008,
            "quarter": 2,
            "eps": -0.05,
            "eps_growth_year": -135.71,
            "eps_4q": 0.39,
            "eps_4q_growth_year": -69.3,
            "roe": -0.44,
            "roe_4q": 2.9400000000000004,
            "gross_profit": 64600,
            "gross_margin": 2.81,
            "gross_margin_4q_avg": 3.55,
            "net_income": -9843,
            "revenue": 2295957,
            "common_shares": 1717580,
            "book_valuer_per_share": 11.85,
            "book_valuer_per_share_4q_avg": 11.81,
            "equity": 2235230,
            "current_ratio": 117.49,
            "debt_ratio": 69.71,
            "inventory_turnover_ratio": 0.79,
            "account_receivable_turnover_ratio": null,
            "reinvestment_rate": 91.27,
            "research_to_sale_ratio": null,
            "price_fair": 44.16,
            "eps_avg_yearly": 1.26,
            "eps_latest_yearly": 1.16,
            "eps_growth_yearly": 756.98
        },
        "20083": {
            "year_quarter": 20083,
            "year": 2008,
            "quarter": 3,
            "eps": 0.51,
            "eps_growth_year": 75.86,
            "eps_4q": 0.64,
            "eps_4q_growth_year": -23.8,
            "roe": 4.06,
            "roe_4q": 4.759999999999999,
            "gross_profit": -25089,
            "gross_margin": -1.2,
            "gross_margin_4q_avg": 1.84,
            "net_income": 92375,
            "revenue": 2095348,
            "common_shares": 1812047,
            "book_valuer_per_share": 11.67,
            "book_valuer_per_share_4q_avg": 11.79,
            "equity": 2316133,
            "current_ratio": 129.61,
            "debt_ratio": 65.45,
            "inventory_turnover_ratio": 1.02,
            "account_receivable_turnover_ratio": null,
            "reinvestment_rate": 40.47,
            "research_to_sale_ratio": null,
            "price_fair": 44.16,
            "eps_avg_yearly": 1.26,
            "eps_latest_yearly": 1.16,
            "eps_growth_yearly": 756.98
        },
        "20084": {
            "year_quarter": 20084,
            "year": 2008,
            "quarter": 4,
            "eps": -0.28,
            "eps_growth_year": null,
            "eps_4q": 0.42,
            "eps_4q_growth_year": -32.86,
            "roe": -1.99,
            "roe_4q": 3.1299999999999994,
            "gross_profit": 18375,
            "gross_margin": 1.09,
            "gross_margin_4q_avg": 1.7,
            "net_income": -45542,
            "revenue": 1678301,
            "common_shares": 1812047,
            "book_valuer_per_share": 11.36,
            "book_valuer_per_share_4q_avg": 11.7,
            "equity": 2263511,
            "current_ratio": 131.37,
            "debt_ratio": 62.5,
            "inventory_turnover_ratio": 1.15,
            "account_receivable_turnover_ratio": 1.54,
            "reinvestment_rate": 56.72,
            "research_to_sale_ratio": null,
            "price_fair": 44.16,
            "eps_avg_yearly": 1.26,
            "eps_latest_yearly": 1.16,
            "eps_growth_yearly": 756.98
        },
        "20091": {
            "year_quarter": 20091,
            "year": 2009,
            "quarter": 1,
            "eps": 0.13,
            "eps_growth_year": -40.91,
            "eps_4q": 0.29,
            "eps_4q_growth_year": -54.34,
            "roe": 1.13,
            "roe_4q": 2.7599999999999993,
            "gross_profit": 66562,
            "gross_margin": 7.23,
            "gross_margin_4q_avg": 2.48,
            "net_income": 25613,
            "revenue": 920353,
            "common_shares": 1812047,
            "book_valuer_per_share": 11.49,
            "book_valuer_per_share_4q_avg": 11.59,
            "equity": 2289418,
            "current_ratio": 137.52,
            "debt_ratio": 60.78,
            "inventory_turnover_ratio": 0.64,
            "account_receivable_turnover_ratio": 0.47,
            "reinvestment_rate": 46.94,
            "research_to_sale_ratio": null,
            "price_fair": 43.26,
            "eps_avg_yearly": 1.24,
            "eps_latest_yearly": 1.16,
            "eps_growth_yearly": 852.94
        },
        "20092": {
            "year_quarter": 20092,
            "year": 2009,
            "quarter": 2,
            "eps": -0.51,
            "eps_growth_year": null,
            "eps_4q": -0.15,
            "eps_4q_growth_year": -137.43,
            "roe": -3.64,
            "roe_4q": -0.4400000000000004,
            "gross_profit": -20824,
            "gross_margin": -1.93,
            "gross_margin_4q_avg": 1.3,
            "net_income": -81880,
            "revenue": 1080212,
            "common_shares": 1812047,
            "book_valuer_per_share": 10.98,
            "book_valuer_per_share_4q_avg": 11.38,
            "equity": 2207237,
            "current_ratio": 143.47,
            "debt_ratio": 59.33,
            "inventory_turnover_ratio": 0.96,
            "account_receivable_turnover_ratio": 0.54,
            "reinvestment_rate": 53.67,
            "research_to_sale_ratio": null,
            "price_fair": 43.4,
            "eps_avg_yearly": 1.24,
            "eps_latest_yearly": 1.16,
            "eps_growth_yearly": 957.07
        },
        "20093": {
            "year_quarter": 20093,
            "year": 2009,
            "quarter": 3,
            "eps": 0.09,
            "eps_growth_year": -82.35,
            "eps_4q": -0.42,
            "eps_4q_growth_year": -166.08,
            "roe": 0.98,
            "roe_4q": -3.5200000000000005,
            "gross_profit": 68285,
            "gross_margin": 4.57,
            "gross_margin_4q_avg": 2.74,
            "net_income": 21820,
            "revenue": 1493624,
            "common_shares": 1812047,
            "book_valuer_per_share": 11.07,
            "book_valuer_per_share_4q_avg": 11.23,
            "equity": 2229360,
            "current_ratio": 151.09,
            "debt_ratio": 58.3,
            "inventory_turnover_ratio": 1.89,
            "account_receivable_turnover_ratio": 0.64,
            "reinvestment_rate": 35.74,
            "research_to_sale_ratio": null,
            "price_fair": 48.3,
            "eps_avg_yearly": 1.38,
            "eps_latest_yearly": 1.16,
            "eps_growth_yearly": 1121.7
        },
        "20094": {
            "year_quarter": 20094,
            "year": 2009,
            "quarter": 4,
            "eps": -1.79,
            "eps_growth_year": null,
            "eps_4q": -2.08,
            "eps_4q_growth_year": -597.96,
            "roe": -17.72,
            "roe_4q": -19.25,
            "gross_profit": -277323,
            "gross_margin": -25.22,
            "gross_margin_4q_avg": -3.84,
            "net_income": -363319,
            "revenue": 1099673,
            "common_shares": 1812047,
            "book_valuer_per_share": 9.42,
            "book_valuer_per_share_4q_avg": 10.74,
            "equity": 1871123,
            "current_ratio": 141.36,
            "debt_ratio": 60.9,
            "inventory_turnover_ratio": 4.27,
            "account_receivable_turnover_ratio": 1.05,
            "reinvestment_rate": null,
            "research_to_sale_ratio": null,
            "price_fair": 45.8,
            "eps_avg_yearly": 1.31,
            "eps_latest_yearly": 1.16,
            "eps_growth_yearly": 443.85
        },
        "20101": {
            "year_quarter": 20101,
            "year": 2010,
            "quarter": 1,
            "eps": 0.19,
            "eps_growth_year": 46.15,
            "eps_4q": -2.02,
            "eps_4q_growth_year": -791.72,
            "roe": 1.9,
            "roe_4q": -18.479999999999997,
            "gross_profit": 75352,
            "gross_margin": 5.56,
            "gross_margin_4q_avg": -4.26,
            "net_income": 35825,
            "revenue": 1354367,
            "common_shares": 1812047,
            "book_valuer_per_share": 9.61,
            "book_valuer_per_share_4q_avg": 10.27,
            "equity": 1907128,
            "current_ratio": 144.08,
            "debt_ratio": 60.72,
            "inventory_turnover_ratio": 301.58,
            "account_receivable_turnover_ratio": 0.66,
            "reinvestment_rate": null,
            "research_to_sale_ratio": null,
            "price_fair": 45.5,
            "eps_avg_yearly": 1.3,
            "eps_latest_yearly": 1.16,
            "eps_growth_yearly": 536.26
        },
        "20102": {
            "year_quarter": 20102,
            "year": 2010,
            "quarter": 2,
            "eps": -0.06,
            "eps_growth_year": null,
            "eps_4q": -1.57,
            "eps_4q_growth_year": null,
            "roe": -0.45,
            "roe_4q": -15.29,
            "gross_profit": 34377,
            "gross_margin": 2.75,
            "gross_margin_4q_avg": -3.09,
            "net_income": -8476,
            "revenue": 1248215,
            "common_shares": 1812047,
            "book_valuer_per_share": 9.55,
            "book_valuer_per_share_4q_avg": 9.91,
            "equity": 1890925,
            "current_ratio": 140.06,
            "debt_ratio": 61.77,
            "inventory_turnover_ratio": 206.87,
            "account_receivable_turnover_ratio": 0.62,
            "reinvestment_rate": null,
            "research_to_sale_ratio": null,
            "price_fair": 47.6,
            "eps_avg_yearly": 1.36,
            "eps_latest_yearly": 1.16,
            "eps_growth_yearly": 664.69
        },
        "20103": {
            "year_quarter": 20103,
            "year": 2010,
            "quarter": 3,
            "eps": -1.8,
            "eps_growth_year": -2095.35,
            "eps_4q": -3.46,
            "eps_4q_growth_year": null,
            "roe": -18.21,
            "roe_4q": -34.480000000000004,
            "gross_profit": -250123,
            "gross_margin": -23.79,
            "gross_margin_4q_avg": -10.18,
            "net_income": -315573,
            "revenue": 1051349,
            "common_shares": 1812047,
            "book_valuer_per_share": 7.75,
            "book_valuer_per_share_4q_avg": 9.08,
            "equity": 1575533,
            "current_ratio": 142.9,
            "debt_ratio": 67.16,
            "inventory_turnover_ratio": 41.26,
            "account_receivable_turnover_ratio": 0.6,
            "reinvestment_rate": null,
            "research_to_sale_ratio": null,
            "price_fair": 29.75,
            "eps_avg_yearly": 0.85,
            "eps_latest_yearly": 1.16,
            "eps_growth_yearly": 590.86
        },
        "20104": {
            "year_quarter": 20104,
            "year": 2010,
            "quarter": 4,
            "eps": 0.32,
            "eps_growth_year": null,
            "eps_4q": -1.35,
            "eps_4q_growth_year": null,
            "roe": 3.79,
            "roe_4q": -12.97,
            "gross_profit": 117026,
            "gross_margin": 8.11,
            "gross_margin_4q_avg": -1.84,
            "net_income": 60842,
            "revenue": 1442422,
            "common_shares": 1812047,
            "book_valuer_per_share": 8.08,
            "book_valuer_per_share_4q_avg": 8.75,
            "equity": 1636194,
            "current_ratio": 137.01,
            "debt_ratio": 65.39,
            "inventory_turnover_ratio": 22.79,
            "account_receivable_turnover_ratio": 0.99,
            "reinvestment_rate": null,
            "research_to_sale_ratio": null,
            "price_fair": 37.33,
            "eps_avg_yearly": 1.07,
            "eps_latest_yearly": 1.16,
            "eps_growth_yearly": 913.31
        },
        "20111": {
            "year_quarter": 20111,
            "year": 2011,
            "quarter": 1,
            "eps": 0.54,
            "eps_growth_year": 184.21,
            "eps_4q": -0.99,
            "eps_4q_growth_year": null,
            "roe": 5.9,
            "roe_4q": -8.969999999999999,
            "gross_profit": 131284,
            "gross_margin": 10.32,
            "gross_margin_4q_avg": -0.65,
            "net_income": 99532,
            "revenue": 1272744,
            "common_shares": 1812047,
            "book_valuer_per_share": 8.62,
            "book_valuer_per_share_4q_avg": 8.5,
            "equity": 1735792,
            "current_ratio": 146.6,
            "debt_ratio": 60.93,
            "inventory_turnover_ratio": 19.03,
            "account_receivable_turnover_ratio": 0.88,
            "reinvestment_rate": null,
            "research_to_sale_ratio": null,
            "price_fair": 45.27,
            "eps_avg_yearly": 1.29,
            "eps_latest_yearly": 2.16,
            "eps_growth_yearly": 151.64
        },
        "20112": {
            "year_quarter": 20112,
            "year": 2011,
            "quarter": 2,
            "eps": 0.11,
            "eps_growth_year": null,
            "eps_4q": -0.82,
            "eps_4q_growth_year": null,
            "roe": 1.2,
            "roe_4q": -7.32,
            "gross_profit": 106889,
            "gross_margin": 8.42,
            "gross_margin_4q_avg": 0.77,
            "net_income": 20991,
            "revenue": 1269026,
            "common_shares": 1812047,
            "book_valuer_per_share": 8.73,
            "book_valuer_per_share_4q_avg": 8.3,
            "equity": 1748793,
            "current_ratio": 142.27,
            "debt_ratio": 58,
            "inventory_turnover_ratio": 18.6,
            "account_receivable_turnover_ratio": 0.91,
            "reinvestment_rate": null,
            "research_to_sale_ratio": null,
            "price_fair": 43.87,
            "eps_avg_yearly": 1.25,
            "eps_latest_yearly": 0.44,
            "eps_growth_yearly": 128.35
        },
        "20113": {
            "year_quarter": 20113,
            "year": 2011,
            "quarter": 3,
            "eps": -0.2,
            "eps_growth_year": null,
            "eps_4q": 0.77,
            "eps_4q_growth_year": null,
            "roe": -2.3,
            "roe_4q": 8.59,
            "gross_profit": 57718,
            "gross_margin": 4.95,
            "gross_margin_4q_avg": 7.95,
            "net_income": -39780,
            "revenue": 1166633,
            "common_shares": 1812047,
            "book_valuer_per_share": 8.53,
            "book_valuer_per_share_4q_avg": 8.49,
            "equity": 1709013,
            "current_ratio": 146.79,
            "debt_ratio": 54.87,
            "inventory_turnover_ratio": 17.35,
            "account_receivable_turnover_ratio": 0.96,
            "reinvestment_rate": null,
            "research_to_sale_ratio": null,
            "price_fair": 3.9,
            "eps_avg_yearly": 1.3,
            "eps_latest_yearly": 0.44,
            "eps_growth_yearly": -21.76
        },
        "20114": {
            "year_quarter": 20114,
            "year": 2011,
            "quarter": 4,
            "eps": -0.03,
            "eps_growth_year": -109.55,
            "eps_4q": 0.42,
            "eps_4q_growth_year": null,
            "roe": -0.65,
            "roe_4q": 4.15,
            "gross_profit": 25717,
            "gross_margin": 3,
            "gross_margin_4q_avg": 6.67,
            "net_income": -11017,
            "revenue": 856547,
            "common_shares": 1789837,
            "book_valuer_per_share": 8.5,
            "book_valuer_per_share_4q_avg": 8.6,
            "equity": 1697997,
            "current_ratio": 136.58,
            "debt_ratio": 62.97,
            "inventory_turnover_ratio": 12.99,
            "account_receivable_turnover_ratio": 0.8,
            "reinvestment_rate": null,
            "research_to_sale_ratio": null,
            "price_fair": 3.9,
            "eps_avg_yearly": 1.3,
            "eps_latest_yearly": 0.44,
            "eps_growth_yearly": -21.76
        },
        "20121": {
            "year_quarter": 20121,
            "year": 2012,
            "quarter": 1,
            "eps": 0.16,
            "eps_growth_year": -70.37,
            "eps_4q": 0.04,
            "eps_4q_growth_year": null,
            "roe": 1.53,
            "roe_4q": -0.21999999999999997,
            "gross_profit": 57265,
            "gross_margin": 6.53,
            "gross_margin_4q_avg": 5.73,
            "net_income": 26157,
            "revenue": 876405,
            "common_shares": 1789837,
            "book_valuer_per_share": 8.66,
            "book_valuer_per_share_4q_avg": 8.61,
            "equity": 1724154,
            "current_ratio": 139.84,
            "debt_ratio": 61.98,
            "inventory_turnover_ratio": 12.84,
            "account_receivable_turnover_ratio": 0.86,
            "reinvestment_rate": null,
            "research_to_sale_ratio": null,
            "price_fair": 3.9,
            "eps_avg_yearly": 1.3,
            "eps_latest_yearly": 0.44,
            "eps_growth_yearly": -21.76
        },
        "20122": {
            "year_quarter": 20122,
            "year": 2012,
            "quarter": 2,
            "eps": -0.1,
            "eps_growth_year": -196.99,
            "eps_4q": -0.17,
            "eps_4q_growth_year": null,
            "roe": -1.23,
            "roe_4q": -2.65,
            "gross_profit": 24586,
            "gross_margin": 2.4,
            "gross_margin_4q_avg": 4.22,
            "net_income": -21051,
            "revenue": 1023724,
            "common_shares": 1789837,
            "book_valuer_per_share": 8.56,
            "book_valuer_per_share_4q_avg": 8.56,
            "equity": 1703103,
            "current_ratio": 129.34,
            "debt_ratio": 69.13,
            "inventory_turnover_ratio": 15.84,
            "account_receivable_turnover_ratio": 1.05,
            "reinvestment_rate": null,
            "research_to_sale_ratio": null,
            "price_fair": 3.9,
            "eps_avg_yearly": 1.3,
            "eps_latest_yearly": 0.44,
            "eps_growth_yearly": -21.76
        },
        "20123": {
            "year_quarter": 20123,
            "year": 2012,
            "quarter": 3,
            "eps": 0.02,
            "eps_growth_year": null,
            "eps_4q": 0.05,
            "eps_4q_growth_year": -93.69,
            "roe": -0.16,
            "roe_4q": -0.5099999999999999,
            "gross_profit": 35134,
            "gross_margin": 4.35,
            "gross_margin_4q_avg": 4.07,
            "net_income": -2738,
            "revenue": 808035,
            "common_shares": 1789837,
            "book_valuer_per_share": 8.58,
            "book_valuer_per_share_4q_avg": 8.58,
            "equity": 1700364,
            "current_ratio": 131.5,
            "debt_ratio": 67.73,
            "inventory_turnover_ratio": 12.16,
            "account_receivable_turnover_ratio": 0.94,
            "reinvestment_rate": null,
            "research_to_sale_ratio": null,
            "price_fair": 3.9,
            "eps_avg_yearly": 1.3,
            "eps_latest_yearly": 0.44,
            "eps_growth_yearly": -21.76
        },
        "20124": {
            "year_quarter": 20124,
            "year": 2012,
            "quarter": 4,
            "eps": 0.05,
            "eps_growth_year": null,
            "eps_4q": 0.13,
            "eps_4q_growth_year": -67.92,
            "roe": 0.5,
            "roe_4q": 0.64,
            "gross_profit": 13237,
            "gross_margin": 1.31,
            "gross_margin_4q_avg": 3.65,
            "net_income": 8490,
            "revenue": 1013312,
            "common_shares": 1789837,
            "book_valuer_per_share": 8.63,
            "book_valuer_per_share_4q_avg": 8.61,
            "equity": 1708855,
            "current_ratio": 134.44,
            "debt_ratio": 68.21,
            "inventory_turnover_ratio": 15.72,
            "account_receivable_turnover_ratio": 1.35,
            "reinvestment_rate": null,
            "research_to_sale_ratio": null,
            "price_fair": 32.67,
            "eps_avg_yearly": 0.93,
            "eps_latest_yearly": 0.2,
            "eps_growth_yearly": 185.49
        },
        "20131": {
            "year_quarter": 20131,
            "year": 2013,
            "quarter": 1,
            "eps": 0.01,
            "eps_growth_year": -93.75,
            "eps_4q": -0.02,
            "eps_4q_growth_year": -155.11,
            "roe": 0.03,
            "roe_4q": -0.86,
            "gross_profit": 33400,
            "gross_margin": 4.19,
            "gross_margin_4q_avg": 3.06,
            "net_income": 463,
            "revenue": 797789,
            "common_shares": 1789837,
            "book_valuer_per_share": 8.16,
            "book_valuer_per_share_4q_avg": 8.48,
            "equity": 1622345,
            "current_ratio": 136.78,
            "debt_ratio": 68.06,
            "inventory_turnover_ratio": 12.01,
            "account_receivable_turnover_ratio": 1,
            "reinvestment_rate": null,
            "research_to_sale_ratio": null,
            "price_fair": 24.85,
            "eps_avg_yearly": 0.71,
            "eps_latest_yearly": 0.04,
            "eps_growth_yearly": 59.12
        },
        "20132": {
            "year_quarter": 20132,
            "year": 2013,
            "quarter": 2,
            "eps": 0.01,
            "eps_growth_year": null,
            "eps_4q": 0.1,
            "eps_4q_growth_year": null,
            "roe": 0.08,
            "roe_4q": 0.44999999999999996,
            "gross_profit": 31678,
            "gross_margin": 4.19,
            "gross_margin_4q_avg": 3.51,
            "net_income": 1239,
            "revenue": 756256,
            "common_shares": 1789837,
            "book_valuer_per_share": 8.17,
            "book_valuer_per_share_4q_avg": 8.39,
            "equity": 1623584,
            "current_ratio": 141.9,
            "debt_ratio": 65.16,
            "inventory_turnover_ratio": 11.36,
            "account_receivable_turnover_ratio": 0.84,
            "reinvestment_rate": null,
            "research_to_sale_ratio": null,
            "price_fair": 20.16,
            "eps_avg_yearly": 0.58,
            "eps_latest_yearly": 0.04,
            "eps_growth_yearly": 47.3
        },
        "20133": {
            "year_quarter": 20133,
            "year": 2013,
            "quarter": 3,
            "eps": 0.27,
            "eps_growth_year": 1356.94,
            "eps_4q": 0.35,
            "eps_4q_growth_year": 617.7,
            "roe": 2.53,
            "roe_4q": 3.1399999999999997,
            "gross_profit": 72730,
            "gross_margin": 9.25,
            "gross_margin_4q_avg": 4.74,
            "net_income": 41612,
            "revenue": 785996,
            "common_shares": 1789837,
            "book_valuer_per_share": 8.45,
            "book_valuer_per_share_4q_avg": 8.35,
            "equity": 1665196,
            "current_ratio": 145.34,
            "debt_ratio": 64,
            "inventory_turnover_ratio": 11.06,
            "account_receivable_turnover_ratio": 0.94,
            "reinvestment_rate": null,
            "research_to_sale_ratio": null,
            "price_fair": 23.1,
            "eps_avg_yearly": 0.66,
            "eps_latest_yearly": 1.08,
            "eps_growth_yearly": 1772.75
        },
        "20134": {
            "year_quarter": 20134,
            "year": 2013,
            "quarter": 4,
            "eps": 1.18,
            "eps_growth_year": 2045.92,
            "eps_4q": 1.47,
            "eps_4q_growth_year": 993.99,
            "roe": 11.59,
            "roe_4q": 14.229999999999999,
            "gross_profit": 44996,
            "gross_margin": 3.58,
            "gross_margin_4q_avg": 5.3,
            "net_income": 204698,
            "revenue": 1258019,
            "common_shares": 1789837,
            "book_valuer_per_share": 9.61,
            "book_valuer_per_share_4q_avg": 8.6,
            "equity": 1867421,
            "current_ratio": 154.14,
            "debt_ratio": 59.58,
            "inventory_turnover_ratio": 33.69,
            "account_receivable_turnover_ratio": 1.6,
            "reinvestment_rate": -153.05,
            "research_to_sale_ratio": null,
            "price_fair": 43.4,
            "eps_avg_yearly": 1.24,
            "eps_latest_yearly": 4.72,
            "eps_growth_yearly": 1712.09
        },
        "20141": {
            "year_quarter": 20141,
            "year": 2014,
            "quarter": 1,
            "eps": 0.11,
            "eps_growth_year": 1000,
            "eps_4q": 1.58,
            "eps_4q_growth_year": null,
            "roe": 1.1,
            "roe_4q": 15.299999999999999,
            "gross_profit": 42555,
            "gross_margin": 4.68,
            "gross_margin_4q_avg": 5.43,
            "net_income": 20615,
            "revenue": 908483,
            "common_shares": 1789837,
            "book_valuer_per_share": 9.72,
            "book_valuer_per_share_4q_avg": 8.99,
            "equity": 1888036,
            "current_ratio": 151.44,
            "debt_ratio": 59.12,
            "inventory_turnover_ratio": 128.37,
            "account_receivable_turnover_ratio": 1.04,
            "reinvestment_rate": -96.34,
            "research_to_sale_ratio": null,
            "price_fair": 39.9,
            "eps_avg_yearly": 1.14,
            "eps_latest_yearly": 0.44,
            "eps_growth_yearly": 1452.74
        },
        "20142": {
            "year_quarter": 20142,
            "year": 2014,
            "quarter": 2,
            "eps": 0.26,
            "eps_growth_year": 2500,
            "eps_4q": 1.4,
            "eps_4q_growth_year": 1351.09,
            "roe": 2.64,
            "roe_4q": 17.86,
            "gross_profit": 55225,
            "gross_margin": 5.05,
            "gross_margin_4q_avg": 5.64,
            "net_income": 56487,
            "revenue": 1094471,
            "common_shares": 2419837,
            "book_valuer_per_share": 9.28,
            "book_valuer_per_share_4q_avg": 9.27,
            "equity": 2392453,
            "current_ratio": 183.99,
            "debt_ratio": 49.73,
            "inventory_turnover_ratio": 142.88,
            "account_receivable_turnover_ratio": 1.18,
            "reinvestment_rate": -70.67,
            "research_to_sale_ratio": null,
            "price_fair": 39.51,
            "eps_avg_yearly": 1.13,
            "eps_latest_yearly": 1.04,
            "eps_growth_yearly": 1351.93
        },
        "20143": {
            "year_quarter": 20143,
            "year": 2014,
            "quarter": 3,
            "eps": 0.45,
            "eps_growth_year": 66.67,
            "eps_4q": 1.65,
            "eps_4q_growth_year": 369.26,
            "roe": 4.59,
            "roe_4q": 19.92,
            "gross_profit": 150284,
            "gross_margin": 9.09,
            "gross_margin_4q_avg": 5.6,
            "net_income": 112412,
            "revenue": 1652719,
            "common_shares": 2419837,
            "book_valuer_per_share": 9.73,
            "book_valuer_per_share_4q_avg": 9.59,
            "equity": 2504865,
            "current_ratio": 171.68,
            "debt_ratio": 53.19,
            "inventory_turnover_ratio": 247.4,
            "account_receivable_turnover_ratio": 1.5,
            "reinvestment_rate": -22.67,
            "research_to_sale_ratio": null,
            "price_fair": 41.86,
            "eps_avg_yearly": 1.2,
            "eps_latest_yearly": 1.8,
            "eps_growth_yearly": 1245.97
        },
        "20144": {
            "year_quarter": 20144,
            "year": 2014,
            "quarter": 4,
            "eps": 0.43,
            "eps_growth_year": -63.73,
            "eps_4q": 1.2,
            "eps_4q_growth_year": -18.44,
            "roe": 4.54,
            "roe_4q": 12.87,
            "gross_profit": 153959,
            "gross_margin": 8.46,
            "gross_margin_4q_avg": 6.82,
            "net_income": 116400,
            "revenue": 1819120,
            "common_shares": 2419837,
            "book_valuer_per_share": 10.15,
            "book_valuer_per_share_4q_avg": 9.72,
            "equity": 2619581,
            "current_ratio": 179.59,
            "debt_ratio": 50.51,
            "inventory_turnover_ratio": 280.4,
            "account_receivable_turnover_ratio": 1.49,
            "reinvestment_rate": -25.63,
            "research_to_sale_ratio": null,
            "price_fair": 43.53,
            "eps_avg_yearly": 1.24,
            "eps_latest_yearly": 1.72,
            "eps_growth_yearly": 1131.08
        },
        "20151": {
            "year_quarter": 20151,
            "year": 2015,
            "quarter": 1,
            "eps": 0.21,
            "eps_growth_year": 90.91,
            "eps_4q": 1.33,
            "eps_4q_growth_year": -15.72,
            "roe": 2.2,
            "roe_4q": 13.97,
            "gross_profit": 92715,
            "gross_margin": 6.45,
            "gross_margin_4q_avg": 7.26,
            "net_income": 58234,
            "revenue": 1437993,
            "common_shares": 2419837,
            "book_valuer_per_share": 10.36,
            "book_valuer_per_share_4q_avg": 9.88,
            "equity": 2677815,
            "current_ratio": 181.91,
            "debt_ratio": 49.53,
            "inventory_turnover_ratio": 206.11,
            "account_receivable_turnover_ratio": 1.16,
            "reinvestment_rate": -29.94,
            "research_to_sale_ratio": null,
            "price_fair": 39.33,
            "eps_avg_yearly": 1.12,
            "eps_latest_yearly": 0.84,
            "eps_growth_yearly": 1087.48
        },
        "20152": {
            "year_quarter": 20152,
            "year": 2015,
            "quarter": 2,
            "eps": 0.09,
            "eps_growth_year": -65.38,
            "eps_4q": 1.17,
            "eps_4q_growth_year": -15.92,
            "roe": 0.93,
            "roe_4q": 12.26,
            "gross_profit": 93466,
            "gross_margin": 6.3,
            "gross_margin_4q_avg": 7.58,
            "net_income": 24888,
            "revenue": 1482563,
            "common_shares": 2419837,
            "book_valuer_per_share": 10.45,
            "book_valuer_per_share_4q_avg": 10.17,
            "equity": 2702703,
            "current_ratio": 189.29,
            "debt_ratio": 47.37,
            "inventory_turnover_ratio": 353.1,
            "account_receivable_turnover_ratio": 1.11,
            "reinvestment_rate": -27.65,
            "research_to_sale_ratio": null,
            "price_fair": 39.07,
            "eps_avg_yearly": 1.12,
            "eps_latest_yearly": 0.36,
            "eps_growth_yearly": 1095.65
        },
        "20153": {
            "year_quarter": 20153,
            "year": 2015,
            "quarter": 3,
            "eps": 0.21,
            "eps_growth_year": -53.33,
            "eps_4q": 0.93,
            "eps_4q_growth_year": -43.23,
            "roe": 2.01,
            "roe_4q": 9.68,
            "gross_profit": 94600,
            "gross_margin": 6.93,
            "gross_margin_4q_avg": 7.04,
            "net_income": 54762,
            "revenue": 1365171,
            "common_shares": 2419837,
            "book_valuer_per_share": 10.66,
            "book_valuer_per_share_4q_avg": 10.41,
            "equity": 2757465,
            "current_ratio": 187.49,
            "debt_ratio": 47.86,
            "inventory_turnover_ratio": 492.76,
            "account_receivable_turnover_ratio": 1.02,
            "reinvestment_rate": -23.01,
            "research_to_sale_ratio": null,
            "price_fair": 38.27,
            "eps_avg_yearly": 1.09,
            "eps_latest_yearly": 0.84,
            "eps_growth_yearly": 1048.79
        },
        "20154": {
            "year_quarter": 20154,
            "year": 2015,
            "quarter": 4,
            "eps": -0.02,
            "eps_growth_year": -104.64,
            "eps_4q": 0.49,
            "eps_4q_growth_year": -59.45,
            "roe": -0.06,
            "roe_4q": 5.08,
            "gross_profit": -46998,
            "gross_margin": -3.97,
            "gross_margin_4q_avg": 3.93,
            "net_income": -1695,
            "revenue": 1183181,
            "common_shares": 2419837,
            "book_valuer_per_share": 10.61,
            "book_valuer_per_share_4q_avg": 10.52,
            "equity": 2748713,
            "current_ratio": 173.15,
            "debt_ratio": 52.19,
            "inventory_turnover_ratio": 442.27,
            "account_receivable_turnover_ratio": 0.99,
            "reinvestment_rate": -17.14,
            "research_to_sale_ratio": null,
            "price_fair": 38.27,
            "eps_avg_yearly": 1.09,
            "eps_latest_yearly": 0.84,
            "eps_growth_yearly": 1048.79
        },
        "20161": {
            "year_quarter": 20161,
            "year": 2016,
            "quarter": 1,
            "eps": 0.16,
            "eps_growth_year": -23.81,
            "eps_4q": 0.44,
            "eps_4q_growth_year": -67,
            "roe": 1.43,
            "roe_4q": 4.31,
            "gross_profit": 64665,
            "gross_margin": 5.33,
            "gross_margin_4q_avg": 3.65,
            "net_income": 39493,
            "revenue": 1212272,
            "common_shares": 2419837,
            "book_valuer_per_share": 10.77,
            "book_valuer_per_share_4q_avg": 10.62,
            "equity": 2787831,
            "current_ratio": 178.84,
            "debt_ratio": 50.48,
            "inventory_turnover_ratio": 412.59,
            "account_receivable_turnover_ratio": 1.04,
            "reinvestment_rate": -13.34,
            "research_to_sale_ratio": null,
            "price_fair": 38.27,
            "eps_avg_yearly": 1.09,
            "eps_latest_yearly": 0.84,
            "eps_growth_yearly": 1048.79
        },
        "20162": {
            "year_quarter": 20162,
            "year": 2016,
            "quarter": 2,
            "eps": 0.14,
            "eps_growth_year": 55.56,
            "eps_4q": 0.5,
            "eps_4q_growth_year": -57.17,
            "roe": 1.21,
            "roe_4q": 4.59,
            "gross_profit": 37384,
            "gross_margin": 3.42,
            "gross_margin_4q_avg": 2.93,
            "net_income": 33210,
            "revenue": 1091648,
            "common_shares": 2419837,
            "book_valuer_per_share": 10.63,
            "book_valuer_per_share_4q_avg": 10.67,
            "equity": 2707803,
            "current_ratio": 174.09,
            "debt_ratio": 51.76,
            "inventory_turnover_ratio": 369.46,
            "account_receivable_turnover_ratio": 0.86,
            "reinvestment_rate": -10.22,
            "research_to_sale_ratio": null,
            "price_fair": 36.83,
            "eps_avg_yearly": 1.05,
            "eps_latest_yearly": 0.56,
            "eps_growth_yearly": 964.27
        },
        "20163": {
            "year_quarter": 20163,
            "year": 2016,
            "quarter": 3,
            "eps": 0.09,
            "eps_growth_year": -57.14,
            "eps_4q": 0.39,
            "eps_4q_growth_year": -58.67,
            "roe": 0.76,
            "roe_4q": 3.34,
            "gross_profit": -2587,
            "gross_margin": -0.23,
            "gross_margin_4q_avg": 1.14,
            "net_income": 20757,
            "revenue": 1125180,
            "common_shares": 2419837,
            "book_valuer_per_share": 10.73,
            "book_valuer_per_share_4q_avg": 10.69,
            "equity": 2720438,
            "current_ratio": 174.57,
            "debt_ratio": 52.17,
            "inventory_turnover_ratio": 362.63,
            "account_receivable_turnover_ratio": 0.8,
            "reinvestment_rate": -8.69,
            "research_to_sale_ratio": null,
            "price_fair": 35.1,
            "eps_avg_yearly": 1,
            "eps_latest_yearly": 0.36,
            "eps_growth_yearly": 885.19
        },
        "20164": {
            "year_quarter": 20164,
            "year": 2016,
            "quarter": 4,
            "eps": 0.07,
            "eps_growth_year": null,
            "eps_4q": 0.48,
            "eps_4q_growth_year": -2.01,
            "roe": 0.51,
            "roe_4q": 3.91,
            "gross_profit": 58885,
            "gross_margin": 4.85,
            "gross_margin_4q_avg": 3.34,
            "net_income": 13925,
            "revenue": 1214875,
            "common_shares": 2419837,
            "book_valuer_per_share": 10.76,
            "book_valuer_per_share_4q_avg": 10.72,
            "equity": 2725763,
            "current_ratio": 189.69,
            "debt_ratio": 47.85,
            "inventory_turnover_ratio": 370.93,
            "account_receivable_turnover_ratio": 0.93,
            "reinvestment_rate": -7.43,
            "research_to_sale_ratio": null,
            "price_fair": 35.3,
            "eps_avg_yearly": 1.01,
            "eps_latest_yearly": 0.28,
            "eps_growth_yearly": 835.98
        },
        "20171": {
            "year_quarter": 20171,
            "year": 2017,
            "quarter": 1,
            "eps": 0.11,
            "eps_growth_year": -31.25,
            "eps_4q": 0.42,
            "eps_4q_growth_year": -5.17,
            "roe": 0.96,
            "roe_4q": 3.44,
            "gross_profit": 62638,
            "gross_margin": 5.34,
            "gross_margin_4q_avg": 3.35,
            "net_income": 26310,
            "revenue": 1171967,
            "common_shares": 2419837,
            "book_valuer_per_share": 10.87,
            "book_valuer_per_share_4q_avg": 10.75,
            "equity": 2752073,
            "current_ratio": 192.41,
            "debt_ratio": 47.08,
            "inventory_turnover_ratio": 423.73,
            "account_receivable_turnover_ratio": 0.94,
            "reinvestment_rate": -5.49,
            "research_to_sale_ratio": null,
            "price_fair": 36.3,
            "eps_avg_yearly": 1.04,
            "eps_latest_yearly": 0.44,
            "eps_growth_yearly": 875.17
        },
        "20172": {
            "year_quarter": 20172,
            "year": 2017,
            "quarter": 2,
            "eps": -0.06,
            "eps_growth_year": -142.86,
            "eps_4q": 0.21,
            "eps_4q_growth_year": -57.64,
            "roe": -0.65,
            "roe_4q": 1.58,
            "gross_profit": 35264,
            "gross_margin": 3.22,
            "gross_margin_4q_avg": 3.3,
            "net_income": -17657,
            "revenue": 1096478,
            "common_shares": 2419837,
            "book_valuer_per_share": 10.51,
            "book_valuer_per_share_4q_avg": 10.72,
            "equity": 2663170,
            "current_ratio": 183.31,
            "debt_ratio": 49.24,
            "inventory_turnover_ratio": 379.89,
            "account_receivable_turnover_ratio": 0.83,
            "reinvestment_rate": -4.37,
            "research_to_sale_ratio": null,
            "price_fair": 38.98,
            "eps_avg_yearly": 1.11,
            "eps_latest_yearly": 0.44,
            "eps_growth_yearly": 942.49
        },
        "20173": {
            "year_quarter": 20173,
            "year": 2017,
            "quarter": 3,
            "eps": -0.03,
            "eps_growth_year": -133.33,
            "eps_4q": 0.09,
            "eps_4q_growth_year": -76.86,
            "roe": -0.39,
            "roe_4q": 0.42999999999999994,
            "gross_profit": 25970,
            "gross_margin": 3.37,
            "gross_margin_4q_avg": 4.2,
            "net_income": -10375,
            "revenue": 771009,
            "common_shares": 2419837,
            "book_valuer_per_share": 10.48,
            "book_valuer_per_share_4q_avg": 10.66,
            "equity": 2652795,
            "current_ratio": 211.84,
            "debt_ratio": 42.15,
            "inventory_turnover_ratio": 256.47,
            "account_receivable_turnover_ratio": 0.87,
            "reinvestment_rate": -3.46,
            "research_to_sale_ratio": null,
            "price_fair": 39.08,
            "eps_avg_yearly": 1.12,
            "eps_latest_yearly": 0.44,
            "eps_growth_yearly": 154.36
        },
        "20174": {
            "year_quarter": 20174,
            "year": 2017,
            "quarter": 4,
            "eps": 0.03,
            "eps_growth_year": -64.42,
            "eps_4q": 0.04,
            "eps_4q_growth_year": -90.88,
            "roe": 0.2,
            "roe_4q": 0.11999999999999988,
            "gross_profit": 41896,
            "gross_margin": 4.32,
            "gross_margin_4q_avg": 4.06,
            "net_income": 5290,
            "revenue": 970673,
            "common_shares": 2419837,
            "book_valuer_per_share": 10.49,
            "book_valuer_per_share_4q_avg": 10.59,
            "equity": 2654812,
            "current_ratio": 197.3,
            "debt_ratio": 45.26,
            "inventory_turnover_ratio": 309.13,
            "account_receivable_turnover_ratio": 1.64,
            "reinvestment_rate": -8.16,
            "research_to_sale_ratio": null,
            "price_fair": 27.62,
            "eps_avg_yearly": 0.79,
            "eps_latest_yearly": 0.44,
            "eps_growth_yearly": 45.84
        },
        "20181": {
            "year_quarter": 20181,
            "year": 2018,
            "quarter": 1,
            "eps": 0.03,
            "eps_growth_year": -72.73,
            "eps_4q": -0.04,
            "eps_4q_growth_year": -108.42,
            "roe": 0.1,
            "roe_4q": -0.74,
            "gross_profit": 31875,
            "gross_margin": 3.51,
            "gross_margin_4q_avg": 3.61,
            "net_income": 2572,
            "revenue": 907003,
            "common_shares": 2419837,
            "book_valuer_per_share": 10.52,
            "book_valuer_per_share_4q_avg": 10.5,
            "equity": 2657384,
            "current_ratio": 193.7,
            "debt_ratio": 45.91,
            "inventory_turnover_ratio": 305.51,
            "account_receivable_turnover_ratio": 1.58,
            "reinvestment_rate": -19.76,
            "research_to_sale_ratio": null,
            "price_fair": 26.6,
            "eps_avg_yearly": 0.76,
            "eps_latest_yearly": 0.12,
            "eps_growth_yearly": 78.81
        },
        "20182": {
            "year_quarter": 20182,
            "year": 2018,
            "quarter": 2,
            "eps": 0.04,
            "eps_growth_year": null,
            "eps_4q": 0.07,
            "eps_4q_growth_year": -66.43,
            "roe": 0.36,
            "roe_4q": 0.2699999999999999,
            "gross_profit": 52039,
            "gross_margin": 4,
            "gross_margin_4q_avg": 3.8,
            "net_income": 9487,
            "revenue": 1302366,
            "common_shares": 2419837,
            "book_valuer_per_share": 10.56,
            "book_valuer_per_share_4q_avg": 10.51,
            "equity": 2666871,
            "current_ratio": 182.58,
            "debt_ratio": 48.57,
            "inventory_turnover_ratio": 497.15,
            "account_receivable_turnover_ratio": 1.92,
            "reinvestment_rate": -19.5,
            "research_to_sale_ratio": null,
            "price_fair": 23.8,
            "eps_avg_yearly": 0.68,
            "eps_latest_yearly": 0.16,
            "eps_growth_yearly": 41.35
        },
        "20183": {
            "year_quarter": 20183,
            "year": 2018,
            "quarter": 3,
            "eps": -0.31,
            "eps_growth_year": null,
            "eps_4q": -0.21,
            "eps_4q_growth_year": -338.24,
            "roe": -2.88,
            "roe_4q": -2.2199999999999998,
            "gross_profit": -41076,
            "gross_margin": -3.86,
            "gross_margin_4q_avg": 1.99,
            "net_income": -75607,
            "revenue": 1064022,
            "common_shares": 2419837,
            "book_valuer_per_share": 10.25,
            "book_valuer_per_share_4q_avg": 10.46,
            "equity": 2591264,
            "current_ratio": 173.4,
            "debt_ratio": 51.06,
            "inventory_turnover_ratio": 422.28,
            "account_receivable_turnover_ratio": 1.34,
            "reinvestment_rate": -28.83,
            "research_to_sale_ratio": null,
            "price_fair": 14.91,
            "eps_avg_yearly": 0.57,
            "eps_latest_yearly": 0.16,
            "eps_growth_yearly": 16.25
        },
        "20184": {
            "year_quarter": 20184,
            "year": 2018,
            "quarter": 4,
            "eps": -1.92,
            "eps_growth_year": -7695.79,
            "eps_4q": -2.16,
            "eps_4q_growth_year": -5062.61,
            "roe": -19.53,
            "roe_4q": -21.95,
            "gross_profit": -411160,
            "gross_margin": -34.73,
            "gross_margin_4q_avg": -7.77,
            "net_income": -459002,
            "revenue": 1183741,
            "common_shares": 2419837,
            "book_valuer_per_share": 8.23,
            "book_valuer_per_share_4q_avg": 9.89,
            "equity": 2108966,
            "current_ratio": 130.5,
            "debt_ratio": 68.49,
            "inventory_turnover_ratio": 729.26,
            "account_receivable_turnover_ratio": 1.03,
            "reinvestment_rate": null,
            "research_to_sale_ratio": null,
            "price_fair": 13.21,
            "eps_avg_yearly": 0.44,
            "eps_latest_yearly": 0.16,
            "eps_growth_yearly": 20.03
        },
        "20191": {
            "year_quarter": 20191,
            "year": 2019,
            "quarter": 1,
            "eps": 0,
            "eps_growth_year": -100,
            "eps_4q": -2.19,
            "eps_4q_growth_year": null,
            "roe": -0.12,
            "roe_4q": -22.17,
            "gross_profit": 41774,
            "gross_margin": 3.87,
            "gross_margin_4q_avg": -7.68,
            "net_income": -2499,
            "revenue": 1080812,
            "common_shares": 2419837,
            "book_valuer_per_share": 8.23,
            "book_valuer_per_share_4q_avg": 9.32,
            "equity": 2106467,
            "current_ratio": 126.97,
            "debt_ratio": 69.06,
            "inventory_turnover_ratio": 472.83,
            "account_receivable_turnover_ratio": 0.88,
            "reinvestment_rate": null,
            "research_to_sale_ratio": null,
            "price_fair": 13.65,
            "eps_avg_yearly": 0.39,
            "eps_latest_yearly": 0.16,
            "eps_growth_yearly": 48.12
        },
        "20192": {
            "year_quarter": 20192,
            "year": 2019,
            "quarter": 2,
            "eps": 0.02,
            "eps_growth_year": -50,
            "eps_4q": -2.22,
            "eps_4q_growth_year": -3200.49,
            "roe": 0.05,
            "roe_4q": -22.48,
            "gross_profit": 51430,
            "gross_margin": 3.66,
            "gross_margin_4q_avg": -7.77,
            "net_income": 1048,
            "revenue": 1406220,
            "common_shares": 2419837,
            "book_valuer_per_share": 8.25,
            "book_valuer_per_share_4q_avg": 8.74,
            "equity": 2107515,
            "current_ratio": 124.41,
            "debt_ratio": 70.12,
            "inventory_turnover_ratio": 506.65,
            "account_receivable_turnover_ratio": 1.78,
            "reinvestment_rate": null,
            "research_to_sale_ratio": null,
            "price_fair": 13.8,
            "eps_avg_yearly": 0.39,
            "eps_latest_yearly": 0.16,
            "eps_growth_yearly": 87.64
        },
        "20193": {
            "year_quarter": 20193,
            "year": 2019,
            "quarter": 3,
            "eps": -0.02,
            "eps_growth_year": null,
            "eps_4q": -1.92,
            "eps_4q_growth_year": null,
            "roe": -0.14,
            "roe_4q": -19.740000000000002,
            "gross_profit": 49573,
            "gross_margin": 3.52,
            "gross_margin_4q_avg": -5.92,
            "net_income": -2886,
            "revenue": 1408640,
            "common_shares": 2419837,
            "book_valuer_per_share": 8.23,
            "book_valuer_per_share_4q_avg": 8.24,
            "equity": 2104629,
            "current_ratio": 126.02,
            "debt_ratio": 70.91,
            "inventory_turnover_ratio": 487.3,
            "account_receivable_turnover_ratio": 2.08,
            "reinvestment_rate": null,
            "research_to_sale_ratio": null,
            "price_fair": 7.48,
            "eps_avg_yearly": 0.32,
            "eps_latest_yearly": 0.16,
            "eps_growth_yearly": 13.36
        },
        "20194": {
            "year_quarter": 20194,
            "year": 2019,
            "quarter": 4,
            "eps": 0.1,
            "eps_growth_year": null,
            "eps_4q": 0.1,
            "eps_4q_growth_year": null,
            "roe": 1.17,
            "roe_4q": 0.9599999999999999,
            "gross_profit": 67683,
            "gross_margin": 3.92,
            "gross_margin_4q_avg": 3.74,
            "net_income": 24664,
            "revenue": 1725154,
            "common_shares": 2419837,
            "book_valuer_per_share": 8.32,
            "book_valuer_per_share_4q_avg": 8.26,
            "equity": 2125993,
            "current_ratio": 123.16,
            "debt_ratio": 72.07,
            "inventory_turnover_ratio": 421.8,
            "account_receivable_turnover_ratio": 1.92,
            "reinvestment_rate": null,
            "research_to_sale_ratio": null,
            "price_fair": 7.48,
            "eps_avg_yearly": 0.32,
            "eps_latest_yearly": 0.16,
            "eps_growth_yearly": 13.36
        },
        "20201": {
            "year_quarter": 20201,
            "year": 2020,
            "quarter": 1,
            "eps": 0.02,
            "eps_growth_year": null,
            "eps_4q": 0.12,
            "eps_4q_growth_year": null,
            "roe": 0.23,
            "roe_4q": 1.3099999999999998,
            "gross_profit": -13445,
            "gross_margin": -1.08,
            "gross_margin_4q_avg": 2.51,
            "net_income": 4977,
            "revenue": 1239246,
            "common_shares": 2419837,
            "book_valuer_per_share": 8.33,
            "book_valuer_per_share_4q_avg": 8.28,
            "equity": 2130970,
            "current_ratio": 123.82,
            "debt_ratio": 70.68,
            "inventory_turnover_ratio": 228.51,
            "account_receivable_turnover_ratio": 1.36,
            "reinvestment_rate": null,
            "research_to_sale_ratio": null,
            "price_fair": 0.86,
            "eps_avg_yearly": 0.29,
            "eps_latest_yearly": 0.08,
            "eps_growth_yearly": -34.26
        },
        "20202": {
            "year_quarter": 20202,
            "year": 2020,
            "quarter": 2,
            "eps": 0.01,
            "eps_growth_year": -50,
            "eps_4q": 0.11,
            "eps_4q_growth_year": null,
            "roe": 0.17,
            "roe_4q": 1.4299999999999997,
            "gross_profit": 51076,
            "gross_margin": 3.27,
            "gross_margin_4q_avg": 2.41,
            "net_income": 3544,
            "revenue": 1560143,
            "common_shares": 2419837,
            "book_valuer_per_share": 8.34,
            "book_valuer_per_share_4q_avg": 8.31,
            "equity": 2134514,
            "current_ratio": 118.82,
            "debt_ratio": 71.34,
            "inventory_turnover_ratio": 267.04,
            "account_receivable_turnover_ratio": 2.21,
            "reinvestment_rate": null,
            "research_to_sale_ratio": null,
            "price_fair": 0.63,
            "eps_avg_yearly": 0.21,
            "eps_latest_yearly": 0.04,
            "eps_growth_yearly": -55.69
        },
        "20203": {
            "year_quarter": 20203,
            "year": 2020,
            "quarter": 3,
            "eps": 0.05,
            "eps_growth_year": null,
            "eps_4q": 0.18,
            "eps_4q_growth_year": null,
            "roe": 1.03,
            "roe_4q": 2.5999999999999996,
            "gross_profit": 70540,
            "gross_margin": 4.1,
            "gross_margin_4q_avg": 2.55,
            "net_income": 22071,
            "revenue": 1720861,
            "common_shares": 2419837,
            "book_valuer_per_share": 8.4,
            "book_valuer_per_share_4q_avg": 8.35,
            "equity": 2156585,
            "current_ratio": 115.95,
            "debt_ratio": 72.7,
            "inventory_turnover_ratio": 240.99,
            "account_receivable_turnover_ratio": 2.06,
            "reinvestment_rate": null,
            "research_to_sale_ratio": null,
            "price_fair": 6.6,
            "eps_avg_yearly": 0.19,
            "eps_latest_yearly": 0.2,
            "eps_growth_yearly": 193.29
        },
        "20204": {
            "year_quarter": 20204,
            "year": 2020,
            "quarter": 4,
            "eps": 0.07,
            "eps_growth_year": -31.28,
            "eps_4q": 0.15,
            "eps_4q_growth_year": 54.72,
            "roe": 0.97,
            "roe_4q": 2.4,
            "gross_profit": 67881,
            "gross_margin": 3.6,
            "gross_margin_4q_avg": 2.47,
            "net_income": 21076,
            "revenue": 1885966,
            "common_shares": 2419837,
            "book_valuer_per_share": 8.44,
            "book_valuer_per_share_4q_avg": 8.38,
            "equity": 2171706,
            "current_ratio": 114.28,
            "debt_ratio": 73.17,
            "inventory_turnover_ratio": 260.55,
            "account_receivable_turnover_ratio": 1.88,
            "reinvestment_rate": null,
            "research_to_sale_ratio": null,
            "price_fair": 6.6,
            "eps_avg_yearly": 0.19,
            "eps_latest_yearly": 0.28,
            "eps_growth_yearly": 228.84
        },
        "20211": {
            "year_quarter": 20211,
            "year": 2021,
            "quarter": 1,
            "eps": 0.01,
            "eps_growth_year": -50,
            "eps_4q": 0.14,
            "eps_4q_growth_year": 21.57,
            "roe": 0.42,
            "roe_4q": 2.59,
            "gross_profit": 63422,
            "gross_margin": 4.18,
            "gross_margin_4q_avg": 3.79,
            "net_income": 9082,
            "revenue": 1517391,
            "common_shares": 2419837,
            "book_valuer_per_share": 8.45,
            "book_valuer_per_share_4q_avg": 8.41,
            "equity": 2180788,
            "current_ratio": 113.11,
            "debt_ratio": 72.18,
            "inventory_turnover_ratio": 226.6,
            "account_receivable_turnover_ratio": 1.69,
            "reinvestment_rate": null,
            "research_to_sale_ratio": null,
            "price_fair": 4.6,
            "eps_avg_yearly": 0.13,
            "eps_latest_yearly": 0.04,
            "eps_growth_yearly": 147.21
        },
        "20212": {
            "year_quarter": 20212,
            "year": 2021,
            "quarter": 2,
            "eps": 0.06,
            "eps_growth_year": 500,
            "eps_4q": 0.19,
            "eps_4q_growth_year": 77.22,
            "roe": 0.81,
            "roe_4q": 3.2300000000000004,
            "gross_profit": 70753,
            "gross_margin": 3.56,
            "gross_margin_4q_avg": 3.86,
            "net_income": 17757,
            "revenue": 1987579,
            "common_shares": 2419837,
            "book_valuer_per_share": 8.51,
            "book_valuer_per_share_4q_avg": 8.45,
            "equity": 2198545,
            "current_ratio": 112.26,
            "debt_ratio": 73.46,
            "inventory_turnover_ratio": 304.96,
            "account_receivable_turnover_ratio": 1.95,
            "reinvestment_rate": null,
            "research_to_sale_ratio": null,
            "price_fair": 5.08,
            "eps_avg_yearly": 0.15,
            "eps_latest_yearly": 0.24,
            "eps_growth_yearly": 378.81
        },
        "20213": {
            "year_quarter": 20213,
            "year": 2021,
            "quarter": 3,
            "eps": 0.11,
            "eps_growth_year": 120,
            "eps_4q": 0.24,
            "eps_4q_growth_year": 35.45,
            "roe": 1.7,
            "roe_4q": 3.8999999999999995,
            "gross_profit": 101509,
            "gross_margin": 4.66,
            "gross_margin_4q_avg": 4,
            "net_income": 37754,
            "revenue": 2179431,
            "common_shares": 2374837,
            "book_valuer_per_share": 8.62,
            "book_valuer_per_share_4q_avg": 8.51,
            "equity": 2236299,
            "current_ratio": 111.91,
            "debt_ratio": 73.07,
            "inventory_turnover_ratio": 315.72,
            "account_receivable_turnover_ratio": 1.79,
            "reinvestment_rate": null,
            "research_to_sale_ratio": null,
            "price_fair": 6.22,
            "eps_avg_yearly": 0.18,
            "eps_latest_yearly": 0.44,
            "eps_growth_yearly": 373.76
        },
        "20214": {
            "year_quarter": 20214,
            "year": 2021,
            "quarter": 4,
            "eps": 1.38,
            "eps_growth_year": 1987.42,
            "eps_4q": 1.56,
            "eps_4q_growth_year": 935.39,
            "roe": 14.07,
            "roe_4q": 17,
            "gross_profit": -163898,
            "gross_margin": -7.07,
            "gross_margin_4q_avg": 1.33,
            "net_income": 337662,
            "revenue": 2318143,
            "common_shares": 2374837,
            "book_valuer_per_share": 9.95,
            "book_valuer_per_share_4q_avg": 8.88,
            "equity": 2563550,
            "current_ratio": 107.07,
            "debt_ratio": 71.95,
            "inventory_turnover_ratio": 370.92,
            "account_receivable_turnover_ratio": 1.7,
            "reinvestment_rate": null,
            "research_to_sale_ratio": null,
            "price_fair": 24.92,
            "eps_avg_yearly": 0.71,
            "eps_latest_yearly": 5.52,
            "eps_growth_yearly": 798.2
        },
        "20221": {
            "year_quarter": 20221,
            "year": 2022,
            "quarter": 1,
            "eps": 0.06,
            "eps_growth_year": 500,
            "eps_4q": 1.6,
            "eps_4q_growth_year": 1014.04,
            "roe": 0.72,
            "roe_4q": 17.3,
            "gross_profit": 70490,
            "gross_margin": 3.71,
            "gross_margin_4q_avg": 1.22,
            "net_income": 18418,
            "revenue": 1898787,
            "common_shares": 2374837,
            "book_valuer_per_share": 10.01,
            "book_valuer_per_share_4q_avg": 9.27,
            "equity": 2581968,
            "current_ratio": 106.31,
            "debt_ratio": 68.83,
            "inventory_turnover_ratio": 309.41,
            "account_receivable_turnover_ratio": 1.62,
            "reinvestment_rate": null,
            "research_to_sale_ratio": null,
            "price_fair": 25.34,
            "eps_avg_yearly": 0.72,
            "eps_latest_yearly": 0.24,
            "eps_growth_yearly": 759.94
        },
        "20222": {
            "year_quarter": 20222,
            "year": 2022,
            "quarter": 2,
            "eps": 0.78,
            "eps_growth_year": 1200,
            "eps_4q": 2.33,
            "eps_4q_growth_year": 1105.91,
            "roe": 7.15,
            "roe_4q": 23.64,
            "gross_profit": 80757,
            "gross_margin": 3.87,
            "gross_margin_4q_avg": 1.29,
            "net_income": 191310,
            "revenue": 2087894,
            "common_shares": 2374837,
            "book_valuer_per_share": 10.8,
            "book_valuer_per_share_4q_avg": 9.85,
            "equity": 2768333,
            "current_ratio": 107.74,
            "debt_ratio": 68.91,
            "inventory_turnover_ratio": 323.37,
            "account_receivable_turnover_ratio": 2.11,
            "reinvestment_rate": 1894.23,
            "research_to_sale_ratio": null,
            "price_fair": 35.7,
            "eps_avg_yearly": 1.02,
            "eps_latest_yearly": 3.12,
            "eps_growth_yearly": 1226.6
        },
        "20223": {
            "year_quarter": 20223,
            "year": 2022,
            "quarter": 3,
            "eps": -0.01,
            "eps_growth_year": -109.09,
            "eps_4q": 2.21,
            "eps_4q_growth_year": 802.74,
            "roe": 0.11,
            "roe_4q": 22.05,
            "gross_profit": 84110,
            "gross_margin": 4.05,
            "gross_margin_4q_avg": 1.14,
            "net_income": 3076,
            "revenue": 2078674,
            "common_shares": 2374837,
            "book_valuer_per_share": 10.78,
            "book_valuer_per_share_4q_avg": 10.39,
            "equity": 2771409,
            "current_ratio": 102.44,
            "debt_ratio": 77.83,
            "inventory_turnover_ratio": 325.43,
            "account_receivable_turnover_ratio": 1.86,
            "reinvestment_rate": 1162.55,
            "research_to_sale_ratio": null,
            "price_fair": 35.7,
            "eps_avg_yearly": 1.02,
            "eps_latest_yearly": 3.12,
            "eps_growth_yearly": 1226.6
        },
        "20224": {
            "year_quarter": 20224,
            "year": 2022,
            "quarter": 4,
            "eps": 0.19,
            "eps_growth_year": -86.03,
            "eps_4q": 1.02,
            "eps_4q_growth_year": -34.47,
            "roe": 2.15,
            "roe_4q": 10.13,
            "gross_profit": 145839,
            "gross_margin": 6.12,
            "gross_margin_4q_avg": 4.44,
            "net_income": 60271,
            "revenue": 2382965,
            "common_shares": 2374837,
            "book_valuer_per_share": 10.97,
            "book_valuer_per_share_4q_avg": 10.64,
            "equity": 2829872,
            "current_ratio": 96.15,
            "debt_ratio": 78.09,
            "inventory_turnover_ratio": 360.74,
            "account_receivable_turnover_ratio": 1.9,
            "reinvestment_rate": 307.34,
            "research_to_sale_ratio": null,
            "price_fair": 35.7,
            "eps_avg_yearly": 1.02,
            "eps_latest_yearly": 3.12,
            "eps_growth_yearly": 1226.6
        },
        "20231": {
            "year_quarter": 20231,
            "year": 2023,
            "quarter": 1,
            "eps": 0.08,
            "eps_growth_year": 33.33,
            "eps_4q": 1.04,
            "eps_4q_growth_year": -34.86,
            "roe": 0.88,
            "roe_4q": 10.29,
            "gross_profit": 116095,
            "gross_margin": 5.54,
            "gross_margin_4q_avg": 4.9,
            "net_income": 24876,
            "revenue": 2096537,
            "common_shares": 2374837,
            "book_valuer_per_share": 11.05,
            "book_valuer_per_share_4q_avg": 10.9,
            "equity": 2854748,
            "current_ratio": 93.38,
            "debt_ratio": 78.22,
            "inventory_turnover_ratio": 312.03,
            "account_receivable_turnover_ratio": 1.54,
            "reinvestment_rate": 267.41,
            "research_to_sale_ratio": null,
            "price_fair": 33.47,
            "eps_avg_yearly": 0.96,
            "eps_latest_yearly": 0.32,
            "eps_growth_yearly": 1094.04
        }
    },
    "months": {
        "2001-06": {
            "month": "2001-06",
            "price": "4.06",
            "revenue": 203277
        },
        "2001-07": {
            "month": "2001-07",
            "price": "3.70",
            "revenue": 221399
        },
        "2001-08": {
            "month": "2001-08",
            "price": "3.79",
            "revenue": 237129
        },
        "2001-09": {
            "month": "2001-09",
            "price": "3.53",
            "revenue": 177247
        },
        "2001-10": {
            "month": "2001-10",
            "price": "3.14",
            "revenue": 245918
        },
        "2001-11": {
            "month": "2001-11",
            "price": "3.38",
            "revenue": 300688
        },
        "2001-12": {
            "month": "2001-12",
            "price": "5.62",
            "revenue": 337291
        },
        "2002-01": {
            "month": "2002-01",
            "price": "5.71",
            "revenue": 333019
        },
        "2002-02": {
            "month": "2002-02",
            "price": "5.20",
            "revenue": 201293
        },
        "2002-03": {
            "month": "2002-03",
            "price": "5.93",
            "revenue": 372933
        },
        "2002-04": {
            "month": "2002-04",
            "price": "8.50",
            "revenue": 363995
        },
        "2002-05": {
            "month": "2002-05",
            "price": "7.44",
            "revenue": 363797
        },
        "2002-06": {
            "month": "2002-06",
            "price": "7.84",
            "revenue": 322155
        },
        "2002-07": {
            "month": "2002-07",
            "price": "8.88",
            "revenue": 462041
        },
        "2002-08": {
            "month": "2002-08",
            "price": "8.63",
            "revenue": 373200
        },
        "2002-09": {
            "month": "2002-09",
            "price": "8.04",
            "revenue": 291236
        },
        "2002-10": {
            "month": "2002-10",
            "price": "5.86",
            "revenue": 339430
        },
        "2002-11": {
            "month": "2002-11",
            "price": "6.00",
            "revenue": 257720
        },
        "2002-12": {
            "month": "2002-12",
            "price": "6.27",
            "revenue": 245234
        },
        "2003-01": {
            "month": "2003-01",
            "price": "7.23",
            "revenue": 223863
        },
        "2003-02": {
            "month": "2003-02",
            "price": "6.26",
            "revenue": 260337
        },
        "2003-03": {
            "month": "2003-03",
            "price": "5.99",
            "revenue": 354977
        },
        "2003-04": {
            "month": "2003-04",
            "price": "5.84",
            "revenue": 289940
        },
        "2003-05": {
            "month": "2003-05",
            "price": "5.34",
            "revenue": 328339
        },
        "2003-06": {
            "month": "2003-06",
            "price": "6.50",
            "revenue": 351769
        },
        "2003-07": {
            "month": "2003-07",
            "price": "7.78",
            "revenue": 339927
        },
        "2003-08": {
            "month": "2003-08",
            "price": "9.90",
            "revenue": 398360
        },
        "2003-09": {
            "month": "2003-09",
            "price": "8.98",
            "revenue": 328447
        },
        "2003-10": {
            "month": "2003-10",
            "price": "9.91",
            "revenue": 316703
        },
        "2003-11": {
            "month": "2003-11",
            "price": "11.33",
            "revenue": 308420
        },
        "2003-12": {
            "month": "2003-12",
            "price": "12.01",
            "revenue": 336827
        },
        "2004-01": {
            "month": "2004-01",
            "price": "13.78",
            "revenue": 226729
        },
        "2004-02": {
            "month": "2004-02",
            "price": "15.42",
            "revenue": 245137
        },
        "2004-03": {
            "month": "2004-03",
            "price": "15.11",
            "revenue": 326900
        },
        "2004-04": {
            "month": "2004-04",
            "price": "16.11",
            "revenue": 265920
        },
        "2004-05": {
            "month": "2004-05",
            "price": "15.50",
            "revenue": 355954
        },
        "2004-06": {
            "month": "2004-06",
            "price": "15.50",
            "revenue": 397358
        },
        "2004-07": {
            "month": "2004-07",
            "price": "13.74",
            "revenue": 473360
        },
        "2004-08": {
            "month": "2004-08",
            "price": "11.36",
            "revenue": 501501
        },
        "2004-09": {
            "month": "2004-09",
            "price": "11.03",
            "revenue": 340325
        },
        "2004-10": {
            "month": "2004-10",
            "price": "10.88",
            "revenue": 454332
        },
        "2004-11": {
            "month": "2004-11",
            "price": "10.15",
            "revenue": 451069
        },
        "2004-12": {
            "month": "2004-12",
            "price": "11.28",
            "revenue": 420782
        },
        "2005-01": {
            "month": "2005-01",
            "price": "11.76",
            "revenue": 463778
        },
        "2005-02": {
            "month": "2005-02",
            "price": "11.90",
            "revenue": 321556
        },
        "2005-03": {
            "month": "2005-03",
            "price": "11.74",
            "revenue": 431900
        },
        "2005-04": {
            "month": "2005-04",
            "price": "10.57",
            "revenue": 459117
        },
        "2005-05": {
            "month": "2005-05",
            "price": "10.25",
            "revenue": 400700
        },
        "2005-06": {
            "month": "2005-06",
            "price": "11.89",
            "revenue": 387942
        },
        "2005-07": {
            "month": "2005-07",
            "price": "10.89",
            "revenue": 362992
        },
        "2005-08": {
            "month": "2005-08",
            "price": "9.93",
            "revenue": 397560
        },
        "2005-09": {
            "month": "2005-09",
            "price": "8.85",
            "revenue": 416091
        },
        "2005-10": {
            "month": "2005-10",
            "price": "7.68",
            "revenue": 416921
        },
        "2005-11": {
            "month": "2005-11",
            "price": "6.93",
            "revenue": 410596
        },
        "2005-12": {
            "month": "2005-12",
            "price": "7.60",
            "revenue": 756835
        },
        "2006-01": {
            "month": "2006-01",
            "price": "8.09",
            "revenue": 386101
        },
        "2006-02": {
            "month": "2006-02",
            "price": "7.66",
            "revenue": 646521
        },
        "2006-03": {
            "month": "2006-03",
            "price": "7.67",
            "revenue": 671970
        },
        "2006-04": {
            "month": "2006-04",
            "price": "8.30",
            "revenue": 638517
        },
        "2006-05": {
            "month": "2006-05",
            "price": "9.45",
            "revenue": 661451
        },
        "2006-06": {
            "month": "2006-06",
            "price": "9.15",
            "revenue": 609955
        },
        "2006-07": {
            "month": "2006-07",
            "price": "9.14",
            "revenue": 579750
        },
        "2006-08": {
            "month": "2006-08",
            "price": "8.63",
            "revenue": 707006
        },
        "2006-09": {
            "month": "2006-09",
            "price": "8.47",
            "revenue": 710885
        },
        "2006-10": {
            "month": "2006-10",
            "price": "9.30",
            "revenue": 650086
        },
        "2006-11": {
            "month": "2006-11",
            "price": "12.52",
            "revenue": 741627
        },
        "2006-12": {
            "month": "2006-12",
            "price": "13.97",
            "revenue": 684806
        },
        "2007-01": {
            "month": "2007-01",
            "price": "12.94",
            "revenue": 684067
        },
        "2007-02": {
            "month": "2007-02",
            "price": "12.74",
            "revenue": 452008
        },
        "2007-03": {
            "month": "2007-03",
            "price": "12.45",
            "revenue": 645663
        },
        "2007-04": {
            "month": "2007-04",
            "price": "12.53",
            "revenue": 643007
        },
        "2007-05": {
            "month": "2007-05",
            "price": "12.18",
            "revenue": 701506
        },
        "2007-06": {
            "month": "2007-06",
            "price": "11.74",
            "revenue": 729847
        },
        "2007-07": {
            "month": "2007-07",
            "price": "14.21",
            "revenue": 892506
        },
        "2007-08": {
            "month": "2007-08",
            "price": "13.85",
            "revenue": 706152
        },
        "2007-09": {
            "month": "2007-09",
            "price": "12.36",
            "revenue": 734655
        },
        "2007-10": {
            "month": "2007-10",
            "price": "11.64",
            "revenue": 821124
        },
        "2007-11": {
            "month": "2007-11",
            "price": "9.41",
            "revenue": 708423
        },
        "2007-12": {
            "month": "2007-12",
            "price": "8.58",
            "revenue": 822833
        },
        "2008-01": {
            "month": "2008-01",
            "price": "8.85",
            "revenue": 887592
        },
        "2008-02": {
            "month": "2008-02",
            "price": "8.74",
            "revenue": 514972
        },
        "2008-03": {
            "month": "2008-03",
            "price": "10.49",
            "revenue": 793225
        },
        "2008-04": {
            "month": "2008-04",
            "price": "12.40",
            "revenue": 637353
        },
        "2008-05": {
            "month": "2008-05",
            "price": "10.97",
            "revenue": 804649
        },
        "2008-06": {
            "month": "2008-06",
            "price": "8.44",
            "revenue": 729322
        },
        "2008-07": {
            "month": "2008-07",
            "price": "7.26",
            "revenue": 667995
        },
        "2008-08": {
            "month": "2008-08",
            "price": "6.45",
            "revenue": 533850
        },
        "2008-09": {
            "month": "2008-09",
            "price": "4.58",
            "revenue": 644958
        },
        "2008-10": {
            "month": "2008-10",
            "price": "3.83",
            "revenue": 602695
        },
        "2008-11": {
            "month": "2008-11",
            "price": "4.35",
            "revenue": 590020
        },
        "2008-12": {
            "month": "2008-12",
            "price": "4.56",
            "revenue": 524137
        },
        "2009-01": {
            "month": "2009-01",
            "price": "4.70",
            "revenue": 296839
        },
        "2009-02": {
            "month": "2009-02",
            "price": "4.54",
            "revenue": 210410
        },
        "2009-03": {
            "month": "2009-03",
            "price": "4.59",
            "revenue": 270178
        },
        "2009-04": {
            "month": "2009-04",
            "price": "6.66",
            "revenue": 311859
        },
        "2009-05": {
            "month": "2009-05",
            "price": "6.96",
            "revenue": 306723
        },
        "2009-06": {
            "month": "2009-06",
            "price": "6.51",
            "revenue": 283374
        },
        "2009-07": {
            "month": "2009-07",
            "price": "6.82",
            "revenue": 434067
        },
        "2009-08": {
            "month": "2009-08",
            "price": "6.74",
            "revenue": 480190
        },
        "2009-09": {
            "month": "2009-09",
            "price": "6.63",
            "revenue": 398579
        },
        "2009-10": {
            "month": "2009-10",
            "price": "6.45",
            "revenue": 391979
        },
        "2009-11": {
            "month": "2009-11",
            "price": "6.09",
            "revenue": 408492
        },
        "2009-12": {
            "month": "2009-12",
            "price": "6.05",
            "revenue": 209097
        },
        "2010-01": {
            "month": "2010-01",
            "price": "7.11",
            "revenue": 446147
        },
        "2010-02": {
            "month": "2010-02",
            "price": "6.65",
            "revenue": 309834
        },
        "2010-03": {
            "month": "2010-03",
            "price": "6.91",
            "revenue": 489387
        },
        "2010-04": {
            "month": "2010-04",
            "price": "7.37",
            "revenue": 344836
        },
        "2010-05": {
            "month": "2010-05",
            "price": "6.34",
            "revenue": 414587
        },
        "2010-06": {
            "month": "2010-06",
            "price": "6.13",
            "revenue": 362229
        },
        "2010-07": {
            "month": "2010-07",
            "price": "6.11",
            "revenue": 382684
        },
        "2010-08": {
            "month": "2010-08",
            "price": "6.52",
            "revenue": 504092
        },
        "2010-09": {
            "month": "2010-09",
            "price": "6.72",
            "revenue": 29666
        },
        "2010-10": {
            "month": "2010-10",
            "price": "6.71",
            "revenue": 422293
        },
        "2010-11": {
            "month": "2010-11",
            "price": "5.99",
            "revenue": 377689
        },
        "2010-12": {
            "month": "2010-12",
            "price": "6.05",
            "revenue": 521180
        },
        "2011-01": {
            "month": "2011-01",
            "price": "6.69",
            "revenue": 374662
        },
        "2011-02": {
            "month": "2011-02",
            "price": "6.40",
            "revenue": 343873
        },
        "2011-03": {
            "month": "2011-03",
            "price": "6.05",
            "revenue": 408937
        },
        "2011-04": {
            "month": "2011-04",
            "price": "6.07",
            "revenue": 375033
        },
        "2011-05": {
            "month": "2011-05",
            "price": "7.36",
            "revenue": 345865
        },
        "2011-06": {
            "month": "2011-06",
            "price": "7.48",
            "revenue": 326896
        },
        "2011-07": {
            "month": "2011-07",
            "price": "6.94",
            "revenue": 382796
        },
        "2011-08": {
            "month": "2011-08",
            "price": "7.05",
            "revenue": 288872
        },
        "2011-09": {
            "month": "2011-09",
            "price": "7.18",
            "revenue": 395565
        },
        "2011-10": {
            "month": "2011-10",
            "price": "7.32",
            "revenue": 289734
        },
        "2011-11": {
            "month": "2011-11",
            "price": "6.62",
            "revenue": 193131
        },
        "2011-12": {
            "month": "2011-12",
            "price": "5.94",
            "revenue": 199041
        },
        "2012-01": {
            "month": "2012-01",
            "price": "5.94",
            "revenue": 206940
        },
        "2012-02": {
            "month": "2012-02",
            "price": "6.15",
            "revenue": 243950
        },
        "2012-03": {
            "month": "2012-03",
            "price": "6.09",
            "revenue": 269900
        },
        "2012-04": {
            "month": "2012-04",
            "price": "5.82",
            "revenue": 268616
        },
        "2012-05": {
            "month": "2012-05",
            "price": "5.70",
            "revenue": 363669
        },
        "2012-06": {
            "month": "2012-06",
            "price": "5.69",
            "revenue": 269578
        },
        "2012-07": {
            "month": "2012-07",
            "price": "5.63",
            "revenue": 227578
        },
        "2012-08": {
            "month": "2012-08",
            "price": "5.45",
            "revenue": 232602
        },
        "2012-09": {
            "month": "2012-09",
            "price": "5.74",
            "revenue": 234146
        },
        "2012-10": {
            "month": "2012-10",
            "price": "5.56",
            "revenue": 325344
        },
        "2012-11": {
            "month": "2012-11",
            "price": "5.46",
            "revenue": 338867
        },
        "2012-12": {
            "month": "2012-12",
            "price": "6.31",
            "revenue": 192043
        },
        "2013-01": {
            "month": "2013-01",
            "price": "7.09",
            "revenue": 314972
        },
        "2013-02": {
            "month": "2013-02",
            "price": "8.62",
            "revenue": 199258
        },
        "2013-03": {
            "month": "2013-03",
            "price": "8.49",
            "revenue": 253231
        },
        "2013-04": {
            "month": "2013-04",
            "price": "8.44",
            "revenue": 311995
        },
        "2013-05": {
            "month": "2013-05",
            "price": "8.41",
            "revenue": 269820
        },
        "2013-06": {
            "month": "2013-06",
            "price": "8.26",
            "revenue": 209133
        },
        "2013-07": {
            "month": "2013-07",
            "price": "7.88",
            "revenue": 225950
        },
        "2013-08": {
            "month": "2013-08",
            "price": "7.78",
            "revenue": 256688
        },
        "2013-09": {
            "month": "2013-09",
            "price": "7.81",
            "revenue": 297770
        },
        "2013-10": {
            "month": "2013-10",
            "price": "8.10",
            "revenue": 370577
        },
        "2013-11": {
            "month": "2013-11",
            "price": "8.14",
            "revenue": 394448
        },
        "2013-12": {
            "month": "2013-12",
            "price": "7.80",
            "revenue": 496715
        },
        "2014-01": {
            "month": "2014-01",
            "price": "7.88",
            "revenue": 346826
        },
        "2014-02": {
            "month": "2014-02",
            "price": "7.76",
            "revenue": 181595
        },
        "2014-03": {
            "month": "2014-03",
            "price": "7.76",
            "revenue": 380650
        },
        "2014-04": {
            "month": "2014-04",
            "price": "8.02",
            "revenue": 346417
        },
        "2014-05": {
            "month": "2014-05",
            "price": "8.22",
            "revenue": 328408
        },
        "2014-06": {
            "month": "2014-06",
            "price": "9.60",
            "revenue": 419057
        },
        "2014-07": {
            "month": "2014-07",
            "price": "9.43",
            "revenue": 401396
        },
        "2014-08": {
            "month": "2014-08",
            "price": "8.85",
            "revenue": 639985
        },
        "2014-09": {
            "month": "2014-09",
            "price": "9.23",
            "revenue": 611339
        },
        "2014-10": {
            "month": "2014-10",
            "price": "10.59",
            "revenue": 606613
        },
        "2014-11": {
            "month": "2014-11",
            "price": "11.63",
            "revenue": 595476
        },
        "2014-12": {
            "month": "2014-12",
            "price": "11.35",
            "revenue": 617032
        },
        "2015-01": {
            "month": "2015-01",
            "price": "11.15",
            "revenue": 522279
        },
        "2015-02": {
            "month": "2015-02",
            "price": "11.17",
            "revenue": 362198
        },
        "2015-03": {
            "month": "2015-03",
            "price": "11.44",
            "revenue": 547989
        },
        "2015-04": {
            "month": "2015-04",
            "price": "10.43",
            "revenue": 526455
        },
        "2015-05": {
            "month": "2015-05",
            "price": "10.10",
            "revenue": 491681
        },
        "2015-06": {
            "month": "2015-06",
            "price": "9.98",
            "revenue": 469954
        },
        "2015-07": {
            "month": "2015-07",
            "price": "9.34",
            "revenue": 525394
        },
        "2015-08": {
            "month": "2015-08",
            "price": "8.82",
            "revenue": 386744
        },
        "2015-09": {
            "month": "2015-09",
            "price": "8.32",
            "revenue": 453032
        },
        "2015-10": {
            "month": "2015-10",
            "price": "8.30",
            "revenue": 484048
        },
        "2015-11": {
            "month": "2015-11",
            "price": "8.31",
            "revenue": 447085
        },
        "2015-12": {
            "month": "2015-12",
            "price": "8.30",
            "revenue": 281513
        },
        "2016-01": {
            "month": "2016-01",
            "price": "8.09",
            "revenue": 422089
        },
        "2016-02": {
            "month": "2016-02",
            "price": "8.16",
            "revenue": 353718
        },
        "2016-03": {
            "month": "2016-03",
            "price": "8.37",
            "revenue": 436462
        },
        "2016-04": {
            "month": "2016-04",
            "price": "8.52",
            "revenue": 402905
        },
        "2016-05": {
            "month": "2016-05",
            "price": "9.54",
            "revenue": 386013
        },
        "2016-06": {
            "month": "2016-06",
            "price": "10.16",
            "revenue": 302457
        },
        "2016-07": {
            "month": "2016-07",
            "price": "10.56",
            "revenue": 356683
        },
        "2016-08": {
            "month": "2016-08",
            "price": "10.00",
            "revenue": 291209
        },
        "2016-09": {
            "month": "2016-09",
            "price": "9.62",
            "revenue": 477564
        },
        "2016-10": {
            "month": "2016-10",
            "price": "9.61",
            "revenue": 381248
        },
        "2016-11": {
            "month": "2016-11",
            "price": "9.30",
            "revenue": 434325
        },
        "2016-12": {
            "month": "2016-12",
            "price": "9.25",
            "revenue": 400774
        },
        "2017-01": {
            "month": "2017-01",
            "price": "9.15",
            "revenue": 358447
        },
        "2017-02": {
            "month": "2017-02",
            "price": "9.07",
            "revenue": 421471
        },
        "2017-03": {
            "month": "2017-03",
            "price": "9.13",
            "revenue": 392048
        },
        "2017-04": {
            "month": "2017-04",
            "price": "9.15",
            "revenue": 302200
        },
        "2017-05": {
            "month": "2017-05",
            "price": "9.11",
            "revenue": 485180
        },
        "2017-06": {
            "month": "2017-06",
            "price": "9.02",
            "revenue": 309094
        },
        "2017-07": {
            "month": "2017-07",
            "price": "8.90",
            "revenue": 238853
        },
        "2017-08": {
            "month": "2017-08",
            "price": "8.59",
            "revenue": 290280
        },
        "2017-09": {
            "month": "2017-09",
            "price": "8.60",
            "revenue": 242954
        },
        "2017-10": {
            "month": "2017-10",
            "price": "8.57",
            "revenue": 335996
        },
        "2017-11": {
            "month": "2017-11",
            "price": "8.21",
            "revenue": 269601
        },
        "2017-12": {
            "month": "2017-12",
            "price": "8.17",
            "revenue": 364012
        },
        "2018-01": {
            "month": "2018-01",
            "price": "8.33",
            "revenue": 395038
        },
        "2018-02": {
            "month": "2018-02",
            "price": "8.21",
            "revenue": 244682
        },
        "2018-03": {
            "month": "2018-03",
            "price": "8.29",
            "revenue": 267283
        },
        "2018-04": {
            "month": "2018-04",
            "price": "8.11",
            "revenue": 417198
        },
        "2018-05": {
            "month": "2018-05",
            "price": "8.11",
            "revenue": 574172
        },
        "2018-06": {
            "month": "2018-06",
            "price": "8.07",
            "revenue": 310996
        },
        "2018-07": {
            "month": "2018-07",
            "price": "8.08",
            "revenue": 400839
        },
        "2018-08": {
            "month": "2018-08",
            "price": "8.03",
            "revenue": 306467
        },
        "2018-09": {
            "month": "2018-09",
            "price": "7.96",
            "revenue": 356716
        },
        "2018-10": {
            "month": "2018-10",
            "price": "7.84",
            "revenue": 363430
        },
        "2018-11": {
            "month": "2018-11",
            "price": "7.91",
            "revenue": 392524
        },
        "2018-12": {
            "month": "2018-12",
            "price": "7.75",
            "revenue": 418368
        },
        "2019-01": {
            "month": "2019-01",
            "price": "7.65",
            "revenue": 409833
        },
        "2019-02": {
            "month": "2019-02",
            "price": "7.70",
            "revenue": 269750
        },
        "2019-03": {
            "month": "2019-03",
            "price": "7.72",
            "revenue": 424581
        },
        "2019-04": {
            "month": "2019-04",
            "price": "7.45",
            "revenue": 473278
        },
        "2019-05": {
            "month": "2019-05",
            "price": "7.46",
            "revenue": 476280
        },
        "2019-06": {
            "month": "2019-06",
            "price": "7.43",
            "revenue": 478819
        },
        "2019-07": {
            "month": "2019-07",
            "price": "7.43",
            "revenue": 463455
        },
        "2019-08": {
            "month": "2019-08",
            "price": "7.24",
            "revenue": 409589
        },
        "2019-09": {
            "month": "2019-09",
            "price": "7.26",
            "revenue": 513385
        },
        "2019-10": {
            "month": "2019-10",
            "price": "7.67",
            "revenue": 536266
        },
        "2019-11": {
            "month": "2019-11",
            "price": "7.54",
            "revenue": 623253
        },
        "2019-12": {
            "month": "2019-12",
            "price": "7.39",
            "revenue": 618318
        },
        "2020-01": {
            "month": "2020-01",
            "price": "7.21",
            "revenue": 357976
        },
        "2020-02": {
            "month": "2020-02",
            "price": "7.14",
            "revenue": 438554
        },
        "2020-03": {
            "month": "2020-03",
            "price": "6.90",
            "revenue": 442966
        },
        "2020-04": {
            "month": "2020-04",
            "price": "6.73",
            "revenue": 502986
        },
        "2020-05": {
            "month": "2020-05",
            "price": "6.62",
            "revenue": 530748
        },
        "2020-06": {
            "month": "2020-06",
            "price": "6.56",
            "revenue": 526159
        },
        "2020-07": {
            "month": "2020-07",
            "price": "6.47",
            "revenue": 511797
        },
        "2020-08": {
            "month": "2020-08",
            "price": "6.37",
            "revenue": 612242
        },
        "2020-09": {
            "month": "2020-09",
            "price": "6.87",
            "revenue": 596821
        },
        "2020-10": {
            "month": "2020-10",
            "price": "7.04",
            "revenue": 630913
        },
        "2020-11": {
            "month": "2020-11",
            "price": "7.06",
            "revenue": 696573
        },
        "2020-12": {
            "month": "2020-12",
            "price": "7.14",
            "revenue": 558483
        },
        "2021-01": {
            "month": "2021-01",
            "price": "7.05",
            "revenue": 510730
        },
        "2021-02": {
            "month": "2021-02",
            "price": "6.92",
            "revenue": 407708
        },
        "2021-03": {
            "month": "2021-03",
            "price": "7.00",
            "revenue": 598953
        },
        "2021-04": {
            "month": "2021-04",
            "price": "7.97",
            "revenue": 664031
        },
        "2021-05": {
            "month": "2021-05",
            "price": "7.97",
            "revenue": 644338
        },
        "2021-06": {
            "month": "2021-06",
            "price": "7.59",
            "revenue": 679210
        },
        "2021-07": {
            "month": "2021-07",
            "price": "7.63",
            "revenue": 742951
        },
        "2021-08": {
            "month": "2021-08",
            "price": "7.47",
            "revenue": 754119
        },
        "2021-09": {
            "month": "2021-09",
            "price": "7.67",
            "revenue": 682361
        },
        "2021-10": {
            "month": "2021-10",
            "price": "7.53",
            "revenue": 627647
        },
        "2021-11": {
            "month": "2021-11",
            "price": "7.67",
            "revenue": 833656
        },
        "2021-12": {
            "month": "2021-12",
            "price": "7.72",
            "revenue": 856752
        },
        "2022-01": {
            "month": "2022-01",
            "price": "7.66",
            "revenue": 695268
        },
        "2022-02": {
            "month": "2022-02",
            "price": "7.67",
            "revenue": 429752
        },
        "2022-03": {
            "month": "2022-03",
            "price": "7.64",
            "revenue": 773767
        },
        "2022-04": {
            "month": "2022-04",
            "price": "9.02",
            "revenue": 771186
        },
        "2022-05": {
            "month": "2022-05",
            "price": "8.51",
            "revenue": 602071
        },
        "2022-06": {
            "month": "2022-06",
            "price": "9.12",
            "revenue": 714637
        },
        "2022-07": {
            "month": "2022-07",
            "price": "8.27",
            "revenue": 633839
        },
        "2022-08": {
            "month": "2022-08",
            "price": "9.21",
            "revenue": 717050
        },
        "2022-09": {
            "month": "2022-09",
            "price": "9.08",
            "revenue": 727784
        },
        "2022-10": {
            "month": "2022-10",
            "price": "8.43",
            "revenue": 695404
        },
        "2022-11": {
            "month": "2022-11",
            "price": "8.49",
            "revenue": 870195
        },
        "2022-12": {
            "month": "2022-12",
            "price": "8.91",
            "revenue": 817367
        },
        "2023-01": {
            "month": "2023-01",
            "price": "9.07",
            "revenue": 492713
        },
        "2023-02": {
            "month": "2023-02",
            "price": "9.06",
            "revenue": 727179
        },
        "2023-03": {
            "month": "2023-03",
            "price": "9.22",
            "revenue": 876646
        },
        "2023-04": {
            "month": "2023-04",
            "price": "9.44",
            "revenue": 874926
        },
        "2023-05": {
            "month": "2023-05",
            "price": "9.52",
            "revenue": 871146
        }
    }
}
