{
    "summary": {
        "stock_name": "皇翔",
        "stock_id": "2545",
        "category": "建材營造",
        "main_business": "委託營造廠商興建住宅、商業大樓出租出售業務<br>有關建材之買賣及進出口業務",
        "website_url": "http://www.hhe.com.tw",
        "ceo": "廖宇祥",
        "pe_ratio": 100,
        "report_year_from": 2001,
        "report_year_to": 2023,
        "age": 23,
        "eps_negative_percentage": 9,
        "eps_growth_avg": {
            "last_all": 10.79,
            "last_2y": -27.61,
            "last_4y": -16.26,
            "last_8y": -7.18,
            "last_12y": 6.2,
            "last_16y": -3.87,
            "last_20y": 10.79,
            "at_2006_last_3y": 73.09,
            "at_2007_last_3y": 50.66,
            "at_2008_last_3y": 13.57,
            "at_2009_last_3y": 9.82,
            "at_2010_last_3y": -36.61,
            "at_2011_last_3y": -1.5,
            "at_2012_last_3y": 35.59,
            "at_2013_last_3y": 12.11,
            "at_2014_last_3y": 36.32,
            "at_2015_last_3y": -12.43,
            "at_2016_last_3y": -12.43,
            "at_2017_last_3y": -18.06,
            "at_2018_last_3y": 4.16,
            "at_2019_last_3y": 3.3,
            "at_2020_last_3y": 3.3,
            "at_2021_last_3y": 35.31,
            "at_2022_last_3y": 4.68,
            "at_2023_last_3y": 4.3,
            "at_2024_last_3y": 4.3,
            "at_2006_last_all": 73.09,
            "at_2007_last_all": 50.38,
            "at_2008_last_all": 33.92,
            "at_2009_last_all": 33.09,
            "at_2010_last_all": 18.24,
            "at_2011_last_all": 27.32,
            "at_2012_last_all": 34.59,
            "at_2013_last_all": 25.46,
            "at_2014_last_all": 24.27,
            "at_2015_last_all": 15.09,
            "at_2016_last_all": 21.16,
            "at_2017_last_all": 13.86,
            "at_2018_last_all": 19.24,
            "at_2019_last_all": 12.32,
            "at_2020_last_all": 17.19,
            "at_2021_last_all": 18.37,
            "at_2022_last_all": 16.33,
            "at_2023_last_all": 10.79,
            "at_2024_last_all": 10.79
        },
        "latest_eps": 0.36,
        "latest_price": 43.1,
        "latest_roe": 1.05,
        "latest_gross_margin": 39.54,
        "latest_equity": 10675391,
        "latest_revenue": 847988,
        "latest_gross_profit": 335318,
        "latest_net_income": 157296,
        "latest_debt_ratio": 79.41,
        "latest_current_ratio": 126.16,
        "latest_account_receivable_turnover_ratio": 4.68,
        "latest_inventory_turnover_ratio": 0.02,
        "latest_reinvestment_rate": 38.06,
        "latest_research_to_sale_ratio": null
    },
    "eps_dividends": {
        "1999": {
            "cash": 0,
            "stock": 2,
            "eps": 0
        },
        "2000": {
            "cash": 0.5,
            "stock": 1.5,
            "eps": 0
        },
        "2001": {
            "cash": 0.6,
            "stock": 0.3,
            "eps": -0.49
        },
        "2002": {
            "cash": 0,
            "stock": 0,
            "eps": 0.69
        },
        "2003": {
            "cash": 0.6,
            "stock": 0.4,
            "eps": 1.03
        },
        "2004": {
            "cash": 0,
            "stock": 1.2,
            "eps": 3.69
        },
        "2005": {
            "cash": 1,
            "stock": 2,
            "eps": 5.28
        },
        "2006": {
            "cash": 3,
            "stock": 1,
            "eps": 11.22
        },
        "2007": {
            "cash": 7,
            "stock": 0,
            "eps": 6.68
        },
        "2008": {
            "cash": 1,
            "stock": 3,
            "eps": 3.45
        },
        "2009": {
            "cash": 0,
            "stock": 1.5,
            "eps": 4.42
        },
        "2010": {
            "cash": 2.5,
            "stock": 0,
            "eps": 0.63
        },
        "2011": {
            "cash": 4.5,
            "stock": 0,
            "eps": 4.18
        },
        "2012": {
            "cash": 0,
            "stock": 0,
            "eps": 14.77
        },
        "2013": {
            "cash": 7.5,
            "stock": 0,
            "eps": 5.05
        },
        "2014": {
            "cash": 4,
            "stock": 0,
            "eps": 5.61
        },
        "2015": {
            "cash": 4,
            "stock": 0,
            "eps": 0.28
        },
        "2016": {
            "cash": 1.2,
            "stock": 0,
            "eps": 6
        },
        "2017": {
            "cash": 4.5,
            "stock": 0,
            "eps": 0.7
        },
        "2018": {
            "cash": 1.5,
            "stock": 0,
            "eps": 2.59
        },
        "2019": {
            "cash": 1.8,
            "stock": 0,
            "eps": 0.04
        },
        "2020": {
            "cash": 1.2,
            "stock": 0,
            "eps": 5.34
        },
        "2021": {
            "cash": 4.5,
            "stock": 0,
            "eps": 7.46
        },
        "2022": {
            "cash": 6.3,
            "stock": 0,
            "eps": 5.78
        },
        "2023": {
            "cash": 4.6,
            "stock": 0,
            "eps": -0.13
        }
    },
    "dividends": {
        "1999-03-03": {
            "cash": 0,
            "stock": 2
        },
        "2000-04-19": {
            "cash": 0.5,
            "stock": 1.5
        },
        "2001-05-18": {
            "cash": 0.6,
            "stock": 0.3
        },
        "2003-02-24": {
            "cash": 0.6,
            "stock": 0.4
        },
        "2004-02-16": {
            "cash": 0,
            "stock": 1.2
        },
        "2005-03-16": {
            "cash": 1,
            "stock": 2
        },
        "2006-03-06": {
            "cash": 3,
            "stock": 1
        },
        "2007-03-07": {
            "cash": 7,
            "stock": 0
        },
        "2008-04-07": {
            "cash": 1,
            "stock": 3
        },
        "2009-03-13": {
            "cash": 0,
            "stock": 1.5
        },
        "2010-03-18": {
            "cash": 2.5,
            "stock": 0
        },
        "2011-01-01": {
            "cash": 3,
            "stock": 0
        },
        "2011-03-11": {
            "cash": 1.5,
            "stock": 0
        },
        "2013-03-01": {
            "cash": 7.5,
            "stock": 0
        },
        "2014-06-06": {
            "cash": 4,
            "stock": 0
        },
        "2015-08-20": {
            "cash": 4,
            "stock": 0
        },
        "2016-08-11": {
            "cash": 1.2,
            "stock": 0
        },
        "2017-08-24": {
            "cash": 4.5,
            "stock": 0
        },
        "2018-08-31": {
            "cash": 1.5,
            "stock": 0
        },
        "2019-08-30": {
            "cash": 1.8,
            "stock": 0
        },
        "2020-08-26": {
            "cash": 1.2,
            "stock": 0
        },
        "2021-09-10": {
            "cash": 4.5,
            "stock": 0
        },
        "2022-07-08": {
            "cash": 6.3,
            "stock": 0
        },
        "2023-07-21": {
            "cash": 4.6,
            "stock": 0
        }
    },
    "prices": {
        "200101": "4.16",
        "200102": "5.35",
        "200103": "4.92",
        "200104": "4.94",
        "200105": "4.20",
        "200106": "3.69",
        "200107": "3.16",
        "200108": "3.06",
        "200109": "2.92",
        "200110": "2.81",
        "200111": "2.79",
        "200112": "3.01",
        "200201": "3.21",
        "200202": "3.12",
        "200203": "3.79",
        "200204": "6.47",
        "200205": "10.35",
        "200206": "10.81",
        "200207": "10.01",
        "200208": "8.33",
        "200209": "6.90",
        "200210": "6.07",
        "200211": "6.97",
        "200212": "7.24",
        "200301": "8.19",
        "200302": "7.57",
        "200303": "7.57",
        "200304": "7.42",
        "200305": "6.64",
        "200306": "7.58",
        "200307": "9.01",
        "200308": "10.42",
        "200309": "13.80",
        "200310": "15.21",
        "200311": "16.08",
        "200312": "16.67",
        "200401": "23.13",
        "200402": "28.76",
        "200403": "31.06",
        "200404": "27.31",
        "200405": "22.31",
        "200406": "28.27",
        "200407": "25.93",
        "200408": "25.67",
        "200409": "32.64",
        "200410": "35.21",
        "200411": "37.53",
        "200412": "39.98",
        "200501": "38.56",
        "200502": "37.56",
        "200503": "36.84",
        "200504": "29.75",
        "200505": "25.08",
        "200506": "30.29",
        "200507": "30.20",
        "200508": "24.70",
        "200509": "25.60",
        "200510": "23.32",
        "200511": "22.68",
        "200512": "25.69",
        "200601": "26.12",
        "200602": "25.45",
        "200603": "25.23",
        "200604": "30.73",
        "200605": "44.48",
        "200606": "56.62",
        "200607": "69.70",
        "200608": "62.77",
        "200609": "51.83",
        "200610": "63.42",
        "200611": "68.24",
        "200612": "72.62",
        "200701": "69.09",
        "200702": "75.67",
        "200703": "74.59",
        "200704": "78.38",
        "200705": "81.46",
        "200706": "80.00",
        "200707": "87.93",
        "200708": "77.06",
        "200709": "67.36",
        "200710": "63.10",
        "200711": "56.35",
        "200712": "46.15",
        "200801": "62.00",
        "200802": "76.41",
        "200803": "83.97",
        "200804": "95.97",
        "200805": "84.75",
        "200806": "68.27",
        "200807": "54.14",
        "200808": "40.44",
        "200809": "26.36",
        "200810": "13.92",
        "200811": "11.72",
        "200812": "12.33",
        "200901": "12.06",
        "200902": "11.54",
        "200903": "13.92",
        "200904": "26.46",
        "200905": "46.28",
        "200906": "60.11",
        "200907": "71.64",
        "200908": "59.53",
        "200909": "67.41",
        "200910": "69.67",
        "200911": "60.48",
        "200912": "59.23",
        "201001": "62.15",
        "201002": "48.91",
        "201003": "54.58",
        "201004": "59.20",
        "201005": "49.44",
        "201006": "48.57",
        "201007": "49.97",
        "201008": "60.84",
        "201009": "65.01",
        "201010": "65.91",
        "201011": "83.72",
        "201012": "89.81",
        "201101": "87.38",
        "201102": "81.85",
        "201103": "70.05",
        "201104": "74.91",
        "201105": "79.74",
        "201106": "79.22",
        "201107": "82.71",
        "201108": "69.60",
        "201109": "61.20",
        "201110": "62.06",
        "201111": "57.99",
        "201112": "43.87",
        "201201": "46.87",
        "201202": "53.92",
        "201203": "60.05",
        "201204": "56.78",
        "201205": "61.77",
        "201206": "61.41",
        "201207": "58.31",
        "201208": "62.77",
        "201209": "76.77",
        "201210": "73.20",
        "201211": "72.36",
        "201212": "73.21",
        "201301": "75.66",
        "201302": "76.06",
        "201303": "77.92",
        "201304": "77.22",
        "201305": "79.16",
        "201306": "77.86",
        "201307": "70.74",
        "201308": "69.38",
        "201309": "65.58",
        "201310": "61.16",
        "201311": "58.84",
        "201312": "55.21",
        "201401": "50.24",
        "201402": "50.89",
        "201403": "50.78",
        "201404": "50.07",
        "201405": "46.71",
        "201406": "45.65",
        "201407": "40.87",
        "201408": "38.37",
        "201409": "40.11",
        "201410": "38.79",
        "201411": "39.64",
        "201412": "46.47",
        "201501": "45.58",
        "201502": "45.31",
        "201503": "44.38",
        "201504": "43.88",
        "201505": "42.00",
        "201506": "39.17",
        "201507": "37.58",
        "201508": "26.79",
        "201509": "26.85",
        "201510": "26.81",
        "201511": "25.68",
        "201512": "24.63",
        "201601": "20.72",
        "201602": "24.00",
        "201603": "29.34",
        "201604": "28.81",
        "201605": "30.29",
        "201606": "36.87",
        "201607": "37.06",
        "201608": "37.81",
        "201609": "39.67",
        "201610": "38.48",
        "201611": "39.12",
        "201612": "40.02",
        "201701": "38.62",
        "201702": "40.34",
        "201703": "43.35",
        "201704": "44.61",
        "201705": "42.35",
        "201706": "42.16",
        "201707": "41.62",
        "201708": "34.14",
        "201709": "29.20",
        "201710": "30.64",
        "201711": "30.88",
        "201712": "30.34",
        "201801": "31.25",
        "201802": "29.73",
        "201803": "29.43",
        "201804": "28.74",
        "201805": "27.97",
        "201806": "28.16",
        "201807": "26.89",
        "201808": "26.48",
        "201809": "26.75",
        "201810": "25.76",
        "201811": "24.22",
        "201812": "25.53",
        "201901": "26.26",
        "201902": "26.08",
        "201903": "25.98",
        "201904": "27.77",
        "201905": "28.15",
        "201906": "30.15",
        "201907": "31.43",
        "201908": "30.57",
        "201909": "30.67",
        "201910": "32.91",
        "201911": "35.14",
        "201912": "38.37",
        "202001": "39.41",
        "202002": "34.73",
        "202003": "29.30",
        "202004": "31.00",
        "202005": "33.39",
        "202006": "35.12",
        "202007": "36.31",
        "202008": "36.90",
        "202009": "38.25",
        "202010": "39.44",
        "202011": "39.11",
        "202012": "37.98",
        "202101": "36.86",
        "202102": "35.73",
        "202103": "39.32",
        "202104": "43.59",
        "202105": "40.87",
        "202106": "42.20",
        "202107": "43.07",
        "202108": "41.92",
        "202109": "37.66",
        "202110": "36.97",
        "202111": "37.69",
        "202112": "37.12",
        "202201": "38.59",
        "202202": "40.54",
        "202203": "47.11",
        "202204": "55.99",
        "202205": "53.63",
        "202206": "50.13",
        "202207": "41.81",
        "202208": "44.74",
        "202209": "42.30",
        "202210": "39.34",
        "202211": "41.13",
        "202212": "41.04",
        "202301": "40.58",
        "202302": "43.30",
        "202303": "45.14",
        "202304": "46.03",
        "202305": "46.23",
        "202306": "45.22",
        "202307": "39.83",
        "202308": "39.24",
        "202309": "39.30",
        "202310": "38.58",
        "202311": "39.13",
        "202312": "41.42"
    },
    "quarters": {
        "20011": {
            "year_quarter": 20011,
            "year": 2001,
            "quarter": 1,
            "eps": -0.01,
            "eps_growth_year": -102.86,
            "eps_4q": 0.31,
            "eps_4q_growth_year": -82.21,
            "roe": -0.1,
            "roe_4q": -0.1,
            "gross_profit": 10589,
            "gross_margin": 7.42,
            "gross_margin_4q_avg": 7.42,
            "net_income": -1826,
            "net_income_4q": null,
            "revenue": 142655,
            "revenue_4q": null,
            "common_shares": 1338600,
            "book_valuer_per_share": 12.95,
            "book_valuer_per_share_4q_avg": 12.95,
            "equity": 1733383,
            "current_ratio": 214.06,
            "debt_ratio": 37.02,
            "inventory_turnover_ratio": 0.07,
            "account_receivable_turnover_ratio": null,
            "reinvestment_rate": null,
            "research_to_sale_ratio": null,
            "price_fair": 0,
            "eps_avg_yearly": 0,
            "eps_latest_yearly": 0,
            "eps_growth_yearly": 0
        },
        "20012": {
            "year_quarter": 20012,
            "year": 2001,
            "quarter": 2,
            "eps": -0.16,
            "eps_growth_year": -140,
            "eps_4q": -0.12,
            "eps_4q_growth_year": -109.33,
            "roe": -1.21,
            "roe_4q": -1.31,
            "gross_profit": 1067,
            "gross_margin": 1.39,
            "gross_margin_4q_avg": 4.41,
            "net_income": -20414,
            "net_income_4q": null,
            "revenue": 76708,
            "revenue_4q": null,
            "common_shares": 1317071,
            "book_valuer_per_share": 12.39,
            "book_valuer_per_share_4q_avg": 12.67,
            "equity": 1632208,
            "current_ratio": 180.7,
            "debt_ratio": 43.42,
            "inventory_turnover_ratio": 0.04,
            "account_receivable_turnover_ratio": null,
            "reinvestment_rate": null,
            "research_to_sale_ratio": null,
            "price_fair": 0,
            "eps_avg_yearly": 0,
            "eps_latest_yearly": 0,
            "eps_growth_yearly": 0
        },
        "20013": {
            "year_quarter": 20013,
            "year": 2001,
            "quarter": 3,
            "eps": -0.24,
            "eps_growth_year": -164.86,
            "eps_4q": -0.73,
            "eps_4q_growth_year": -145.38,
            "roe": -1.87,
            "roe_4q": -3.18,
            "gross_profit": -9451,
            "gross_margin": -12.07,
            "gross_margin_4q_avg": -1.09,
            "net_income": -30310,
            "net_income_4q": null,
            "revenue": 78282,
            "revenue_4q": null,
            "common_shares": 1317071,
            "book_valuer_per_share": 12.16,
            "book_valuer_per_share_4q_avg": 12.5,
            "equity": 1601898,
            "current_ratio": 177.81,
            "debt_ratio": 44.2,
            "inventory_turnover_ratio": 0.04,
            "account_receivable_turnover_ratio": null,
            "reinvestment_rate": null,
            "research_to_sale_ratio": null,
            "price_fair": 0,
            "eps_avg_yearly": 0,
            "eps_latest_yearly": 0,
            "eps_growth_yearly": 0
        },
        "20014": {
            "year_quarter": 20014,
            "year": 2001,
            "quarter": 4,
            "eps": -0.08,
            "eps_growth_year": null,
            "eps_4q": -0.44,
            "eps_4q_growth_year": -159.48,
            "roe": -0.67,
            "roe_4q": -3.85,
            "gross_profit": 3405,
            "gross_margin": 3.99,
            "gross_margin_4q_avg": 0.18,
            "net_income": -10775,
            "net_income_4q": null,
            "revenue": 85281,
            "revenue_4q": null,
            "common_shares": 1317071,
            "book_valuer_per_share": 12.08,
            "book_valuer_per_share_4q_avg": 12.4,
            "equity": 1594354,
            "current_ratio": 151.08,
            "debt_ratio": 49.01,
            "inventory_turnover_ratio": 0.04,
            "account_receivable_turnover_ratio": null,
            "reinvestment_rate": null,
            "research_to_sale_ratio": null,
            "price_fair": 0,
            "eps_avg_yearly": 0,
            "eps_latest_yearly": 0,
            "eps_growth_yearly": 0
        },
        "20021": {
            "year_quarter": 20021,
            "year": 2002,
            "quarter": 1,
            "eps": 0.42,
            "eps_growth_year": null,
            "eps_4q": -0.04,
            "eps_4q_growth_year": -113.89,
            "roe": 3.44,
            "roe_4q": -0.31000000000000005,
            "gross_profit": 88714,
            "gross_margin": 19.84,
            "gross_margin_4q_avg": 3.29,
            "net_income": 55742,
            "net_income_4q": null,
            "revenue": 447119,
            "revenue_4q": null,
            "common_shares": 1317071,
            "book_valuer_per_share": 12.5,
            "book_valuer_per_share_4q_avg": 12.28,
            "equity": 1646865,
            "current_ratio": 182.71,
            "debt_ratio": 41.37,
            "inventory_turnover_ratio": 0.18,
            "account_receivable_turnover_ratio": null,
            "reinvestment_rate": null,
            "research_to_sale_ratio": null,
            "price_fair": 0,
            "eps_avg_yearly": 0,
            "eps_latest_yearly": 0,
            "eps_growth_yearly": 0
        },
        "20022": {
            "year_quarter": 20022,
            "year": 2002,
            "quarter": 2,
            "eps": 0.71,
            "eps_growth_year": null,
            "eps_4q": 0.82,
            "eps_4q_growth_year": null,
            "roe": 5.51,
            "roe_4q": 6.409999999999999,
            "gross_profit": 178673,
            "gross_margin": 21,
            "gross_margin_4q_avg": 8.19,
            "net_income": 93238,
            "net_income_4q": null,
            "revenue": 850737,
            "revenue_4q": null,
            "common_shares": 1317071,
            "book_valuer_per_share": 13.18,
            "book_valuer_per_share_4q_avg": 12.48,
            "equity": 1735619,
            "current_ratio": 199.51,
            "debt_ratio": 37.36,
            "inventory_turnover_ratio": 0.37,
            "account_receivable_turnover_ratio": null,
            "reinvestment_rate": null,
            "research_to_sale_ratio": null,
            "price_fair": 99.4,
            "eps_avg_yearly": 2.84,
            "eps_latest_yearly": 2.84,
            "eps_growth_yearly": 276.19
        },
        "20023": {
            "year_quarter": 20023,
            "year": 2002,
            "quarter": 3,
            "eps": -0.14,
            "eps_growth_year": null,
            "eps_4q": 0.92,
            "eps_4q_growth_year": null,
            "roe": -1.06,
            "roe_4q": 7.219999999999999,
            "gross_profit": 4777,
            "gross_margin": 7.46,
            "gross_margin_4q_avg": 13.07,
            "net_income": -18291,
            "net_income_4q": null,
            "revenue": 64032,
            "revenue_4q": null,
            "common_shares": 1308721,
            "book_valuer_per_share": 13.12,
            "book_valuer_per_share_4q_avg": 12.72,
            "equity": 1717328,
            "current_ratio": 183.22,
            "debt_ratio": 40.23,
            "inventory_turnover_ratio": 0.03,
            "account_receivable_turnover_ratio": null,
            "reinvestment_rate": null,
            "research_to_sale_ratio": null,
            "price_fair": 99.4,
            "eps_avg_yearly": 2.84,
            "eps_latest_yearly": 2.84,
            "eps_growth_yearly": 276.19
        },
        "20024": {
            "year_quarter": 20024,
            "year": 2002,
            "quarter": 4,
            "eps": -0.3,
            "eps_growth_year": null,
            "eps_4q": 0.69,
            "eps_4q_growth_year": null,
            "roe": -2.32,
            "roe_4q": 5.57,
            "gross_profit": -16342,
            "gross_margin": -23.63,
            "gross_margin_4q_avg": 6.17,
            "net_income": -39419,
            "net_income_4q": null,
            "revenue": 69160,
            "revenue_4q": null,
            "common_shares": 1308721,
            "book_valuer_per_share": 12.82,
            "book_valuer_per_share_4q_avg": 12.91,
            "equity": 1684006,
            "current_ratio": 139.55,
            "debt_ratio": 46.28,
            "inventory_turnover_ratio": 0.05,
            "account_receivable_turnover_ratio": null,
            "reinvestment_rate": 91.77,
            "research_to_sale_ratio": null,
            "price_fair": 99.4,
            "eps_avg_yearly": 2.84,
            "eps_latest_yearly": 2.84,
            "eps_growth_yearly": 276.19
        },
        "20031": {
            "year_quarter": 20031,
            "year": 2003,
            "quarter": 1,
            "eps": -0.19,
            "eps_growth_year": -145.24,
            "eps_4q": 0.09,
            "eps_4q_growth_year": null,
            "roe": -1.47,
            "roe_4q": 0.6600000000000001,
            "gross_profit": -381,
            "gross_margin": -0.92,
            "gross_margin_4q_avg": 0.98,
            "net_income": -24529,
            "net_income_4q": null,
            "revenue": 41278,
            "revenue_4q": null,
            "common_shares": 1308721,
            "book_valuer_per_share": 12.63,
            "book_valuer_per_share_4q_avg": 12.94,
            "equity": 1653380,
            "current_ratio": 147.13,
            "debt_ratio": 52.68,
            "inventory_turnover_ratio": 0.02,
            "account_receivable_turnover_ratio": null,
            "reinvestment_rate": 122.52,
            "research_to_sale_ratio": null,
            "price_fair": 99.4,
            "eps_avg_yearly": 2.84,
            "eps_latest_yearly": 2.84,
            "eps_growth_yearly": 276.19
        },
        "20032": {
            "year_quarter": 20032,
            "year": 2003,
            "quarter": 2,
            "eps": 1.01,
            "eps_growth_year": 42.25,
            "eps_4q": 0.38,
            "eps_4q_growth_year": -53.73,
            "roe": 7.86,
            "roe_4q": 3.0100000000000002,
            "gross_profit": 178706,
            "gross_margin": 21.04,
            "gross_margin_4q_avg": 0.99,
            "net_income": 131869,
            "net_income_4q": null,
            "revenue": 849195,
            "revenue_4q": null,
            "common_shares": 1308721,
            "book_valuer_per_share": 13.02,
            "book_valuer_per_share_4q_avg": 12.9,
            "equity": 1703454,
            "current_ratio": 139.65,
            "debt_ratio": 57.51,
            "inventory_turnover_ratio": 0.24,
            "account_receivable_turnover_ratio": null,
            "reinvestment_rate": 103.02,
            "research_to_sale_ratio": null,
            "price_fair": 99.4,
            "eps_avg_yearly": 2.84,
            "eps_latest_yearly": 2.84,
            "eps_growth_yearly": 276.19
        },
        "20033": {
            "year_quarter": 20033,
            "year": 2003,
            "quarter": 3,
            "eps": 0.19,
            "eps_growth_year": null,
            "eps_4q": 0.68,
            "eps_4q_growth_year": -25.61,
            "roe": 1.53,
            "roe_4q": 5.600000000000001,
            "gross_profit": 59325,
            "gross_margin": 18.92,
            "gross_margin_4q_avg": 3.85,
            "net_income": 26251,
            "net_income_4q": null,
            "revenue": 313476,
            "revenue_4q": null,
            "common_shares": 1361070,
            "book_valuer_per_share": 12.71,
            "book_valuer_per_share_4q_avg": 12.8,
            "equity": 1729705,
            "current_ratio": 137.51,
            "debt_ratio": 60.16,
            "inventory_turnover_ratio": 0.08,
            "account_receivable_turnover_ratio": null,
            "reinvestment_rate": 88,
            "research_to_sale_ratio": null,
            "price_fair": 5.4,
            "eps_avg_yearly": 1.8,
            "eps_latest_yearly": 0.76,
            "eps_growth_yearly": -24.28
        },
        "20034": {
            "year_quarter": 20034,
            "year": 2003,
            "quarter": 4,
            "eps": 0.02,
            "eps_growth_year": null,
            "eps_4q": 0.83,
            "eps_4q_growth_year": 19.05,
            "roe": 0.19,
            "roe_4q": 8.11,
            "gross_profit": 31475,
            "gross_margin": 22.13,
            "gross_margin_4q_avg": 15.29,
            "net_income": 3316,
            "net_income_4q": null,
            "revenue": 142243,
            "revenue_4q": null,
            "common_shares": 1361070,
            "book_valuer_per_share": 12.73,
            "book_valuer_per_share_4q_avg": 12.77,
            "equity": 1738125,
            "current_ratio": 131.34,
            "debt_ratio": 62.17,
            "inventory_turnover_ratio": 0.03,
            "account_receivable_turnover_ratio": null,
            "reinvestment_rate": 97,
            "research_to_sale_ratio": null,
            "price_fair": 3.68,
            "eps_avg_yearly": 1.23,
            "eps_latest_yearly": 0.08,
            "eps_growth_yearly": -135.49
        },
        "20041": {
            "year_quarter": 20041,
            "year": 2004,
            "quarter": 1,
            "eps": 0.16,
            "eps_growth_year": null,
            "eps_4q": 1.38,
            "eps_4q_growth_year": 1521.65,
            "roe": 1.21,
            "roe_4q": 10.79,
            "gross_profit": 58338,
            "gross_margin": 26.82,
            "gross_margin_4q_avg": 22.23,
            "net_income": 21144,
            "net_income_4q": null,
            "revenue": 217557,
            "revenue_4q": null,
            "common_shares": 1361070,
            "book_valuer_per_share": 12.88,
            "book_valuer_per_share_4q_avg": 12.84,
            "equity": 1753204,
            "current_ratio": 124.16,
            "debt_ratio": 69.99,
            "inventory_turnover_ratio": 0.04,
            "account_receivable_turnover_ratio": null,
            "reinvestment_rate": 114.38,
            "research_to_sale_ratio": null,
            "price_fair": 37.8,
            "eps_avg_yearly": 1.08,
            "eps_latest_yearly": 0.64,
            "eps_growth_yearly": 598.39
        },
        "20042": {
            "year_quarter": 20042,
            "year": 2004,
            "quarter": 2,
            "eps": 2.13,
            "eps_growth_year": 110.89,
            "eps_4q": 2.46,
            "eps_4q_growth_year": 547.68,
            "roe": 17,
            "roe_4q": 19.930000000000003,
            "gross_profit": 421431,
            "gross_margin": 34.05,
            "gross_margin_4q_avg": 25.48,
            "net_income": 325358,
            "net_income_4q": null,
            "revenue": 1237858,
            "revenue_4q": null,
            "common_shares": 1524399,
            "book_valuer_per_share": 13.6,
            "book_valuer_per_share_4q_avg": 12.98,
            "equity": 2073742,
            "current_ratio": 128.63,
            "debt_ratio": 69.11,
            "inventory_turnover_ratio": 0.16,
            "account_receivable_turnover_ratio": null,
            "reinvestment_rate": 54.95,
            "research_to_sale_ratio": null,
            "price_fair": 89.88,
            "eps_avg_yearly": 2.57,
            "eps_latest_yearly": 8.52,
            "eps_growth_yearly": 1463.71
        },
        "20043": {
            "year_quarter": 20043,
            "year": 2004,
            "quarter": 3,
            "eps": 0.79,
            "eps_growth_year": 315.79,
            "eps_4q": 3.07,
            "eps_4q_growth_year": 350.74,
            "roe": 5.67,
            "roe_4q": 24.070000000000004,
            "gross_profit": 189561,
            "gross_margin": 31.34,
            "gross_margin_4q_avg": 28.59,
            "net_income": 121088,
            "net_income_4q": null,
            "revenue": 604906,
            "revenue_4q": null,
            "common_shares": 1524399,
            "book_valuer_per_share": 14.4,
            "book_valuer_per_share_4q_avg": 13.4,
            "equity": 2194830,
            "current_ratio": 117.3,
            "debt_ratio": 79.21,
            "inventory_turnover_ratio": 0.06,
            "account_receivable_turnover_ratio": null,
            "reinvestment_rate": 56.11,
            "research_to_sale_ratio": null,
            "price_fair": 93.33,
            "eps_avg_yearly": 2.67,
            "eps_latest_yearly": 3.16,
            "eps_growth_yearly": 1177.82
        },
        "20044": {
            "year_quarter": 20044,
            "year": 2004,
            "quarter": 4,
            "eps": 0.61,
            "eps_growth_year": 2950,
            "eps_4q": 3.65,
            "eps_4q_growth_year": 342.51,
            "roe": 4.17,
            "roe_4q": 28.05,
            "gross_profit": 200401,
            "gross_margin": 29.84,
            "gross_margin_4q_avg": 30.51,
            "net_income": 93703,
            "net_income_4q": null,
            "revenue": 671674,
            "revenue_4q": null,
            "common_shares": 1524399,
            "book_valuer_per_share": 15.01,
            "book_valuer_per_share_4q_avg": 13.97,
            "equity": 2295463,
            "current_ratio": 116.01,
            "debt_ratio": 79.14,
            "inventory_turnover_ratio": 0.05,
            "account_receivable_turnover_ratio": null,
            "reinvestment_rate": 42.23,
            "research_to_sale_ratio": null,
            "price_fair": 92.2,
            "eps_avg_yearly": 2.63,
            "eps_latest_yearly": 2.44,
            "eps_growth_yearly": 996.54
        },
        "20051": {
            "year_quarter": 20051,
            "year": 2005,
            "quarter": 1,
            "eps": 0.42,
            "eps_growth_year": 162.5,
            "eps_4q": 3.93,
            "eps_4q_growth_year": 184.44,
            "roe": 2.78,
            "roe_4q": 29.619999999999997,
            "gross_profit": 147251,
            "gross_margin": 25.61,
            "gross_margin_4q_avg": 30.21,
            "net_income": 64636,
            "net_income_4q": null,
            "revenue": 574894,
            "revenue_4q": null,
            "common_shares": 1524399,
            "book_valuer_per_share": 15.44,
            "book_valuer_per_share_4q_avg": 14.61,
            "equity": 2353195,
            "current_ratio": 118.58,
            "debt_ratio": 79.05,
            "inventory_turnover_ratio": 0.05,
            "account_receivable_turnover_ratio": null,
            "reinvestment_rate": 21.78,
            "research_to_sale_ratio": null,
            "price_fair": 88.03,
            "eps_avg_yearly": 2.52,
            "eps_latest_yearly": 1.68,
            "eps_growth_yearly": 856.4
        },
        "20052": {
            "year_quarter": 20052,
            "year": 2005,
            "quarter": 2,
            "eps": 2.16,
            "eps_growth_year": 1.41,
            "eps_4q": 3.69,
            "eps_4q_growth_year": 49.89,
            "roe": 15.99,
            "roe_4q": 28.61,
            "gross_profit": 524503,
            "gross_margin": 43.88,
            "gross_margin_4q_avg": 32.67,
            "net_income": 394393,
            "net_income_4q": null,
            "revenue": 1195363,
            "revenue_4q": null,
            "common_shares": 1524399,
            "book_valuer_per_share": 16.92,
            "book_valuer_per_share_4q_avg": 15.44,
            "equity": 2579268,
            "current_ratio": 122.05,
            "debt_ratio": 76.82,
            "inventory_turnover_ratio": 0.07,
            "account_receivable_turnover_ratio": null,
            "reinvestment_rate": 10.89,
            "research_to_sale_ratio": null,
            "price_fair": 111.84,
            "eps_avg_yearly": 3.2,
            "eps_latest_yearly": 8.64,
            "eps_growth_yearly": 945.37
        },
        "20053": {
            "year_quarter": 20053,
            "year": 2005,
            "quarter": 3,
            "eps": 1.8,
            "eps_growth_year": 127.85,
            "eps_4q": 4.82,
            "eps_4q_growth_year": 56.74,
            "roe": 12.02,
            "roe_4q": 34.96,
            "gross_profit": 411538,
            "gross_margin": 41.17,
            "gross_margin_4q_avg": 35.13,
            "net_income": 329953,
            "net_income_4q": null,
            "revenue": 999605,
            "revenue_4q": null,
            "common_shares": 1829279,
            "book_valuer_per_share": 15.9,
            "book_valuer_per_share_4q_avg": 15.82,
            "equity": 2909222,
            "current_ratio": 122.35,
            "debt_ratio": 77.28,
            "inventory_turnover_ratio": 0.06,
            "account_receivable_turnover_ratio": null,
            "reinvestment_rate": 6.46,
            "research_to_sale_ratio": null,
            "price_fair": 125.86,
            "eps_avg_yearly": 3.6,
            "eps_latest_yearly": 7.2,
            "eps_growth_yearly": 844.16
        },
        "20054": {
            "year_quarter": 20054,
            "year": 2005,
            "quarter": 4,
            "eps": 0.9,
            "eps_growth_year": 47.54,
            "eps_4q": 5.19,
            "eps_4q_growth_year": 42.08,
            "roe": 5.52,
            "roe_4q": 36.31,
            "gross_profit": 351716,
            "gross_margin": 39.29,
            "gross_margin_4q_avg": 37.49,
            "net_income": 165458,
            "net_income_4q": null,
            "revenue": 895185,
            "revenue_4q": null,
            "common_shares": 1829279,
            "book_valuer_per_share": 16.81,
            "book_valuer_per_share_4q_avg": 16.27,
            "equity": 3080867,
            "current_ratio": 117.41,
            "debt_ratio": 79.09,
            "inventory_turnover_ratio": 0.05,
            "account_receivable_turnover_ratio": null,
            "reinvestment_rate": 15.62,
            "research_to_sale_ratio": null,
            "price_fair": 125.87,
            "eps_avg_yearly": 3.6,
            "eps_latest_yearly": 3.6,
            "eps_growth_yearly": 749.24
        },
        "20061": {
            "year_quarter": 20061,
            "year": 2006,
            "quarter": 1,
            "eps": 0.68,
            "eps_growth_year": 61.9,
            "eps_4q": 5.58,
            "eps_4q_growth_year": 41.92,
            "roe": 3.94,
            "roe_4q": 37.47,
            "gross_profit": 203941,
            "gross_margin": 40.24,
            "gross_margin_4q_avg": 41.15,
            "net_income": 123553,
            "net_income_4q": null,
            "revenue": 506805,
            "revenue_4q": null,
            "common_shares": 1829279,
            "book_valuer_per_share": 17.49,
            "book_valuer_per_share_4q_avg": 16.78,
            "equity": 3198592,
            "current_ratio": 127.2,
            "debt_ratio": 75.85,
            "inventory_turnover_ratio": 0.03,
            "account_receivable_turnover_ratio": null,
            "reinvestment_rate": 3.32,
            "research_to_sale_ratio": null,
            "price_fair": 123.32,
            "eps_avg_yearly": 3.52,
            "eps_latest_yearly": 2.72,
            "eps_growth_yearly": 678.66
        },
        "20062": {
            "year_quarter": 20062,
            "year": 2006,
            "quarter": 2,
            "eps": 0.64,
            "eps_growth_year": -70.37,
            "eps_4q": 3.72,
            "eps_4q_growth_year": 0.81,
            "roe": 4.33,
            "roe_4q": 25.81,
            "gross_profit": 189879,
            "gross_margin": 46.02,
            "gross_margin_4q_avg": 41.68,
            "net_income": 128613,
            "net_income_4q": null,
            "revenue": 412618,
            "revenue_4q": null,
            "common_shares": 1829279,
            "book_valuer_per_share": 15.02,
            "book_valuer_per_share_4q_avg": 16.31,
            "equity": 2747934,
            "current_ratio": 118.16,
            "debt_ratio": 81.82,
            "inventory_turnover_ratio": 0.02,
            "account_receivable_turnover_ratio": null,
            "reinvestment_rate": 8.01,
            "research_to_sale_ratio": null,
            "price_fair": 122.5,
            "eps_avg_yearly": 3.5,
            "eps_latest_yearly": 2.56,
            "eps_growth_yearly": 653.68
        },
        "20063": {
            "year_quarter": 20063,
            "year": 2006,
            "quarter": 3,
            "eps": 2.2,
            "eps_growth_year": 22.22,
            "eps_4q": 4.28,
            "eps_4q_growth_year": -11.12,
            "roe": 14.88,
            "roe_4q": 28.67,
            "gross_profit": 562690,
            "gross_margin": 37.19,
            "gross_margin_4q_avg": 40.69,
            "net_income": 441794,
            "net_income_4q": null,
            "revenue": 1513016,
            "revenue_4q": null,
            "common_shares": 2012206,
            "book_valuer_per_share": 15.85,
            "book_valuer_per_share_4q_avg": 16.29,
            "equity": 3189728,
            "current_ratio": 118.75,
            "debt_ratio": 81.68,
            "inventory_turnover_ratio": 0.07,
            "account_receivable_turnover_ratio": null,
            "reinvestment_rate": 4.79,
            "research_to_sale_ratio": null,
            "price_fair": 136.77,
            "eps_avg_yearly": 3.91,
            "eps_latest_yearly": 8.8,
            "eps_growth_yearly": 678.4
        },
        "20064": {
            "year_quarter": 20064,
            "year": 2006,
            "quarter": 4,
            "eps": 7.7,
            "eps_growth_year": 755.56,
            "eps_4q": 11.13,
            "eps_4q_growth_year": 114.48,
            "roe": 35.39,
            "roe_4q": 58.54,
            "gross_profit": 1886587,
            "gross_margin": 37.71,
            "gross_margin_4q_avg": 40.29,
            "net_income": 1555665,
            "net_income_4q": null,
            "revenue": 5002316,
            "revenue_4q": null,
            "common_shares": 2192206,
            "book_valuer_per_share": 25.51,
            "book_valuer_per_share_4q_avg": 18.47,
            "equity": 5602803,
            "current_ratio": 141.01,
            "debt_ratio": 68.72,
            "inventory_turnover_ratio": 0.21,
            "account_receivable_turnover_ratio": null,
            "reinvestment_rate": 5.55,
            "research_to_sale_ratio": null,
            "price_fair": 204,
            "eps_avg_yearly": 5.83,
            "eps_latest_yearly": 30.8,
            "eps_growth_yearly": 701.37
        },
        "20071": {
            "year_quarter": 20071,
            "year": 2007,
            "quarter": 1,
            "eps": 3.11,
            "eps_growth_year": 357.35,
            "eps_4q": 12.82,
            "eps_4q_growth_year": 129.79,
            "roe": 11.47,
            "roe_4q": 66.07000000000001,
            "gross_profit": 832268,
            "gross_margin": 36.6,
            "gross_margin_4q_avg": 39.38,
            "net_income": 681253,
            "net_income_4q": null,
            "revenue": 2273657,
            "revenue_4q": null,
            "common_shares": 2192206,
            "book_valuer_per_share": 28.61,
            "book_valuer_per_share_4q_avg": 21.25,
            "equity": 6272906,
            "current_ratio": 145.8,
            "debt_ratio": 66.55,
            "inventory_turnover_ratio": 0.09,
            "account_receivable_turnover_ratio": null,
            "reinvestment_rate": -0.23,
            "research_to_sale_ratio": null,
            "price_fair": 219.43,
            "eps_avg_yearly": 6.27,
            "eps_latest_yearly": 12.44,
            "eps_growth_yearly": 638.71
        },
        "20072": {
            "year_quarter": 20072,
            "year": 2007,
            "quarter": 2,
            "eps": 1.51,
            "eps_growth_year": 135.94,
            "eps_4q": 13.75,
            "eps_4q_growth_year": 269.66,
            "roe": 5.86,
            "roe_4q": 67.6,
            "gross_profit": 476286,
            "gross_margin": 39.93,
            "gross_margin_4q_avg": 37.86,
            "net_income": 330421,
            "net_income_4q": null,
            "revenue": 1192692,
            "revenue_4q": null,
            "common_shares": 2192206,
            "book_valuer_per_share": 22.87,
            "book_valuer_per_share_4q_avg": 23.21,
            "equity": 5013126,
            "current_ratio": 128.14,
            "debt_ratio": 75.64,
            "inventory_turnover_ratio": 0.04,
            "account_receivable_turnover_ratio": null,
            "reinvestment_rate": -0.6,
            "research_to_sale_ratio": null,
            "price_fair": 218.93,
            "eps_avg_yearly": 6.26,
            "eps_latest_yearly": 6.04,
            "eps_growth_yearly": 585.93
        },
        "20073": {
            "year_quarter": 20073,
            "year": 2007,
            "quarter": 3,
            "eps": 1.03,
            "eps_growth_year": -53.18,
            "eps_4q": 12.74,
            "eps_4q_growth_year": 197.8,
            "roe": 4.4,
            "roe_4q": 57.120000000000005,
            "gross_profit": 314496,
            "gross_margin": 37.84,
            "gross_margin_4q_avg": 38.02,
            "net_income": 225728,
            "net_income_4q": null,
            "revenue": 831078,
            "revenue_4q": null,
            "common_shares": 2192206,
            "book_valuer_per_share": 23.9,
            "book_valuer_per_share_4q_avg": 25.22,
            "equity": 5238854,
            "current_ratio": 120.64,
            "debt_ratio": 79.92,
            "inventory_turnover_ratio": 0.02,
            "account_receivable_turnover_ratio": null,
            "reinvestment_rate": -0.06,
            "research_to_sale_ratio": null,
            "price_fair": 226.28,
            "eps_avg_yearly": 6.47,
            "eps_latest_yearly": 4.12,
            "eps_growth_yearly": 598.28
        },
        "20074": {
            "year_quarter": 20074,
            "year": 2007,
            "quarter": 4,
            "eps": 1.03,
            "eps_growth_year": -86.62,
            "eps_4q": 6.66,
            "eps_4q_growth_year": -40.15,
            "roe": 4.22,
            "roe_4q": 25.950000000000003,
            "gross_profit": 434507,
            "gross_margin": 47.96,
            "gross_margin_4q_avg": 40.58,
            "net_income": 226216,
            "net_income_4q": null,
            "revenue": 905956,
            "revenue_4q": null,
            "common_shares": 2192206,
            "book_valuer_per_share": 24.93,
            "book_valuer_per_share_4q_avg": 25.08,
            "equity": 5480794,
            "current_ratio": 122.76,
            "debt_ratio": 78.7,
            "inventory_turnover_ratio": 0.02,
            "account_receivable_turnover_ratio": null,
            "reinvestment_rate": 2.05,
            "research_to_sale_ratio": null,
            "price_fair": 235.11,
            "eps_avg_yearly": 6.72,
            "eps_latest_yearly": 4.12,
            "eps_growth_yearly": 620.65
        },
        "20081": {
            "year_quarter": 20081,
            "year": 2008,
            "quarter": 1,
            "eps": 1.41,
            "eps_growth_year": -54.66,
            "eps_4q": 5,
            "eps_4q_growth_year": -60.99,
            "roe": 5.46,
            "roe_4q": 19.94,
            "gross_profit": 471433,
            "gross_margin": 49.92,
            "gross_margin_4q_avg": 43.91,
            "net_income": 307634,
            "net_income_4q": null,
            "revenue": 944292,
            "revenue_4q": null,
            "common_shares": 2192206,
            "book_valuer_per_share": 26.34,
            "book_valuer_per_share_4q_avg": 24.51,
            "equity": 5788427,
            "current_ratio": 124.55,
            "debt_ratio": 77.52,
            "inventory_turnover_ratio": 0.02,
            "account_receivable_turnover_ratio": null,
            "reinvestment_rate": 3.05,
            "research_to_sale_ratio": null,
            "price_fair": 246.05,
            "eps_avg_yearly": 7.03,
            "eps_latest_yearly": 5.64,
            "eps_growth_yearly": 454.87
        },
        "20082": {
            "year_quarter": 20082,
            "year": 2008,
            "quarter": 2,
            "eps": 0.29,
            "eps_growth_year": -80.79,
            "eps_4q": 3.79,
            "eps_4q_growth_year": -72.44,
            "roe": 1.08,
            "roe_4q": 15.16,
            "gross_profit": 260635,
            "gross_margin": 35.22,
            "gross_margin_4q_avg": 42.74,
            "net_income": 63085,
            "net_income_4q": null,
            "revenue": 739969,
            "revenue_4q": null,
            "common_shares": 2849868,
            "book_valuer_per_share": 20.45,
            "book_valuer_per_share_4q_avg": 23.91,
            "equity": 5840700,
            "current_ratio": 123.95,
            "debt_ratio": 77.91,
            "inventory_turnover_ratio": 0.02,
            "account_receivable_turnover_ratio": null,
            "reinvestment_rate": 3.17,
            "research_to_sale_ratio": null,
            "price_fair": 229.95,
            "eps_avg_yearly": 6.57,
            "eps_latest_yearly": 1.16,
            "eps_growth_yearly": 127.2
        },
        "20083": {
            "year_quarter": 20083,
            "year": 2008,
            "quarter": 3,
            "eps": 0.62,
            "eps_growth_year": -39.81,
            "eps_4q": 2.71,
            "eps_4q_growth_year": -78.75,
            "roe": 3.06,
            "roe_4q": 13.82,
            "gross_profit": 343934,
            "gross_margin": 30.24,
            "gross_margin_4q_avg": 40.84,
            "net_income": 177737,
            "net_income_4q": null,
            "revenue": 1137360,
            "revenue_4q": null,
            "common_shares": 2849868,
            "book_valuer_per_share": 20.22,
            "book_valuer_per_share_4q_avg": 22.99,
            "equity": 5775392,
            "current_ratio": 123.85,
            "debt_ratio": 78.64,
            "inventory_turnover_ratio": 0.03,
            "account_receivable_turnover_ratio": null,
            "reinvestment_rate": 5.08,
            "research_to_sale_ratio": null,
            "price_fair": 228.46,
            "eps_avg_yearly": 6.53,
            "eps_latest_yearly": 2.48,
            "eps_growth_yearly": 171.38
        },
        "20084": {
            "year_quarter": 20084,
            "year": 2008,
            "quarter": 4,
            "eps": 1.13,
            "eps_growth_year": 9.71,
            "eps_4q": 3.06,
            "eps_4q_growth_year": -54.02,
            "roe": 5.41,
            "roe_4q": 15.010000000000002,
            "gross_profit": 572352,
            "gross_margin": 27.42,
            "gross_margin_4q_avg": 35.7,
            "net_income": 321234,
            "net_income_4q": null,
            "revenue": 2087325,
            "revenue_4q": null,
            "common_shares": 2849868,
            "book_valuer_per_share": 21.34,
            "book_valuer_per_share_4q_avg": 22.09,
            "equity": 6096624,
            "current_ratio": 126.58,
            "debt_ratio": 77.46,
            "inventory_turnover_ratio": 0.06,
            "account_receivable_turnover_ratio": 12.75,
            "reinvestment_rate": -1.56,
            "research_to_sale_ratio": null,
            "price_fair": 233.01,
            "eps_avg_yearly": 6.66,
            "eps_latest_yearly": 4.52,
            "eps_growth_yearly": 197.64
        },
        "20091": {
            "year_quarter": 20091,
            "year": 2009,
            "quarter": 1,
            "eps": 0.63,
            "eps_growth_year": -55.32,
            "eps_4q": 2.62,
            "eps_4q_growth_year": -47.58,
            "roe": 2.88,
            "roe_4q": 12.43,
            "gross_profit": 356183,
            "gross_margin": 25.15,
            "gross_margin_4q_avg": 29.51,
            "net_income": 178397,
            "net_income_4q": null,
            "revenue": 1416375,
            "revenue_4q": null,
            "common_shares": 2849868,
            "book_valuer_per_share": 21.97,
            "book_valuer_per_share_4q_avg": 21,
            "equity": 6275021,
            "current_ratio": 127.8,
            "debt_ratio": 77.03,
            "inventory_turnover_ratio": 0.04,
            "account_receivable_turnover_ratio": 3.58,
            "reinvestment_rate": 4.19,
            "research_to_sale_ratio": null,
            "price_fair": 234.85,
            "eps_avg_yearly": 6.71,
            "eps_latest_yearly": 2.52,
            "eps_growth_yearly": 194.37
        },
        "20092": {
            "year_quarter": 20092,
            "year": 2009,
            "quarter": 2,
            "eps": 2.54,
            "eps_growth_year": 775.86,
            "eps_4q": 4.9,
            "eps_4q_growth_year": 29.29,
            "roe": 10.94,
            "roe_4q": 22.29,
            "gross_profit": 975386,
            "gross_margin": 34.61,
            "gross_margin_4q_avg": 29.36,
            "net_income": 726187,
            "net_income_4q": null,
            "revenue": 2818070,
            "revenue_4q": null,
            "common_shares": 3277348,
            "book_valuer_per_share": 21.31,
            "book_valuer_per_share_4q_avg": 21.21,
            "equity": 7001208,
            "current_ratio": 132.76,
            "debt_ratio": 74.84,
            "inventory_turnover_ratio": 0.07,
            "account_receivable_turnover_ratio": 5.4,
            "reinvestment_rate": 4.19,
            "research_to_sale_ratio": null,
            "price_fair": 238.18,
            "eps_avg_yearly": 6.81,
            "eps_latest_yearly": 10.16,
            "eps_growth_yearly": 166.59
        },
        "20093": {
            "year_quarter": 20093,
            "year": 2009,
            "quarter": 3,
            "eps": 1,
            "eps_growth_year": 61.29,
            "eps_4q": 4.73,
            "eps_4q_growth_year": 74.66,
            "roe": 4.57,
            "roe_4q": 23.8,
            "gross_profit": 582948,
            "gross_margin": 26.48,
            "gross_margin_4q_avg": 28.42,
            "net_income": 327786,
            "net_income_4q": null,
            "revenue": 2201055,
            "revenue_4q": null,
            "common_shares": 3277348,
            "book_valuer_per_share": 22.31,
            "book_valuer_per_share_4q_avg": 21.73,
            "equity": 7328993,
            "current_ratio": 137.95,
            "debt_ratio": 71.91,
            "inventory_turnover_ratio": 0.07,
            "account_receivable_turnover_ratio": 3.2,
            "reinvestment_rate": 5.22,
            "research_to_sale_ratio": null,
            "price_fair": 231.18,
            "eps_avg_yearly": 6.61,
            "eps_latest_yearly": 4,
            "eps_growth_yearly": 155.6
        },
        "20094": {
            "year_quarter": 20094,
            "year": 2009,
            "quarter": 4,
            "eps": 0.25,
            "eps_growth_year": -77.88,
            "eps_4q": 4,
            "eps_4q_growth_year": 30.69,
            "roe": 1.11,
            "roe_4q": 19.5,
            "gross_profit": 164286,
            "gross_margin": 24.41,
            "gross_margin_4q_avg": 27.66,
            "net_income": 81927,
            "net_income_4q": null,
            "revenue": 672905,
            "revenue_4q": null,
            "common_shares": 3277348,
            "book_valuer_per_share": 22.56,
            "book_valuer_per_share_4q_avg": 22.04,
            "equity": 7409059,
            "current_ratio": 136.35,
            "debt_ratio": 72.74,
            "inventory_turnover_ratio": 0.02,
            "account_receivable_turnover_ratio": 3.33,
            "reinvestment_rate": 14.51,
            "research_to_sale_ratio": null,
            "price_fair": 225.49,
            "eps_avg_yearly": 6.44,
            "eps_latest_yearly": 1,
            "eps_growth_yearly": 149.35
        },
        "20101": {
            "year_quarter": 20101,
            "year": 2010,
            "quarter": 1,
            "eps": -0.02,
            "eps_growth_year": -103.17,
            "eps_4q": 3.43,
            "eps_4q_growth_year": 31.05,
            "roe": -0.1,
            "roe_4q": 16.52,
            "gross_profit": 44334,
            "gross_margin": 21.17,
            "gross_margin_4q_avg": 26.67,
            "net_income": -7648,
            "net_income_4q": null,
            "revenue": 209397,
            "revenue_4q": null,
            "common_shares": 3277348,
            "book_valuer_per_share": 22.53,
            "book_valuer_per_share_4q_avg": 22.18,
            "equity": 7401411,
            "current_ratio": 133.61,
            "debt_ratio": 74.2,
            "inventory_turnover_ratio": 0.01,
            "account_receivable_turnover_ratio": 0.56,
            "reinvestment_rate": 17.84,
            "research_to_sale_ratio": null,
            "price_fair": 234.17,
            "eps_avg_yearly": 6.69,
            "eps_latest_yearly": 1,
            "eps_growth_yearly": 165.82
        },
        "20102": {
            "year_quarter": 20102,
            "year": 2010,
            "quarter": 2,
            "eps": 0.29,
            "eps_growth_year": -88.77,
            "eps_4q": 1.51,
            "eps_4q_growth_year": -69.08,
            "roe": 1.32,
            "roe_4q": 6.9,
            "gross_profit": 217190,
            "gross_margin": 41.34,
            "gross_margin_4q_avg": 28.35,
            "net_income": 92856,
            "net_income_4q": null,
            "revenue": 525320,
            "revenue_4q": null,
            "common_shares": 3277348,
            "book_valuer_per_share": 20.32,
            "book_valuer_per_share_4q_avg": 21.93,
            "equity": 6674930,
            "current_ratio": 129.02,
            "debt_ratio": 76.72,
            "inventory_turnover_ratio": 0.01,
            "account_receivable_turnover_ratio": 1.41,
            "reinvestment_rate": 17.25,
            "research_to_sale_ratio": null,
            "price_fair": 244.5,
            "eps_avg_yearly": 6.99,
            "eps_latest_yearly": 1,
            "eps_growth_yearly": 179.35
        },
        "20103": {
            "year_quarter": 20103,
            "year": 2010,
            "quarter": 3,
            "eps": 0.11,
            "eps_growth_year": -89.17,
            "eps_4q": 0.62,
            "eps_4q_growth_year": -86.85,
            "roe": 0.53,
            "roe_4q": 2.8600000000000003,
            "gross_profit": 42112,
            "gross_margin": 18.97,
            "gross_margin_4q_avg": 26.47,
            "net_income": 35756,
            "net_income_4q": null,
            "revenue": 221952,
            "revenue_4q": null,
            "common_shares": 3277348,
            "book_valuer_per_share": 20.43,
            "book_valuer_per_share_4q_avg": 21.46,
            "equity": 6710686,
            "current_ratio": 126.83,
            "debt_ratio": 77.23,
            "inventory_turnover_ratio": 0.01,
            "account_receivable_turnover_ratio": 0.53,
            "reinvestment_rate": 18.4,
            "research_to_sale_ratio": null,
            "price_fair": 223.6,
            "eps_avg_yearly": 6.39,
            "eps_latest_yearly": 0.44,
            "eps_growth_yearly": 91.97
        },
        "20104": {
            "year_quarter": 20104,
            "year": 2010,
            "quarter": 4,
            "eps": 0.25,
            "eps_growth_year": -1.39,
            "eps_4q": 0.62,
            "eps_4q_growth_year": -84.6,
            "roe": 1.19,
            "roe_4q": 2.94,
            "gross_profit": 91290,
            "gross_margin": 28.35,
            "gross_margin_4q_avg": 27.46,
            "net_income": 80436,
            "net_income_4q": null,
            "revenue": 322012,
            "revenue_4q": null,
            "common_shares": 3277348,
            "book_valuer_per_share": 20.67,
            "book_valuer_per_share_4q_avg": 20.99,
            "equity": 6789897,
            "current_ratio": 125.76,
            "debt_ratio": 78.01,
            "inventory_turnover_ratio": 0.01,
            "account_receivable_turnover_ratio": 0.6,
            "reinvestment_rate": 20.47,
            "research_to_sale_ratio": null,
            "price_fair": 149.1,
            "eps_avg_yearly": 4.26,
            "eps_latest_yearly": 1,
            "eps_growth_yearly": 56.9
        },
        "20111": {
            "year_quarter": 20111,
            "year": 2011,
            "quarter": 1,
            "eps": 1.33,
            "eps_growth_year": null,
            "eps_4q": 1.97,
            "eps_4q_growth_year": -42.59,
            "roe": 6.21,
            "roe_4q": 9.25,
            "gross_profit": 728759,
            "gross_margin": 42.54,
            "gross_margin_4q_avg": 32.8,
            "net_income": 435108,
            "net_income_4q": null,
            "revenue": 1712976,
            "revenue_4q": null,
            "common_shares": 3277348,
            "book_valuer_per_share": 22,
            "book_valuer_per_share_4q_avg": 20.86,
            "equity": 7225005,
            "current_ratio": 128.09,
            "debt_ratio": 76.55,
            "inventory_turnover_ratio": 0.04,
            "account_receivable_turnover_ratio": 3.14,
            "reinvestment_rate": 27.87,
            "research_to_sale_ratio": null,
            "price_fair": 131.3,
            "eps_avg_yearly": 3.75,
            "eps_latest_yearly": 5.32,
            "eps_growth_yearly": 197.36
        },
        "20112": {
            "year_quarter": 20112,
            "year": 2011,
            "quarter": 2,
            "eps": 2.83,
            "eps_growth_year": 892.47,
            "eps_4q": 4.52,
            "eps_4q_growth_year": 198.26,
            "roe": 12.46,
            "roe_4q": 20.390000000000004,
            "gross_profit": 1036512,
            "gross_margin": 48.36,
            "gross_margin_4q_avg": 34.56,
            "net_income": 927594,
            "net_income_4q": null,
            "revenue": 2143175,
            "revenue_4q": null,
            "common_shares": 3277348,
            "book_valuer_per_share": 23.33,
            "book_valuer_per_share_4q_avg": 21.61,
            "equity": 7660997,
            "current_ratio": 130.01,
            "debt_ratio": 75.34,
            "inventory_turnover_ratio": 0.04,
            "account_receivable_turnover_ratio": 4.04,
            "reinvestment_rate": 24.04,
            "research_to_sale_ratio": null,
            "price_fair": 144.5,
            "eps_avg_yearly": 4.13,
            "eps_latest_yearly": 11.32,
            "eps_growth_yearly": 244.29
        },
        "20113": {
            "year_quarter": 20113,
            "year": 2011,
            "quarter": 3,
            "eps": -0.3,
            "eps_growth_year": -373.31,
            "eps_4q": 4.11,
            "eps_4q_growth_year": 561.18,
            "roe": -1.28,
            "roe_4q": 18.580000000000002,
            "gross_profit": 194087,
            "gross_margin": 44.49,
            "gross_margin_4q_avg": 40.94,
            "net_income": -97512,
            "net_income_4q": null,
            "revenue": 436252,
            "revenue_4q": null,
            "common_shares": 3277348,
            "book_valuer_per_share": 23.04,
            "book_valuer_per_share_4q_avg": 22.26,
            "equity": 7563484,
            "current_ratio": 129.36,
            "debt_ratio": 76.46,
            "inventory_turnover_ratio": 0.01,
            "account_receivable_turnover_ratio": 0.92,
            "reinvestment_rate": 25.89,
            "research_to_sale_ratio": null,
            "price_fair": 144.52,
            "eps_avg_yearly": 4.13,
            "eps_latest_yearly": 11.32,
            "eps_growth_yearly": 272.86
        },
        "20114": {
            "year_quarter": 20114,
            "year": 2011,
            "quarter": 4,
            "eps": 0.32,
            "eps_growth_year": 29.14,
            "eps_4q": 4.19,
            "eps_4q_growth_year": 578.79,
            "roe": 1.44,
            "roe_4q": 18.830000000000002,
            "gross_profit": 298686,
            "gross_margin": 42.48,
            "gross_margin_4q_avg": 44.47,
            "net_income": 109409,
            "net_income_4q": null,
            "revenue": 703147,
            "revenue_4q": null,
            "common_shares": 3277348,
            "book_valuer_per_share": 23.36,
            "book_valuer_per_share_4q_avg": 22.93,
            "equity": 7671325,
            "current_ratio": 128.58,
            "debt_ratio": 76.94,
            "inventory_turnover_ratio": 0.01,
            "account_receivable_turnover_ratio": 2.07,
            "reinvestment_rate": 43.62,
            "research_to_sale_ratio": null,
            "price_fair": 144.55,
            "eps_avg_yearly": 4.13,
            "eps_latest_yearly": 11.32,
            "eps_growth_yearly": 295.6
        },
        "20121": {
            "year_quarter": 20121,
            "year": 2012,
            "quarter": 1,
            "eps": 2.06,
            "eps_growth_year": 54.89,
            "eps_4q": 4.91,
            "eps_4q_growth_year": 149.16,
            "roe": 8.42,
            "roe_4q": 21.04,
            "gross_profit": 805670,
            "gross_margin": 62.07,
            "gross_margin_4q_avg": 49.35,
            "net_income": 673966,
            "net_income_4q": null,
            "revenue": 1298016,
            "revenue_4q": null,
            "common_shares": 3277348,
            "book_valuer_per_share": 25.42,
            "book_valuer_per_share_4q_avg": 23.79,
            "equity": 8345289,
            "current_ratio": 129.59,
            "debt_ratio": 76.38,
            "inventory_turnover_ratio": 0.02,
            "account_receivable_turnover_ratio": 3.63,
            "reinvestment_rate": 43.54,
            "research_to_sale_ratio": null,
            "price_fair": 152.13,
            "eps_avg_yearly": 4.35,
            "eps_latest_yearly": 8.24,
            "eps_growth_yearly": 464.55
        },
        "20122": {
            "year_quarter": 20122,
            "year": 2012,
            "quarter": 2,
            "eps": 7.07,
            "eps_growth_year": 149.57,
            "eps_4q": 9.15,
            "eps_4q_growth_year": 102.47,
            "roe": 25.71,
            "roe_4q": 34.29,
            "gross_profit": 2901166,
            "gross_margin": 56.23,
            "gross_margin_4q_avg": 51.32,
            "net_income": 2317306,
            "net_income_4q": null,
            "revenue": 5159608,
            "revenue_4q": null,
            "common_shares": 3277348,
            "book_valuer_per_share": 29.49,
            "book_valuer_per_share_4q_avg": 25.33,
            "equity": 9679393,
            "current_ratio": 121.57,
            "debt_ratio": 76.55,
            "inventory_turnover_ratio": 0.07,
            "account_receivable_turnover_ratio": 14.21,
            "reinvestment_rate": 18.08,
            "research_to_sale_ratio": null,
            "price_fair": 231.23,
            "eps_avg_yearly": 6.61,
            "eps_latest_yearly": 28.28,
            "eps_growth_yearly": 572.1
        },
        "20123": {
            "year_quarter": 20123,
            "year": 2012,
            "quarter": 3,
            "eps": 4.26,
            "eps_growth_year": null,
            "eps_4q": 13.7,
            "eps_4q_growth_year": 233.09,
            "roe": 13.45,
            "roe_4q": 49.019999999999996,
            "gross_profit": 1669925,
            "gross_margin": 60.52,
            "gross_margin_4q_avg": 55.33,
            "net_income": 1395916,
            "net_income_4q": null,
            "revenue": 2759087,
            "revenue_4q": null,
            "common_shares": 3277348,
            "book_valuer_per_share": 33.75,
            "book_valuer_per_share_4q_avg": 28.01,
            "equity": 11075307,
            "current_ratio": 127.24,
            "debt_ratio": 73.18,
            "inventory_turnover_ratio": 0.03,
            "account_receivable_turnover_ratio": 9.34,
            "reinvestment_rate": 13.59,
            "research_to_sale_ratio": null,
            "price_fair": 273.7,
            "eps_avg_yearly": 7.82,
            "eps_latest_yearly": 17.04,
            "eps_growth_yearly": 520.92
        },
        "20124": {
            "year_quarter": 20124,
            "year": 2012,
            "quarter": 4,
            "eps": 1.38,
            "eps_growth_year": 333.64,
            "eps_4q": 14.76,
            "eps_4q_growth_year": 252.75,
            "roe": 4,
            "roe_4q": 51.58,
            "gross_profit": 768249,
            "gross_margin": 67.5,
            "gross_margin_4q_avg": 61.58,
            "net_income": 452424,
            "net_income_4q": null,
            "revenue": 1138086,
            "revenue_4q": null,
            "common_shares": 3277348,
            "book_valuer_per_share": 35.13,
            "book_valuer_per_share_4q_avg": 30.95,
            "equity": 11528607,
            "current_ratio": 110.45,
            "debt_ratio": 68.72,
            "inventory_turnover_ratio": 0.01,
            "account_receivable_turnover_ratio": 4.17,
            "reinvestment_rate": 15.35,
            "research_to_sale_ratio": null,
            "price_fair": 276.62,
            "eps_avg_yearly": 7.9,
            "eps_latest_yearly": 5.52,
            "eps_growth_yearly": 470.96
        },
        "20131": {
            "year_quarter": 20131,
            "year": 2013,
            "quarter": 1,
            "eps": 1.75,
            "eps_growth_year": -15.05,
            "eps_4q": 14.45,
            "eps_4q_growth_year": 194.28,
            "roe": 4.86,
            "roe_4q": 48.019999999999996,
            "gross_profit": 811467,
            "gross_margin": 56.01,
            "gross_margin_4q_avg": 60.07,
            "net_income": 572503,
            "net_income_4q": null,
            "revenue": 1448665,
            "revenue_4q": null,
            "common_shares": 3277348,
            "book_valuer_per_share": 36.64,
            "book_valuer_per_share_4q_avg": 33.75,
            "equity": 12024801,
            "current_ratio": 114.45,
            "debt_ratio": 67.34,
            "inventory_turnover_ratio": 0.03,
            "account_receivable_turnover_ratio": 4.64,
            "reinvestment_rate": 66.66,
            "research_to_sale_ratio": null,
            "price_fair": 289.68,
            "eps_avg_yearly": 8.28,
            "eps_latest_yearly": 7,
            "eps_growth_yearly": 494.65
        },
        "20132": {
            "year_quarter": 20132,
            "year": 2013,
            "quarter": 2,
            "eps": 2.51,
            "eps_growth_year": -64.49,
            "eps_4q": 9.89,
            "eps_4q_growth_year": 8.17,
            "roe": 7.34,
            "roe_4q": 29.65,
            "gross_profit": 1323840,
            "gross_margin": 59.83,
            "gross_margin_4q_avg": 60.97,
            "net_income": 822462,
            "net_income_4q": null,
            "revenue": 2212687,
            "revenue_4q": null,
            "common_shares": 3277348,
            "book_valuer_per_share": 31.65,
            "book_valuer_per_share_4q_avg": 34.29,
            "equity": 10389252,
            "current_ratio": 114.55,
            "debt_ratio": 71.86,
            "inventory_turnover_ratio": 0.04,
            "account_receivable_turnover_ratio": 6.37,
            "reinvestment_rate": 70.94,
            "research_to_sale_ratio": null,
            "price_fair": 289.33,
            "eps_avg_yearly": 8.27,
            "eps_latest_yearly": 10.04,
            "eps_growth_yearly": 408.07
        },
        "20133": {
            "year_quarter": 20133,
            "year": 2013,
            "quarter": 3,
            "eps": 1.01,
            "eps_growth_year": -76.29,
            "eps_4q": 6.64,
            "eps_4q_growth_year": -51.51,
            "roe": 3.14,
            "roe_4q": 19.34,
            "gross_profit": 735648,
            "gross_margin": 57.57,
            "gross_margin_4q_avg": 60.23,
            "net_income": 330751,
            "net_income_4q": null,
            "revenue": 1277788,
            "revenue_4q": null,
            "common_shares": 3277348,
            "book_valuer_per_share": 32.66,
            "book_valuer_per_share_4q_avg": 34.02,
            "equity": 10703920,
            "current_ratio": 135.81,
            "debt_ratio": 71.34,
            "inventory_turnover_ratio": 0.02,
            "account_receivable_turnover_ratio": 4.59,
            "reinvestment_rate": 72.03,
            "research_to_sale_ratio": null,
            "price_fair": 289.45,
            "eps_avg_yearly": 8.27,
            "eps_latest_yearly": 4.04,
            "eps_growth_yearly": 408.36
        },
        "20134": {
            "year_quarter": 20134,
            "year": 2013,
            "quarter": 4,
            "eps": -0.22,
            "eps_growth_year": -116.22,
            "eps_4q": 5.04,
            "eps_4q_growth_year": -65.87,
            "roe": -0.67,
            "roe_4q": 14.670000000000002,
            "gross_profit": 45510,
            "gross_margin": 22.84,
            "gross_margin_4q_avg": 49.06,
            "net_income": -71965,
            "net_income_4q": null,
            "revenue": 199280,
            "revenue_4q": null,
            "common_shares": 3277348,
            "book_valuer_per_share": 32.45,
            "book_valuer_per_share_4q_avg": 33.35,
            "equity": 10633361,
            "current_ratio": 132.89,
            "debt_ratio": 72.29,
            "inventory_turnover_ratio": 0.01,
            "account_receivable_turnover_ratio": 0.69,
            "reinvestment_rate": -17.47,
            "research_to_sale_ratio": null,
            "price_fair": 312.58,
            "eps_avg_yearly": 8.93,
            "eps_latest_yearly": 4.04,
            "eps_growth_yearly": 472.75
        },
        "20141": {
            "year_quarter": 20141,
            "year": 2014,
            "quarter": 1,
            "eps": -0.52,
            "eps_growth_year": -129.71,
            "eps_4q": 2.77,
            "eps_4q_growth_year": -80.85,
            "roe": -1.63,
            "roe_4q": 8.18,
            "gross_profit": 44887,
            "gross_margin": 51.49,
            "gross_margin_4q_avg": 47.93,
            "net_income": -171949,
            "net_income_4q": null,
            "revenue": 87168,
            "revenue_4q": null,
            "common_shares": 3277348,
            "book_valuer_per_share": 31.92,
            "book_valuer_per_share_4q_avg": 32.17,
            "equity": 10461412,
            "current_ratio": 130.74,
            "debt_ratio": 73.12,
            "inventory_turnover_ratio": 0,
            "account_receivable_turnover_ratio": 0.2,
            "reinvestment_rate": -17.82,
            "research_to_sale_ratio": null,
            "price_fair": 312.58,
            "eps_avg_yearly": 8.93,
            "eps_latest_yearly": 4.04,
            "eps_growth_yearly": 472.75
        },
        "20142": {
            "year_quarter": 20142,
            "year": 2014,
            "quarter": 2,
            "eps": 2.33,
            "eps_growth_year": -7.17,
            "eps_4q": 2.59,
            "eps_4q_growth_year": -73.79,
            "roe": 7.5,
            "roe_4q": 8.34,
            "gross_profit": 1074287,
            "gross_margin": 73.63,
            "gross_margin_4q_avg": 51.38,
            "net_income": 764570,
            "net_income_4q": null,
            "revenue": 1459092,
            "revenue_4q": null,
            "common_shares": 3277348,
            "book_valuer_per_share": 30.25,
            "book_valuer_per_share_4q_avg": 31.82,
            "equity": 9915043,
            "current_ratio": 126.65,
            "debt_ratio": 74.91,
            "inventory_turnover_ratio": 0.02,
            "account_receivable_turnover_ratio": 3.41,
            "reinvestment_rate": -17.13,
            "research_to_sale_ratio": null,
            "price_fair": 312.58,
            "eps_avg_yearly": 8.93,
            "eps_latest_yearly": 4.04,
            "eps_growth_yearly": 472.75
        },
        "20143": {
            "year_quarter": 20143,
            "year": 2014,
            "quarter": 3,
            "eps": 1.38,
            "eps_growth_year": 36.63,
            "eps_4q": 2.96,
            "eps_4q_growth_year": -55.44,
            "roe": 4.45,
            "roe_4q": 9.65,
            "gross_profit": 651029,
            "gross_margin": 62.34,
            "gross_margin_4q_avg": 52.58,
            "net_income": 451173,
            "net_income_4q": null,
            "revenue": 1044281,
            "revenue_4q": null,
            "common_shares": 3277348,
            "book_valuer_per_share": 31.63,
            "book_valuer_per_share_4q_avg": 31.56,
            "equity": 10366216,
            "current_ratio": 129.55,
            "debt_ratio": 74.41,
            "inventory_turnover_ratio": 0.02,
            "account_receivable_turnover_ratio": 2.78,
            "reinvestment_rate": -16.36,
            "research_to_sale_ratio": null,
            "price_fair": 328.75,
            "eps_avg_yearly": 9.39,
            "eps_latest_yearly": 5.52,
            "eps_growth_yearly": 480.5
        },
        "20144": {
            "year_quarter": 20144,
            "year": 2014,
            "quarter": 4,
            "eps": 2.42,
            "eps_growth_year": null,
            "eps_4q": 5.6,
            "eps_4q_growth_year": 11.13,
            "roe": 7.36,
            "roe_4q": 17.680000000000003,
            "gross_profit": 988719,
            "gross_margin": 47.92,
            "gross_margin_4q_avg": 58.85,
            "net_income": 791835,
            "net_income_4q": null,
            "revenue": 2063306,
            "revenue_4q": null,
            "common_shares": 3277348,
            "book_valuer_per_share": 34.04,
            "book_valuer_per_share_4q_avg": 31.96,
            "equity": 11157494,
            "current_ratio": 132.3,
            "debt_ratio": 73.07,
            "inventory_turnover_ratio": 0.04,
            "account_receivable_turnover_ratio": 3.97,
            "reinvestment_rate": -15.02,
            "research_to_sale_ratio": null,
            "price_fair": 356.36,
            "eps_avg_yearly": 10.18,
            "eps_latest_yearly": 9.68,
            "eps_growth_yearly": 461.62
        },
        "20151": {
            "year_quarter": 20151,
            "year": 2015,
            "quarter": 1,
            "eps": 0.05,
            "eps_growth_year": null,
            "eps_4q": 6.17,
            "eps_4q_growth_year": 123,
            "roe": 0.14,
            "roe_4q": 19.45,
            "gross_profit": 209324,
            "gross_margin": 40.12,
            "gross_margin_4q_avg": 56,
            "net_income": 15898,
            "net_income_4q": null,
            "revenue": 521734,
            "revenue_4q": null,
            "common_shares": 3277348,
            "book_valuer_per_share": 34.09,
            "book_valuer_per_share_4q_avg": 32.5,
            "equity": 11173392,
            "current_ratio": 131.95,
            "debt_ratio": 73.1,
            "inventory_turnover_ratio": 0.01,
            "account_receivable_turnover_ratio": 1.11,
            "reinvestment_rate": -15.21,
            "research_to_sale_ratio": null,
            "price_fair": 340.07,
            "eps_avg_yearly": 9.72,
            "eps_latest_yearly": 0.2,
            "eps_growth_yearly": 268.92
        },
        "20152": {
            "year_quarter": 20152,
            "year": 2015,
            "quarter": 2,
            "eps": -0.41,
            "eps_growth_year": -117.6,
            "eps_4q": 3.43,
            "eps_4q_growth_year": 32.3,
            "roe": -1.29,
            "roe_4q": 10.66,
            "gross_profit": 96335,
            "gross_margin": 36.35,
            "gross_margin_4q_avg": 46.68,
            "net_income": -134607,
            "net_income_4q": null,
            "revenue": 265004,
            "revenue_4q": null,
            "common_shares": 3277348,
            "book_valuer_per_share": 29.68,
            "book_valuer_per_share_4q_avg": 32.36,
            "equity": 9727846,
            "current_ratio": 123.66,
            "debt_ratio": 76.91,
            "inventory_turnover_ratio": 0.01,
            "account_receivable_turnover_ratio": 1.05,
            "reinvestment_rate": -17,
            "research_to_sale_ratio": null,
            "price_fair": 334.46,
            "eps_avg_yearly": 9.56,
            "eps_latest_yearly": 0.2,
            "eps_growth_yearly": 250.7
        },
        "20153": {
            "year_quarter": 20153,
            "year": 2015,
            "quarter": 3,
            "eps": -0.22,
            "eps_growth_year": -115.94,
            "eps_4q": 1.84,
            "eps_4q_growth_year": -38.01,
            "roe": -0.74,
            "roe_4q": 5.470000000000001,
            "gross_profit": 41725,
            "gross_margin": 36.88,
            "gross_margin_4q_avg": 40.32,
            "net_income": -71606,
            "net_income_4q": null,
            "revenue": 113139,
            "revenue_4q": null,
            "common_shares": 3277348,
            "book_valuer_per_share": 29.46,
            "book_valuer_per_share_4q_avg": 31.82,
            "equity": 9656240,
            "current_ratio": 123.81,
            "debt_ratio": 77.69,
            "inventory_turnover_ratio": 0,
            "account_receivable_turnover_ratio": 0.63,
            "reinvestment_rate": -16.78,
            "research_to_sale_ratio": null,
            "price_fair": 334.46,
            "eps_avg_yearly": 9.56,
            "eps_latest_yearly": 0.2,
            "eps_growth_yearly": 250.7
        },
        "20154": {
            "year_quarter": 20154,
            "year": 2015,
            "quarter": 4,
            "eps": 0.86,
            "eps_growth_year": -64.51,
            "eps_4q": 0.28,
            "eps_4q_growth_year": -95.06,
            "roe": 2.87,
            "roe_4q": 0.9799999999999999,
            "gross_profit": 405406,
            "gross_margin": 45.72,
            "gross_margin_4q_avg": 39.77,
            "net_income": 280994,
            "net_income_4q": null,
            "revenue": 886809,
            "revenue_4q": null,
            "common_shares": 3277348,
            "book_valuer_per_share": 30.32,
            "book_valuer_per_share_4q_avg": 30.89,
            "equity": 9936587,
            "current_ratio": 123.31,
            "debt_ratio": 77.44,
            "inventory_turnover_ratio": 0.02,
            "account_receivable_turnover_ratio": 6.26,
            "reinvestment_rate": -25.61,
            "research_to_sale_ratio": null,
            "price_fair": 334.46,
            "eps_avg_yearly": 9.56,
            "eps_latest_yearly": 0.2,
            "eps_growth_yearly": 250.7
        },
        "20161": {
            "year_quarter": 20161,
            "year": 2016,
            "quarter": 1,
            "eps": 1.24,
            "eps_growth_year": 2380,
            "eps_4q": 1.47,
            "eps_4q_growth_year": -76.21,
            "roe": 4.01,
            "roe_4q": 4.85,
            "gross_profit": 665490,
            "gross_margin": 25.47,
            "gross_margin_4q_avg": 36.11,
            "net_income": 406574,
            "net_income_4q": null,
            "revenue": 2612625,
            "revenue_4q": null,
            "common_shares": 3277348,
            "book_valuer_per_share": 31.56,
            "book_valuer_per_share_4q_avg": 30.26,
            "equity": 10343161,
            "current_ratio": 115.37,
            "debt_ratio": 77.19,
            "inventory_turnover_ratio": 0.07,
            "account_receivable_turnover_ratio": 2.96,
            "reinvestment_rate": -28.67,
            "research_to_sale_ratio": null,
            "price_fair": 322.98,
            "eps_avg_yearly": 9.23,
            "eps_latest_yearly": 4.96,
            "eps_growth_yearly": 50.87
        },
        "20162": {
            "year_quarter": 20162,
            "year": 2016,
            "quarter": 2,
            "eps": 5.32,
            "eps_growth_year": null,
            "eps_4q": 7.2,
            "eps_4q_growth_year": 110,
            "roe": 15.84,
            "roe_4q": 21.980000000000004,
            "gross_profit": 2396683,
            "gross_margin": 25.3,
            "gross_margin_4q_avg": 33.34,
            "net_income": 1745042,
            "net_income_4q": null,
            "revenue": 9472530,
            "revenue_4q": null,
            "common_shares": 3277348,
            "book_valuer_per_share": 35.68,
            "book_valuer_per_share_4q_avg": 31.76,
            "equity": 11694921,
            "current_ratio": 127.87,
            "debt_ratio": 69.09,
            "inventory_turnover_ratio": 0.28,
            "account_receivable_turnover_ratio": 10.35,
            "reinvestment_rate": -22.34,
            "research_to_sale_ratio": null,
            "price_fair": 298.48,
            "eps_avg_yearly": 8.53,
            "eps_latest_yearly": 21.28,
            "eps_growth_yearly": 85.2
        },
        "20163": {
            "year_quarter": 20163,
            "year": 2016,
            "quarter": 3,
            "eps": 0.6,
            "eps_growth_year": null,
            "eps_4q": 8.02,
            "eps_4q_growth_year": 337.1,
            "roe": 1.67,
            "roe_4q": 24.389999999999997,
            "gross_profit": 366682,
            "gross_margin": 39.69,
            "gross_margin_4q_avg": 34.05,
            "net_income": 196642,
            "net_income_4q": null,
            "revenue": 923800,
            "revenue_4q": null,
            "common_shares": 3277348,
            "book_valuer_per_share": 36.28,
            "book_valuer_per_share_4q_avg": 33.46,
            "equity": 11891563,
            "current_ratio": 130.1,
            "debt_ratio": 67.82,
            "inventory_turnover_ratio": 0.03,
            "account_receivable_turnover_ratio": 4.98,
            "reinvestment_rate": -26.26,
            "research_to_sale_ratio": null,
            "price_fair": 247.24,
            "eps_avg_yearly": 7.06,
            "eps_latest_yearly": 2.4,
            "eps_growth_yearly": 65.61
        },
        "20164": {
            "year_quarter": 20164,
            "year": 2016,
            "quarter": 4,
            "eps": -1.16,
            "eps_growth_year": -235.21,
            "eps_4q": 6.01,
            "eps_4q_growth_year": 2070.64,
            "roe": -3.25,
            "roe_4q": 18.27,
            "gross_profit": 110535,
            "gross_margin": 31.95,
            "gross_margin_4q_avg": 30.6,
            "net_income": -379943,
            "net_income_4q": null,
            "revenue": 345940,
            "revenue_4q": null,
            "common_shares": 3277348,
            "book_valuer_per_share": 35.12,
            "book_valuer_per_share_4q_avg": 34.66,
            "equity": 11511620,
            "current_ratio": 127.47,
            "debt_ratio": 68.88,
            "inventory_turnover_ratio": 0.01,
            "account_receivable_turnover_ratio": 2.4,
            "reinvestment_rate": -29.72,
            "research_to_sale_ratio": null,
            "price_fair": 253.24,
            "eps_avg_yearly": 7.24,
            "eps_latest_yearly": 2.4,
            "eps_growth_yearly": 102.95
        },
        "20171": {
            "year_quarter": 20171,
            "year": 2017,
            "quarter": 1,
            "eps": 0.87,
            "eps_growth_year": -29.84,
            "eps_4q": 5.63,
            "eps_4q_growth_year": 283.44,
            "roe": 2.44,
            "roe_4q": 16.7,
            "gross_profit": 269972,
            "gross_margin": 36.25,
            "gross_margin_4q_avg": 33.3,
            "net_income": 283947,
            "net_income_4q": null,
            "revenue": 744654,
            "revenue_4q": null,
            "common_shares": 3277348,
            "book_valuer_per_share": 35.99,
            "book_valuer_per_share_4q_avg": 35.77,
            "equity": 11795106,
            "current_ratio": 126.89,
            "debt_ratio": 69.5,
            "inventory_turnover_ratio": 0.02,
            "account_receivable_turnover_ratio": 4.5,
            "reinvestment_rate": -114.26,
            "research_to_sale_ratio": null,
            "price_fair": 254.28,
            "eps_avg_yearly": 7.27,
            "eps_latest_yearly": 2.4,
            "eps_growth_yearly": 102.41
        },
        "20172": {
            "year_quarter": 20172,
            "year": 2017,
            "quarter": 2,
            "eps": -0.27,
            "eps_growth_year": -105.08,
            "eps_4q": 0.03,
            "eps_4q_growth_year": -99.53,
            "roe": -0.81,
            "roe_4q": 0.04999999999999982,
            "gross_profit": 234476,
            "gross_margin": 28.73,
            "gross_margin_4q_avg": 34.16,
            "net_income": -89444,
            "net_income_4q": null,
            "revenue": 816082,
            "revenue_4q": null,
            "common_shares": 3277348,
            "book_valuer_per_share": 31.22,
            "book_valuer_per_share_4q_avg": 34.65,
            "equity": 10230855,
            "current_ratio": 98.43,
            "debt_ratio": 73.4,
            "inventory_turnover_ratio": 0.02,
            "account_receivable_turnover_ratio": 4.33,
            "reinvestment_rate": -148.08,
            "research_to_sale_ratio": null,
            "price_fair": 240.4,
            "eps_avg_yearly": 6.87,
            "eps_latest_yearly": 2.4,
            "eps_growth_yearly": 92.22
        },
        "20173": {
            "year_quarter": 20173,
            "year": 2017,
            "quarter": 3,
            "eps": 0.04,
            "eps_growth_year": -93.33,
            "eps_4q": -0.52,
            "eps_4q_growth_year": -106.49,
            "roe": 0.14,
            "roe_4q": -1.48,
            "gross_profit": 235056,
            "gross_margin": 24.85,
            "gross_margin_4q_avg": 30.45,
            "net_income": 14743,
            "net_income_4q": null,
            "revenue": 945780,
            "revenue_4q": null,
            "common_shares": 3277348,
            "book_valuer_per_share": 31.26,
            "book_valuer_per_share_4q_avg": 33.4,
            "equity": 10245598,
            "current_ratio": 100.23,
            "debt_ratio": 73.13,
            "inventory_turnover_ratio": 0.03,
            "account_receivable_turnover_ratio": 4.75,
            "reinvestment_rate": -163.45,
            "research_to_sale_ratio": null,
            "price_fair": 256.9,
            "eps_avg_yearly": 7.34,
            "eps_latest_yearly": 2.4,
            "eps_growth_yearly": 147.43
        },
        "20174": {
            "year_quarter": 20174,
            "year": 2017,
            "quarter": 4,
            "eps": 0.06,
            "eps_growth_year": null,
            "eps_4q": 0.7,
            "eps_4q_growth_year": -88.41,
            "roe": 0.18,
            "roe_4q": 1.95,
            "gross_profit": 174125,
            "gross_margin": 35.66,
            "gross_margin_4q_avg": 31.37,
            "net_income": 18942,
            "net_income_4q": null,
            "revenue": 488226,
            "revenue_4q": null,
            "common_shares": 3277348,
            "book_valuer_per_share": 31.32,
            "book_valuer_per_share_4q_avg": 32.45,
            "equity": 10264510,
            "current_ratio": 126.28,
            "debt_ratio": 74.3,
            "inventory_turnover_ratio": 0.01,
            "account_receivable_turnover_ratio": 2.36,
            "reinvestment_rate": -0.11,
            "research_to_sale_ratio": null,
            "price_fair": 221.4,
            "eps_avg_yearly": 6.33,
            "eps_latest_yearly": 0.24,
            "eps_growth_yearly": 154.94
        },
        "20181": {
            "year_quarter": 20181,
            "year": 2018,
            "quarter": 1,
            "eps": -0.08,
            "eps_growth_year": -109.2,
            "eps_4q": -0.25,
            "eps_4q_growth_year": -104.48,
            "roe": -0.26,
            "roe_4q": -0.75,
            "gross_profit": 157482,
            "gross_margin": 29.71,
            "gross_margin_4q_avg": 29.74,
            "net_income": -26986,
            "net_income_4q": null,
            "revenue": 530021,
            "revenue_4q": null,
            "common_shares": 3277348,
            "book_valuer_per_share": 31.32,
            "book_valuer_per_share_4q_avg": 31.28,
            "equity": 10264457,
            "current_ratio": 125.49,
            "debt_ratio": 74.39,
            "inventory_turnover_ratio": 0.02,
            "account_receivable_turnover_ratio": 2.44,
            "reinvestment_rate": -0.1,
            "research_to_sale_ratio": null,
            "price_fair": 221.4,
            "eps_avg_yearly": 6.33,
            "eps_latest_yearly": 0.24,
            "eps_growth_yearly": 154.94
        },
        "20182": {
            "year_quarter": 20182,
            "year": 2018,
            "quarter": 2,
            "eps": 1.01,
            "eps_growth_year": null,
            "eps_4q": 1.03,
            "eps_4q_growth_year": 2923.41,
            "roe": 3.26,
            "roe_4q": 3.3200000000000003,
            "gross_profit": 627743,
            "gross_margin": 50.26,
            "gross_margin_4q_avg": 35.12,
            "net_income": 331983,
            "net_income_4q": null,
            "revenue": 1249105,
            "revenue_4q": null,
            "common_shares": 3277348,
            "book_valuer_per_share": 30.83,
            "book_valuer_per_share_4q_avg": 31.18,
            "equity": 10104838,
            "current_ratio": 133.02,
            "debt_ratio": 74.71,
            "inventory_turnover_ratio": 0.03,
            "account_receivable_turnover_ratio": 4.49,
            "reinvestment_rate": -0.12,
            "research_to_sale_ratio": null,
            "price_fair": 221.4,
            "eps_avg_yearly": 6.33,
            "eps_latest_yearly": 0.24,
            "eps_growth_yearly": 154.94
        },
        "20183": {
            "year_quarter": 20183,
            "year": 2018,
            "quarter": 3,
            "eps": -0.08,
            "eps_growth_year": -300,
            "eps_4q": 0.9,
            "eps_4q_growth_year": null,
            "roe": -0.27,
            "roe_4q": 2.9099999999999997,
            "gross_profit": 193820,
            "gross_margin": 31.92,
            "gross_margin_4q_avg": 36.89,
            "net_income": -27648,
            "net_income_4q": null,
            "revenue": 607287,
            "revenue_4q": null,
            "common_shares": 3277348,
            "book_valuer_per_share": 30.75,
            "book_valuer_per_share_4q_avg": 31.06,
            "equity": 10077190,
            "current_ratio": 133.64,
            "debt_ratio": 74.56,
            "inventory_turnover_ratio": 0.02,
            "account_receivable_turnover_ratio": 1.87,
            "reinvestment_rate": 65.3,
            "research_to_sale_ratio": null,
            "price_fair": 226.1,
            "eps_avg_yearly": 6.46,
            "eps_latest_yearly": 0.24,
            "eps_growth_yearly": 207.95
        },
        "20184": {
            "year_quarter": 20184,
            "year": 2018,
            "quarter": 4,
            "eps": 1.74,
            "eps_growth_year": 2909.38,
            "eps_4q": 2.59,
            "eps_4q_growth_year": 271.36,
            "roe": 5.5,
            "roe_4q": 8.23,
            "gross_profit": 212893,
            "gross_margin": 31.56,
            "gross_margin_4q_avg": 35.86,
            "net_income": 570040,
            "net_income_4q": null,
            "revenue": 674478,
            "revenue_4q": null,
            "common_shares": 3277348,
            "book_valuer_per_share": 32.49,
            "book_valuer_per_share_4q_avg": 31.35,
            "equity": 10646813,
            "current_ratio": 136.82,
            "debt_ratio": 73.01,
            "inventory_turnover_ratio": 0.02,
            "account_receivable_turnover_ratio": 2.05,
            "reinvestment_rate": 68.62,
            "research_to_sale_ratio": null,
            "price_fair": 203.56,
            "eps_avg_yearly": 5.82,
            "eps_latest_yearly": 0.24,
            "eps_growth_yearly": 189.25
        },
        "20191": {
            "year_quarter": 20191,
            "year": 2019,
            "quarter": 1,
            "eps": -0.17,
            "eps_growth_year": null,
            "eps_4q": 2.49,
            "eps_4q_growth_year": null,
            "roe": -0.54,
            "roe_4q": 7.949999999999999,
            "gross_profit": 133060,
            "gross_margin": 25.24,
            "gross_margin_4q_avg": 34.75,
            "net_income": -57345,
            "net_income_4q": null,
            "revenue": 527242,
            "revenue_4q": null,
            "common_shares": 3277348,
            "book_valuer_per_share": 32.31,
            "book_valuer_per_share_4q_avg": 31.6,
            "equity": 10589468,
            "current_ratio": 135.97,
            "debt_ratio": 73.35,
            "inventory_turnover_ratio": 0.02,
            "account_receivable_turnover_ratio": 1.6,
            "reinvestment_rate": 69.59,
            "research_to_sale_ratio": null,
            "price_fair": 252.7,
            "eps_avg_yearly": 7.22,
            "eps_latest_yearly": 0.24,
            "eps_growth_yearly": 334.5
        },
        "20192": {
            "year_quarter": 20192,
            "year": 2019,
            "quarter": 2,
            "eps": 0.19,
            "eps_growth_year": -81.19,
            "eps_4q": 1.67,
            "eps_4q_growth_year": 61.96,
            "roe": 0.61,
            "roe_4q": 5.300000000000001,
            "gross_profit": 380315,
            "gross_margin": 40.85,
            "gross_margin_4q_avg": 32.39,
            "net_income": 63495,
            "net_income_4q": null,
            "revenue": 931066,
            "revenue_4q": null,
            "common_shares": 3277348,
            "book_valuer_per_share": 30.7,
            "book_valuer_per_share_4q_avg": 31.56,
            "equity": 10063041,
            "current_ratio": 132.4,
            "debt_ratio": 75.06,
            "inventory_turnover_ratio": 0.02,
            "account_receivable_turnover_ratio": 2.9,
            "reinvestment_rate": 64.68,
            "research_to_sale_ratio": null,
            "price_fair": 252.7,
            "eps_avg_yearly": 7.22,
            "eps_latest_yearly": 0.24,
            "eps_growth_yearly": 334.5
        },
        "20193": {
            "year_quarter": 20193,
            "year": 2019,
            "quarter": 3,
            "eps": -0.5,
            "eps_growth_year": null,
            "eps_4q": 1.26,
            "eps_4q_growth_year": 39.53,
            "roe": -1.63,
            "roe_4q": 3.94,
            "gross_profit": 94041,
            "gross_margin": 18.49,
            "gross_margin_4q_avg": 29.04,
            "net_income": -162785,
            "net_income_4q": null,
            "revenue": 508493,
            "revenue_4q": null,
            "common_shares": 3277348,
            "book_valuer_per_share": 30.21,
            "book_valuer_per_share_4q_avg": 31.43,
            "equity": 9900256,
            "current_ratio": 128.84,
            "debt_ratio": 75.63,
            "inventory_turnover_ratio": 0.02,
            "account_receivable_turnover_ratio": 1.53,
            "reinvestment_rate": 65.88,
            "research_to_sale_ratio": null,
            "price_fair": 252.7,
            "eps_avg_yearly": 7.22,
            "eps_latest_yearly": 0.24,
            "eps_growth_yearly": 334.5
        },
        "20194": {
            "year_quarter": 20194,
            "year": 2019,
            "quarter": 4,
            "eps": 0.52,
            "eps_growth_year": -70.01,
            "eps_4q": 0.04,
            "eps_4q_growth_year": -98.31,
            "roe": 1.71,
            "roe_4q": 0.15000000000000002,
            "gross_profit": 432684,
            "gross_margin": 35.3,
            "gross_margin_4q_avg": 29.97,
            "net_income": 170973,
            "net_income_4q": null,
            "revenue": 1225776,
            "revenue_4q": null,
            "common_shares": 3277348,
            "book_valuer_per_share": 30.73,
            "book_valuer_per_share_4q_avg": 30.99,
            "equity": 10071528,
            "current_ratio": 128.9,
            "debt_ratio": 74.97,
            "inventory_turnover_ratio": 0.04,
            "account_receivable_turnover_ratio": 3.39,
            "reinvestment_rate": 68.03,
            "research_to_sale_ratio": null,
            "price_fair": 252.7,
            "eps_avg_yearly": 7.22,
            "eps_latest_yearly": 0.24,
            "eps_growth_yearly": 334.5
        },
        "20201": {
            "year_quarter": 20201,
            "year": 2020,
            "quarter": 1,
            "eps": 0.41,
            "eps_growth_year": null,
            "eps_4q": 0.62,
            "eps_4q_growth_year": -74.94,
            "roe": 1.31,
            "roe_4q": 2,
            "gross_profit": 430039,
            "gross_margin": 40.98,
            "gross_margin_4q_avg": 33.91,
            "net_income": 133095,
            "net_income_4q": null,
            "revenue": 1049401,
            "revenue_4q": null,
            "common_shares": 3277348,
            "book_valuer_per_share": 31.14,
            "book_valuer_per_share_4q_avg": 30.7,
            "equity": 10204623,
            "current_ratio": 128.65,
            "debt_ratio": 74.59,
            "inventory_turnover_ratio": 0.03,
            "account_receivable_turnover_ratio": 3.07,
            "reinvestment_rate": 73.92,
            "research_to_sale_ratio": null,
            "price_fair": 223.65,
            "eps_avg_yearly": 6.39,
            "eps_latest_yearly": 1.64,
            "eps_growth_yearly": 269.16
        },
        "20202": {
            "year_quarter": 20202,
            "year": 2020,
            "quarter": 2,
            "eps": 0.46,
            "eps_growth_year": 142.11,
            "eps_4q": 0.89,
            "eps_4q_growth_year": -46.64,
            "roe": 1.5,
            "roe_4q": 2.8899999999999997,
            "gross_profit": 419535,
            "gross_margin": 37.71,
            "gross_margin_4q_avg": 33.12,
            "net_income": 151419,
            "net_income_4q": null,
            "revenue": 1112652,
            "revenue_4q": null,
            "common_shares": 3277348,
            "book_valuer_per_share": 30.4,
            "book_valuer_per_share_4q_avg": 30.62,
            "equity": 9962809,
            "current_ratio": 123.75,
            "debt_ratio": 76.08,
            "inventory_turnover_ratio": 0.03,
            "account_receivable_turnover_ratio": 3.21,
            "reinvestment_rate": 170.99,
            "research_to_sale_ratio": null,
            "price_fair": 4.59,
            "eps_avg_yearly": 1.53,
            "eps_latest_yearly": 1.84,
            "eps_growth_yearly": -47.68
        },
        "20203": {
            "year_quarter": 20203,
            "year": 2020,
            "quarter": 3,
            "eps": 3.01,
            "eps_growth_year": null,
            "eps_4q": 4.4,
            "eps_4q_growth_year": 248.44,
            "roe": 9.42,
            "roe_4q": 13.940000000000001,
            "gross_profit": 1303456,
            "gross_margin": 51.76,
            "gross_margin_4q_avg": 41.44,
            "net_income": 984984,
            "net_income_4q": null,
            "revenue": 2518077,
            "revenue_4q": null,
            "common_shares": 3277348,
            "book_valuer_per_share": 33.4,
            "book_valuer_per_share_4q_avg": 31.42,
            "equity": 10947793,
            "current_ratio": 130.7,
            "debt_ratio": 73.02,
            "inventory_turnover_ratio": 0.06,
            "account_receivable_turnover_ratio": 7.2,
            "reinvestment_rate": 101.79,
            "research_to_sale_ratio": null,
            "price_fair": 137.9,
            "eps_avg_yearly": 3.94,
            "eps_latest_yearly": 12.04,
            "eps_growth_yearly": 595.39
        },
        "20204": {
            "year_quarter": 20204,
            "year": 2020,
            "quarter": 4,
            "eps": 1.46,
            "eps_growth_year": 179.08,
            "eps_4q": 5.33,
            "eps_4q_growth_year": 12081.88,
            "roe": 4.27,
            "roe_4q": 16.5,
            "gross_profit": 716782,
            "gross_margin": 40.35,
            "gross_margin_4q_avg": 42.7,
            "net_income": 477148,
            "net_income_4q": null,
            "revenue": 1776290,
            "revenue_4q": null,
            "common_shares": 3277348,
            "book_valuer_per_share": 34.86,
            "book_valuer_per_share_4q_avg": 32.45,
            "equity": 11424761,
            "current_ratio": 139.38,
            "debt_ratio": 72.49,
            "inventory_turnover_ratio": 0.05,
            "account_receivable_turnover_ratio": 5.97,
            "reinvestment_rate": 70.11,
            "research_to_sale_ratio": null,
            "price_fair": 151.2,
            "eps_avg_yearly": 4.32,
            "eps_latest_yearly": 5.84,
            "eps_growth_yearly": 435.12
        },
        "20211": {
            "year_quarter": 20211,
            "year": 2021,
            "quarter": 1,
            "eps": 0.68,
            "eps_growth_year": 65.85,
            "eps_4q": 5.61,
            "eps_4q_growth_year": 797.58,
            "roe": 1.95,
            "roe_4q": 17.14,
            "gross_profit": 463175,
            "gross_margin": 41.28,
            "gross_margin_4q_avg": 42.78,
            "net_income": 224495,
            "net_income_4q": null,
            "revenue": 1121980,
            "revenue_4q": null,
            "common_shares": 3277348,
            "book_valuer_per_share": 35.54,
            "book_valuer_per_share_4q_avg": 33.55,
            "equity": 11649256,
            "current_ratio": 139.4,
            "debt_ratio": 72.65,
            "inventory_turnover_ratio": 0.03,
            "account_receivable_turnover_ratio": 3.88,
            "reinvestment_rate": 170.32,
            "research_to_sale_ratio": null,
            "price_fair": 141.87,
            "eps_avg_yearly": 4.05,
            "eps_latest_yearly": 2.72,
            "eps_growth_yearly": 326.98
        },
        "20212": {
            "year_quarter": 20212,
            "year": 2021,
            "quarter": 2,
            "eps": 2.63,
            "eps_growth_year": 471.74,
            "eps_4q": 7.78,
            "eps_4q_growth_year": 770.93,
            "roe": 7.14,
            "roe_4q": 22.78,
            "gross_profit": 982318,
            "gross_margin": 48.03,
            "gross_margin_4q_avg": 45.36,
            "net_income": 862613,
            "net_income_4q": null,
            "revenue": 2045239,
            "revenue_4q": null,
            "common_shares": 3277348,
            "book_valuer_per_share": 38.18,
            "book_valuer_per_share_4q_avg": 35.5,
            "equity": 12511869,
            "current_ratio": 139.94,
            "debt_ratio": 71.57,
            "inventory_turnover_ratio": 0.04,
            "account_receivable_turnover_ratio": 5.76,
            "reinvestment_rate": 126.06,
            "research_to_sale_ratio": null,
            "price_fair": 174.2,
            "eps_avg_yearly": 4.98,
            "eps_latest_yearly": 10.52,
            "eps_growth_yearly": 444.13
        },
        "20213": {
            "year_quarter": 20213,
            "year": 2021,
            "quarter": 3,
            "eps": -0.26,
            "eps_growth_year": -108.64,
            "eps_4q": 4.51,
            "eps_4q_growth_year": 2.61,
            "roe": -0.74,
            "roe_4q": 12.62,
            "gross_profit": 477645,
            "gross_margin": 39.41,
            "gross_margin_4q_avg": 42.27,
            "net_income": -86221,
            "net_income_4q": null,
            "revenue": 1211973,
            "revenue_4q": null,
            "common_shares": 3277348,
            "book_valuer_per_share": 33.41,
            "book_valuer_per_share_4q_avg": 35.5,
            "equity": 10950841,
            "current_ratio": 137.14,
            "debt_ratio": 75.19,
            "inventory_turnover_ratio": 0.03,
            "account_receivable_turnover_ratio": 2.79,
            "reinvestment_rate": 128.76,
            "research_to_sale_ratio": null,
            "price_fair": 174.2,
            "eps_avg_yearly": 4.98,
            "eps_latest_yearly": 10.52,
            "eps_growth_yearly": 444.13
        },
        "20214": {
            "year_quarter": 20214,
            "year": 2021,
            "quarter": 4,
            "eps": 4.41,
            "eps_growth_year": 202.93,
            "eps_4q": 7.46,
            "eps_4q_growth_year": 40.06,
            "roe": 12.38,
            "roe_4q": 20.73,
            "gross_profit": 1807725,
            "gross_margin": 52.08,
            "gross_margin_4q_avg": 45.2,
            "net_income": 1445431,
            "net_income_4q": null,
            "revenue": 3470983,
            "revenue_4q": null,
            "common_shares": 3277348,
            "book_valuer_per_share": 37.82,
            "book_valuer_per_share_4q_avg": 36.24,
            "equity": 12395679,
            "current_ratio": 141.01,
            "debt_ratio": 73.91,
            "inventory_turnover_ratio": 0.06,
            "account_receivable_turnover_ratio": 7.96,
            "reinvestment_rate": 91.85,
            "research_to_sale_ratio": null,
            "price_fair": 201.83,
            "eps_avg_yearly": 5.77,
            "eps_latest_yearly": 10.52,
            "eps_growth_yearly": 484.82
        },
        "20221": {
            "year_quarter": 20221,
            "year": 2022,
            "quarter": 1,
            "eps": 3.13,
            "eps_growth_year": 360.29,
            "eps_4q": 9.91,
            "eps_4q_growth_year": 76.72,
            "roe": 7.95,
            "roe_4q": 26.730000000000004,
            "gross_profit": 1099654,
            "gross_margin": 51.76,
            "gross_margin_4q_avg": 47.82,
            "net_income": 1026370,
            "net_income_4q": null,
            "revenue": 2124540,
            "revenue_4q": null,
            "common_shares": 3277348,
            "book_valuer_per_share": 40.95,
            "book_valuer_per_share_4q_avg": 37.59,
            "equity": 13422049,
            "current_ratio": 143.82,
            "debt_ratio": 73.24,
            "inventory_turnover_ratio": 0.04,
            "account_receivable_turnover_ratio": 5.41,
            "reinvestment_rate": 75.54,
            "research_to_sale_ratio": null,
            "price_fair": 235.6,
            "eps_avg_yearly": 6.73,
            "eps_latest_yearly": 12.52,
            "eps_growth_yearly": 398.98
        },
        "20222": {
            "year_quarter": 20222,
            "year": 2022,
            "quarter": 2,
            "eps": 1.18,
            "eps_growth_year": -55.13,
            "eps_4q": 8.46,
            "eps_4q_growth_year": 8.71,
            "roe": 3.07,
            "roe_4q": 22.66,
            "gross_profit": 819814,
            "gross_margin": 43.36,
            "gross_margin_4q_avg": 46.65,
            "net_income": 385770,
            "net_income_4q": null,
            "revenue": 1890784,
            "revenue_4q": null,
            "common_shares": 3277348,
            "book_valuer_per_share": 35.83,
            "book_valuer_per_share_4q_avg": 37,
            "equity": 11743090,
            "current_ratio": 134.71,
            "debt_ratio": 76.49,
            "inventory_turnover_ratio": 0.03,
            "account_receivable_turnover_ratio": 4.37,
            "reinvestment_rate": 74.41,
            "research_to_sale_ratio": null,
            "price_fair": 226.8,
            "eps_avg_yearly": 6.48,
            "eps_latest_yearly": 4.72,
            "eps_growth_yearly": 317.95
        },
        "20223": {
            "year_quarter": 20223,
            "year": 2022,
            "quarter": 3,
            "eps": 0.97,
            "eps_growth_year": null,
            "eps_4q": 9.69,
            "eps_4q_growth_year": 114.97,
            "roe": 2.69,
            "roe_4q": 26.090000000000003,
            "gross_profit": 655028,
            "gross_margin": 36.35,
            "gross_margin_4q_avg": 45.89,
            "net_income": 319723,
            "net_income_4q": null,
            "revenue": 1802141,
            "revenue_4q": null,
            "common_shares": 3277348,
            "book_valuer_per_share": 36.81,
            "book_valuer_per_share_4q_avg": 37.85,
            "equity": 12062813,
            "current_ratio": 143.88,
            "debt_ratio": 75.59,
            "inventory_turnover_ratio": 0.04,
            "account_receivable_turnover_ratio": 4.93,
            "reinvestment_rate": 36.33,
            "research_to_sale_ratio": null,
            "price_fair": 216.69,
            "eps_avg_yearly": 6.19,
            "eps_latest_yearly": 3.88,
            "eps_growth_yearly": 274.72
        },
        "20224": {
            "year_quarter": 20224,
            "year": 2022,
            "quarter": 4,
            "eps": 0.5,
            "eps_growth_year": -88.66,
            "eps_4q": 5.78,
            "eps_4q_growth_year": -22.5,
            "roe": 1.35,
            "roe_4q": 15.059999999999999,
            "gross_profit": 450000,
            "gross_margin": 35.94,
            "gross_margin_4q_avg": 41.85,
            "net_income": 163965,
            "net_income_4q": null,
            "revenue": 1251925,
            "revenue_4q": null,
            "common_shares": 3277348,
            "book_valuer_per_share": 37.31,
            "book_valuer_per_share_4q_avg": 37.73,
            "equity": 12227900,
            "current_ratio": 139.36,
            "debt_ratio": 75.93,
            "inventory_turnover_ratio": 0.03,
            "account_receivable_turnover_ratio": 6.09,
            "reinvestment_rate": 38.98,
            "research_to_sale_ratio": null,
            "price_fair": 202.02,
            "eps_avg_yearly": 5.77,
            "eps_latest_yearly": 2,
            "eps_growth_yearly": 227.86
        },
        "20231": {
            "year_quarter": 20231,
            "year": 2023,
            "quarter": 1,
            "eps": -0.18,
            "eps_growth_year": -105.75,
            "eps_4q": 2.47,
            "eps_4q_growth_year": -75.08,
            "roe": -0.49,
            "roe_4q": 6.619999999999999,
            "gross_profit": 221260,
            "gross_margin": 38.64,
            "gross_margin_4q_avg": 38.57,
            "net_income": -60147,
            "net_income_4q": null,
            "revenue": 572636,
            "revenue_4q": null,
            "common_shares": 3277348,
            "book_valuer_per_share": 37.13,
            "book_valuer_per_share_4q_avg": 36.77,
            "equity": 12167753,
            "current_ratio": 136.05,
            "debt_ratio": 75.96,
            "inventory_turnover_ratio": 0.01,
            "account_receivable_turnover_ratio": 3.23,
            "reinvestment_rate": 38.91,
            "research_to_sale_ratio": null,
            "price_fair": 202.02,
            "eps_avg_yearly": 5.77,
            "eps_latest_yearly": 2,
            "eps_growth_yearly": 227.86
        },
        "20232": {
            "year_quarter": 20232,
            "year": 2023,
            "quarter": 2,
            "eps": -0.43,
            "eps_growth_year": -136.44,
            "eps_4q": 0.86,
            "eps_4q_growth_year": -89.84,
            "roe": -1.25,
            "roe_4q": 2.3,
            "gross_profit": 159446,
            "gross_margin": 26.33,
            "gross_margin_4q_avg": 34.32,
            "net_income": -142078,
            "net_income_4q": null,
            "revenue": 605676,
            "revenue_4q": null,
            "common_shares": 3277348,
            "book_valuer_per_share": 32.09,
            "book_valuer_per_share_4q_avg": 35.84,
            "equity": 10518095,
            "current_ratio": 123.29,
            "debt_ratio": 79.5,
            "inventory_turnover_ratio": 0.01,
            "account_receivable_turnover_ratio": 3.12,
            "reinvestment_rate": 40.18,
            "research_to_sale_ratio": null,
            "price_fair": 202.02,
            "eps_avg_yearly": 5.77,
            "eps_latest_yearly": 2,
            "eps_growth_yearly": 227.86
        },
        "20233": {
            "year_quarter": 20233,
            "year": 2023,
            "quarter": 3,
            "eps": 0.48,
            "eps_growth_year": -50.52,
            "eps_4q": 0.36,
            "eps_4q_growth_year": -96.25,
            "roe": 1.48,
            "roe_4q": 1.09,
            "gross_profit": 335318,
            "gross_margin": 39.54,
            "gross_margin_4q_avg": 35.11,
            "net_income": 157296,
            "net_income_4q": null,
            "revenue": 847988,
            "revenue_4q": null,
            "common_shares": 3277348,
            "book_valuer_per_share": 32.57,
            "book_valuer_per_share_4q_avg": 34.78,
            "equity": 10675391,
            "current_ratio": 126.16,
            "debt_ratio": 79.41,
            "inventory_turnover_ratio": 0.02,
            "account_receivable_turnover_ratio": 4.68,
            "reinvestment_rate": 38.06,
            "research_to_sale_ratio": null,
            "price_fair": 202.02,
            "eps_avg_yearly": 5.77,
            "eps_latest_yearly": 2,
            "eps_growth_yearly": 227.86
        }
    },
    "months": {
        "2001-06": {
            "month": "2001-06",
            "price": "3.69",
            "revenue": 13107
        },
        "2001-07": {
            "month": "2001-07",
            "price": "3.16",
            "revenue": 38053
        },
        "2001-08": {
            "month": "2001-08",
            "price": "3.06",
            "revenue": 21462
        },
        "2001-09": {
            "month": "2001-09",
            "price": "2.92",
            "revenue": 15884
        },
        "2001-10": {
            "month": "2001-10",
            "price": "2.81",
            "revenue": 14316
        },
        "2001-11": {
            "month": "2001-11",
            "price": "2.79",
            "revenue": 38254
        },
        "2001-12": {
            "month": "2001-12",
            "price": "3.01",
            "revenue": 32711
        },
        "2002-01": {
            "month": "2002-01",
            "price": "3.21",
            "revenue": 12199
        },
        "2002-02": {
            "month": "2002-02",
            "price": "3.12",
            "revenue": 5799
        },
        "2002-03": {
            "month": "2002-03",
            "price": "3.79",
            "revenue": 421914
        },
        "2002-04": {
            "month": "2002-04",
            "price": "6.47",
            "revenue": 449283
        },
        "2002-05": {
            "month": "2002-05",
            "price": "10.35",
            "revenue": 312554
        },
        "2002-06": {
            "month": "2002-06",
            "price": "10.81",
            "revenue": 88900
        },
        "2002-07": {
            "month": "2002-07",
            "price": "10.01",
            "revenue": 20588
        },
        "2002-08": {
            "month": "2002-08",
            "price": "8.33",
            "revenue": 28162
        },
        "2002-09": {
            "month": "2002-09",
            "price": "6.90",
            "revenue": 13118
        },
        "2002-10": {
            "month": "2002-10",
            "price": "6.07",
            "revenue": 26878
        },
        "2002-11": {
            "month": "2002-11",
            "price": "6.97",
            "revenue": 26043
        },
        "2002-12": {
            "month": "2002-12",
            "price": "7.24",
            "revenue": 25610
        },
        "2003-01": {
            "month": "2003-01",
            "price": "8.19",
            "revenue": 30659
        },
        "2003-02": {
            "month": "2003-02",
            "price": "7.57",
            "revenue": 2461
        },
        "2003-03": {
            "month": "2003-03",
            "price": "7.57",
            "revenue": 7376
        },
        "2003-04": {
            "month": "2003-04",
            "price": "7.42",
            "revenue": 3462
        },
        "2003-05": {
            "month": "2003-05",
            "price": "6.64",
            "revenue": 31868
        },
        "2003-06": {
            "month": "2003-06",
            "price": "7.58",
            "revenue": 814646
        },
        "2003-07": {
            "month": "2003-07",
            "price": "9.01",
            "revenue": 134396
        },
        "2003-08": {
            "month": "2003-08",
            "price": "10.42",
            "revenue": 91861
        },
        "2003-09": {
            "month": "2003-09",
            "price": "13.80",
            "revenue": 114219
        },
        "2003-10": {
            "month": "2003-10",
            "price": "15.21",
            "revenue": 28663
        },
        "2003-11": {
            "month": "2003-11",
            "price": "16.08",
            "revenue": 37543
        },
        "2003-12": {
            "month": "2003-12",
            "price": "16.67",
            "revenue": 48416
        },
        "2004-01": {
            "month": "2004-01",
            "price": "23.13",
            "revenue": 13250
        },
        "2004-02": {
            "month": "2004-02",
            "price": "28.76",
            "revenue": 15353
        },
        "2004-03": {
            "month": "2004-03",
            "price": "31.06",
            "revenue": 188955
        },
        "2004-04": {
            "month": "2004-04",
            "price": "27.31",
            "revenue": 528439
        },
        "2004-05": {
            "month": "2004-05",
            "price": "22.31",
            "revenue": 492039
        },
        "2004-06": {
            "month": "2004-06",
            "price": "28.27",
            "revenue": 217089
        },
        "2004-07": {
            "month": "2004-07",
            "price": "25.93",
            "revenue": 177164
        },
        "2004-08": {
            "month": "2004-08",
            "price": "25.67",
            "revenue": 221491
        },
        "2004-09": {
            "month": "2004-09",
            "price": "32.64",
            "revenue": 206541
        },
        "2004-10": {
            "month": "2004-10",
            "price": "35.21",
            "revenue": 195602
        },
        "2004-11": {
            "month": "2004-11",
            "price": "37.53",
            "revenue": 332798
        },
        "2004-12": {
            "month": "2004-12",
            "price": "39.98",
            "revenue": 142247
        },
        "2005-01": {
            "month": "2005-01",
            "price": "38.56",
            "revenue": 181852
        },
        "2005-02": {
            "month": "2005-02",
            "price": "37.56",
            "revenue": 264468
        },
        "2005-03": {
            "month": "2005-03",
            "price": "36.84",
            "revenue": 114970
        },
        "2005-04": {
            "month": "2005-04",
            "price": "29.75",
            "revenue": 145691
        },
        "2005-05": {
            "month": "2005-05",
            "price": "25.08",
            "revenue": 614199
        },
        "2005-06": {
            "month": "2005-06",
            "price": "30.29",
            "revenue": 476548
        },
        "2005-07": {
            "month": "2005-07",
            "price": "30.20",
            "revenue": 116914
        },
        "2005-08": {
            "month": "2005-08",
            "price": "24.70",
            "revenue": 381233
        },
        "2005-09": {
            "month": "2005-09",
            "price": "25.60",
            "revenue": 473987
        },
        "2005-10": {
            "month": "2005-10",
            "price": "23.32",
            "revenue": 309459
        },
        "2005-11": {
            "month": "2005-11",
            "price": "22.68",
            "revenue": 317358
        },
        "2005-12": {
            "month": "2005-12",
            "price": "25.69",
            "revenue": 268368
        },
        "2006-01": {
            "month": "2006-01",
            "price": "26.12",
            "revenue": 167261
        },
        "2006-02": {
            "month": "2006-02",
            "price": "25.45",
            "revenue": 174613
        },
        "2006-03": {
            "month": "2006-03",
            "price": "25.23",
            "revenue": 165365
        },
        "2006-04": {
            "month": "2006-04",
            "price": "30.73",
            "revenue": 29564
        },
        "2006-05": {
            "month": "2006-05",
            "price": "44.48",
            "revenue": 148834
        },
        "2006-06": {
            "month": "2006-06",
            "price": "56.62",
            "revenue": 149775
        },
        "2006-07": {
            "month": "2006-07",
            "price": "69.70",
            "revenue": 179974
        },
        "2006-08": {
            "month": "2006-08",
            "price": "62.77",
            "revenue": 51380
        },
        "2006-09": {
            "month": "2006-09",
            "price": "51.83",
            "revenue": 1365674
        },
        "2006-10": {
            "month": "2006-10",
            "price": "63.42",
            "revenue": 2516239
        },
        "2006-11": {
            "month": "2006-11",
            "price": "68.24",
            "revenue": 1137641
        },
        "2006-12": {
            "month": "2006-12",
            "price": "72.62",
            "revenue": 1325720
        },
        "2007-01": {
            "month": "2007-01",
            "price": "69.09",
            "revenue": 1317917
        },
        "2007-02": {
            "month": "2007-02",
            "price": "75.67",
            "revenue": 404139
        },
        "2007-03": {
            "month": "2007-03",
            "price": "74.59",
            "revenue": 551261
        },
        "2007-04": {
            "month": "2007-04",
            "price": "78.38",
            "revenue": 473617
        },
        "2007-05": {
            "month": "2007-05",
            "price": "81.46",
            "revenue": 400137
        },
        "2007-06": {
            "month": "2007-06",
            "price": "80.00",
            "revenue": 319278
        },
        "2007-07": {
            "month": "2007-07",
            "price": "87.93",
            "revenue": 305217
        },
        "2007-08": {
            "month": "2007-08",
            "price": "77.06",
            "revenue": 295567
        },
        "2007-09": {
            "month": "2007-09",
            "price": "67.36",
            "revenue": 172269
        },
        "2007-10": {
            "month": "2007-10",
            "price": "63.10",
            "revenue": 191292
        },
        "2007-11": {
            "month": "2007-11",
            "price": "56.35",
            "revenue": 168316
        },
        "2007-12": {
            "month": "2007-12",
            "price": "46.15",
            "revenue": 546348
        },
        "2008-01": {
            "month": "2008-01",
            "price": "62.00",
            "revenue": 148213
        },
        "2008-02": {
            "month": "2008-02",
            "price": "76.41",
            "revenue": 534931
        },
        "2008-03": {
            "month": "2008-03",
            "price": "83.97",
            "revenue": 164209
        },
        "2008-04": {
            "month": "2008-04",
            "price": "95.97",
            "revenue": 182859
        },
        "2008-05": {
            "month": "2008-05",
            "price": "84.75",
            "revenue": 225640
        },
        "2008-06": {
            "month": "2008-06",
            "price": "68.27",
            "revenue": 243172
        },
        "2008-07": {
            "month": "2008-07",
            "price": "54.14",
            "revenue": 141113
        },
        "2008-08": {
            "month": "2008-08",
            "price": "40.44",
            "revenue": 32332
        },
        "2008-09": {
            "month": "2008-09",
            "price": "26.36",
            "revenue": 900289
        },
        "2008-10": {
            "month": "2008-10",
            "price": "13.92",
            "revenue": 644728
        },
        "2008-11": {
            "month": "2008-11",
            "price": "11.72",
            "revenue": 258632
        },
        "2008-12": {
            "month": "2008-12",
            "price": "12.33",
            "revenue": 1087693
        },
        "2009-01": {
            "month": "2009-01",
            "price": "12.06",
            "revenue": 345136
        },
        "2009-02": {
            "month": "2009-02",
            "price": "11.54",
            "revenue": 412846
        },
        "2009-03": {
            "month": "2009-03",
            "price": "13.92",
            "revenue": 498016
        },
        "2009-04": {
            "month": "2009-04",
            "price": "26.46",
            "revenue": 806571
        },
        "2009-05": {
            "month": "2009-05",
            "price": "46.28",
            "revenue": 929865
        },
        "2009-06": {
            "month": "2009-06",
            "price": "60.11",
            "revenue": 901792
        },
        "2009-07": {
            "month": "2009-07",
            "price": "71.64",
            "revenue": 782507
        },
        "2009-08": {
            "month": "2009-08",
            "price": "59.53",
            "revenue": 713885
        },
        "2009-09": {
            "month": "2009-09",
            "price": "67.41",
            "revenue": 448099
        },
        "2009-10": {
            "month": "2009-10",
            "price": "69.67",
            "revenue": 210098
        },
        "2009-11": {
            "month": "2009-11",
            "price": "60.48",
            "revenue": 188987
        },
        "2009-12": {
            "month": "2009-12",
            "price": "59.23",
            "revenue": 175303
        },
        "2010-01": {
            "month": "2010-01",
            "price": "62.15",
            "revenue": 48449
        },
        "2010-02": {
            "month": "2010-02",
            "price": "48.91",
            "revenue": 8370
        },
        "2010-03": {
            "month": "2010-03",
            "price": "54.58",
            "revenue": 54644
        },
        "2010-04": {
            "month": "2010-04",
            "price": "59.20",
            "revenue": 23444
        },
        "2010-05": {
            "month": "2010-05",
            "price": "49.44",
            "revenue": 30624
        },
        "2010-06": {
            "month": "2010-06",
            "price": "48.57",
            "revenue": 285319
        },
        "2010-07": {
            "month": "2010-07",
            "price": "49.97",
            "revenue": 42515
        },
        "2010-08": {
            "month": "2010-08",
            "price": "60.84",
            "revenue": 31902
        },
        "2010-09": {
            "month": "2010-09",
            "price": "65.01",
            "revenue": 7306
        },
        "2010-10": {
            "month": "2010-10",
            "price": "65.91",
            "revenue": 71186
        },
        "2010-11": {
            "month": "2010-11",
            "price": "83.72",
            "revenue": 29543
        },
        "2010-12": {
            "month": "2010-12",
            "price": "89.81",
            "revenue": 154438
        },
        "2011-01": {
            "month": "2011-01",
            "price": "87.38",
            "revenue": 91457
        },
        "2011-02": {
            "month": "2011-02",
            "price": "81.85",
            "revenue": 112033
        },
        "2011-03": {
            "month": "2011-03",
            "price": "70.05",
            "revenue": 1488505
        },
        "2011-04": {
            "month": "2011-04",
            "price": "74.91",
            "revenue": 875474
        },
        "2011-05": {
            "month": "2011-05",
            "price": "79.74",
            "revenue": 214586
        },
        "2011-06": {
            "month": "2011-06",
            "price": "79.22",
            "revenue": 1041388
        },
        "2011-07": {
            "month": "2011-07",
            "price": "82.71",
            "revenue": 119523
        },
        "2011-08": {
            "month": "2011-08",
            "price": "69.60",
            "revenue": 111430
        },
        "2011-09": {
            "month": "2011-09",
            "price": "61.20",
            "revenue": 204955
        },
        "2011-10": {
            "month": "2011-10",
            "price": "62.06",
            "revenue": 130027
        },
        "2011-11": {
            "month": "2011-11",
            "price": "57.99",
            "revenue": 290139
        },
        "2011-12": {
            "month": "2011-12",
            "price": "43.87",
            "revenue": 262704
        },
        "2012-01": {
            "month": "2012-01",
            "price": "46.87",
            "revenue": 102699
        },
        "2012-02": {
            "month": "2012-02",
            "price": "53.92",
            "revenue": 158518
        },
        "2012-03": {
            "month": "2012-03",
            "price": "60.05",
            "revenue": 1036455
        },
        "2012-04": {
            "month": "2012-04",
            "price": "56.78",
            "revenue": 3831372
        },
        "2012-05": {
            "month": "2012-05",
            "price": "61.77",
            "revenue": 668420
        },
        "2012-06": {
            "month": "2012-06",
            "price": "61.41",
            "revenue": 659473
        },
        "2012-07": {
            "month": "2012-07",
            "price": "58.31",
            "revenue": 1072259
        },
        "2012-08": {
            "month": "2012-08",
            "price": "62.77",
            "revenue": 1411704
        },
        "2012-09": {
            "month": "2012-09",
            "price": "76.77",
            "revenue": 273979
        },
        "2012-10": {
            "month": "2012-10",
            "price": "73.20",
            "revenue": 581262
        },
        "2012-11": {
            "month": "2012-11",
            "price": "72.36",
            "revenue": 228191
        },
        "2012-12": {
            "month": "2012-12",
            "price": "73.21",
            "revenue": 254091
        },
        "2013-01": {
            "month": "2013-01",
            "price": "75.66",
            "revenue": 604361
        },
        "2013-02": {
            "month": "2013-02",
            "price": "76.06",
            "revenue": 455557
        },
        "2013-03": {
            "month": "2013-03",
            "price": "77.92",
            "revenue": 385985
        },
        "2013-04": {
            "month": "2013-04",
            "price": "77.22",
            "revenue": 1124473
        },
        "2013-05": {
            "month": "2013-05",
            "price": "79.16",
            "revenue": 490773
        },
        "2013-06": {
            "month": "2013-06",
            "price": "77.86",
            "revenue": 600203
        },
        "2013-07": {
            "month": "2013-07",
            "price": "70.74",
            "revenue": 1114776
        },
        "2013-08": {
            "month": "2013-08",
            "price": "69.38",
            "revenue": 123232
        },
        "2013-09": {
            "month": "2013-09",
            "price": "65.58",
            "revenue": 39780
        },
        "2013-10": {
            "month": "2013-10",
            "price": "61.16",
            "revenue": 67819
        },
        "2013-11": {
            "month": "2013-11",
            "price": "58.84",
            "revenue": 53236
        },
        "2013-12": {
            "month": "2013-12",
            "price": "55.21",
            "revenue": 78282
        },
        "2014-01": {
            "month": "2014-01",
            "price": "50.24",
            "revenue": 62795
        },
        "2014-02": {
            "month": "2014-02",
            "price": "50.89",
            "revenue": 5755
        },
        "2014-03": {
            "month": "2014-03",
            "price": "50.78",
            "revenue": 18618
        },
        "2014-04": {
            "month": "2014-04",
            "price": "50.07",
            "revenue": 836050
        },
        "2014-05": {
            "month": "2014-05",
            "price": "46.71",
            "revenue": 585198
        },
        "2014-06": {
            "month": "2014-06",
            "price": "45.65",
            "revenue": 37844
        },
        "2014-07": {
            "month": "2014-07",
            "price": "40.87",
            "revenue": 144573
        },
        "2014-08": {
            "month": "2014-08",
            "price": "38.37",
            "revenue": 35581
        },
        "2014-09": {
            "month": "2014-09",
            "price": "40.11",
            "revenue": 864127
        },
        "2014-10": {
            "month": "2014-10",
            "price": "38.79",
            "revenue": 164035
        },
        "2014-11": {
            "month": "2014-11",
            "price": "39.64",
            "revenue": 32335
        },
        "2014-12": {
            "month": "2014-12",
            "price": "46.47",
            "revenue": 1866936
        },
        "2015-01": {
            "month": "2015-01",
            "price": "45.58",
            "revenue": 279559
        },
        "2015-02": {
            "month": "2015-02",
            "price": "45.31",
            "revenue": 85592
        },
        "2015-03": {
            "month": "2015-03",
            "price": "44.38",
            "revenue": 156583
        },
        "2015-04": {
            "month": "2015-04",
            "price": "43.88",
            "revenue": 141663
        },
        "2015-05": {
            "month": "2015-05",
            "price": "42.00",
            "revenue": 58155
        },
        "2015-06": {
            "month": "2015-06",
            "price": "39.17",
            "revenue": 65186
        },
        "2015-07": {
            "month": "2015-07",
            "price": "37.58",
            "revenue": 60527
        },
        "2015-08": {
            "month": "2015-08",
            "price": "26.79",
            "revenue": 32315
        },
        "2015-09": {
            "month": "2015-09",
            "price": "26.85",
            "revenue": 20297
        },
        "2015-10": {
            "month": "2015-10",
            "price": "26.81",
            "revenue": 134499
        },
        "2015-11": {
            "month": "2015-11",
            "price": "25.68",
            "revenue": 22867
        },
        "2015-12": {
            "month": "2015-12",
            "price": "24.63",
            "revenue": 644356
        },
        "2016-01": {
            "month": "2016-01",
            "price": "20.72",
            "revenue": 18032
        },
        "2016-02": {
            "month": "2016-02",
            "price": "24.00",
            "revenue": 21480
        },
        "2016-03": {
            "month": "2016-03",
            "price": "29.34",
            "revenue": 2573113
        },
        "2016-04": {
            "month": "2016-04",
            "price": "28.81",
            "revenue": 6051689
        },
        "2016-05": {
            "month": "2016-05",
            "price": "30.29",
            "revenue": 3052349
        },
        "2016-06": {
            "month": "2016-06",
            "price": "36.87",
            "revenue": 368492
        },
        "2016-07": {
            "month": "2016-07",
            "price": "37.06",
            "revenue": 118522
        },
        "2016-08": {
            "month": "2016-08",
            "price": "37.81",
            "revenue": 655494
        },
        "2016-09": {
            "month": "2016-09",
            "price": "39.67",
            "revenue": 149784
        },
        "2016-10": {
            "month": "2016-10",
            "price": "38.48",
            "revenue": 250772
        },
        "2016-11": {
            "month": "2016-11",
            "price": "39.12",
            "revenue": 45834
        },
        "2016-12": {
            "month": "2016-12",
            "price": "40.02",
            "revenue": 49333
        },
        "2017-01": {
            "month": "2017-01",
            "price": "38.62",
            "revenue": 382627
        },
        "2017-02": {
            "month": "2017-02",
            "price": "40.34",
            "revenue": 107550
        },
        "2017-03": {
            "month": "2017-03",
            "price": "43.35",
            "revenue": 254477
        },
        "2017-04": {
            "month": "2017-04",
            "price": "44.61",
            "revenue": 73921
        },
        "2017-05": {
            "month": "2017-05",
            "price": "42.35",
            "revenue": 64567
        },
        "2017-06": {
            "month": "2017-06",
            "price": "42.16",
            "revenue": 677594
        },
        "2017-07": {
            "month": "2017-07",
            "price": "41.62",
            "revenue": 514658
        },
        "2017-08": {
            "month": "2017-08",
            "price": "34.14",
            "revenue": 185794
        },
        "2017-09": {
            "month": "2017-09",
            "price": "29.20",
            "revenue": 245328
        },
        "2017-10": {
            "month": "2017-10",
            "price": "30.64",
            "revenue": 80907
        },
        "2017-11": {
            "month": "2017-11",
            "price": "30.88",
            "revenue": 311255
        },
        "2017-12": {
            "month": "2017-12",
            "price": "30.34",
            "revenue": 96027
        },
        "2018-01": {
            "month": "2018-01",
            "price": "31.25",
            "revenue": 78905
        },
        "2018-02": {
            "month": "2018-02",
            "price": "29.73",
            "revenue": 203480
        },
        "2018-03": {
            "month": "2018-03",
            "price": "29.43",
            "revenue": 247673
        },
        "2018-04": {
            "month": "2018-04",
            "price": "28.74",
            "revenue": 76253
        },
        "2018-05": {
            "month": "2018-05",
            "price": "27.97",
            "revenue": 109979
        },
        "2018-06": {
            "month": "2018-06",
            "price": "28.16",
            "revenue": 1062836
        },
        "2018-07": {
            "month": "2018-07",
            "price": "26.89",
            "revenue": 37263
        },
        "2018-08": {
            "month": "2018-08",
            "price": "26.48",
            "revenue": 309300
        },
        "2018-09": {
            "month": "2018-09",
            "price": "26.75",
            "revenue": 260666
        },
        "2018-10": {
            "month": "2018-10",
            "price": "25.76",
            "revenue": 205487
        },
        "2018-11": {
            "month": "2018-11",
            "price": "24.22",
            "revenue": 235346
        },
        "2018-12": {
            "month": "2018-12",
            "price": "25.53",
            "revenue": 234772
        },
        "2019-01": {
            "month": "2019-01",
            "price": "26.26",
            "revenue": 192818
        },
        "2019-02": {
            "month": "2019-02",
            "price": "26.08",
            "revenue": 61282
        },
        "2019-03": {
            "month": "2019-03",
            "price": "25.98",
            "revenue": 273142
        },
        "2019-04": {
            "month": "2019-04",
            "price": "27.77",
            "revenue": 266604
        },
        "2019-05": {
            "month": "2019-05",
            "price": "28.15",
            "revenue": 181693
        },
        "2019-06": {
            "month": "2019-06",
            "price": "30.15",
            "revenue": 482769
        },
        "2019-07": {
            "month": "2019-07",
            "price": "31.43",
            "revenue": 173871
        },
        "2019-08": {
            "month": "2019-08",
            "price": "30.57",
            "revenue": 134448
        },
        "2019-09": {
            "month": "2019-09",
            "price": "30.67",
            "revenue": 200174
        },
        "2019-10": {
            "month": "2019-10",
            "price": "32.91",
            "revenue": 320126
        },
        "2019-11": {
            "month": "2019-11",
            "price": "35.14",
            "revenue": 94792
        },
        "2019-12": {
            "month": "2019-12",
            "price": "38.37",
            "revenue": 810858
        },
        "2020-01": {
            "month": "2020-01",
            "price": "39.41",
            "revenue": 248365
        },
        "2020-02": {
            "month": "2020-02",
            "price": "34.73",
            "revenue": 286514
        },
        "2020-03": {
            "month": "2020-03",
            "price": "29.30",
            "revenue": 514522
        },
        "2020-04": {
            "month": "2020-04",
            "price": "31.00",
            "revenue": 257566
        },
        "2020-05": {
            "month": "2020-05",
            "price": "33.39",
            "revenue": 221152
        },
        "2020-06": {
            "month": "2020-06",
            "price": "35.12",
            "revenue": 633934
        },
        "2020-07": {
            "month": "2020-07",
            "price": "36.31",
            "revenue": 360848
        },
        "2020-08": {
            "month": "2020-08",
            "price": "36.90",
            "revenue": 536125
        },
        "2020-09": {
            "month": "2020-09",
            "price": "38.25",
            "revenue": 1621105
        },
        "2020-10": {
            "month": "2020-10",
            "price": "39.44",
            "revenue": 486428
        },
        "2020-11": {
            "month": "2020-11",
            "price": "39.11",
            "revenue": 694763
        },
        "2020-12": {
            "month": "2020-12",
            "price": "37.98",
            "revenue": 595099
        },
        "2021-01": {
            "month": "2021-01",
            "price": "36.86",
            "revenue": 473630
        },
        "2021-02": {
            "month": "2021-02",
            "price": "35.73",
            "revenue": 278233
        },
        "2021-03": {
            "month": "2021-03",
            "price": "39.32",
            "revenue": 370117
        },
        "2021-04": {
            "month": "2021-04",
            "price": "43.59",
            "revenue": 1131071
        },
        "2021-05": {
            "month": "2021-05",
            "price": "40.87",
            "revenue": 400227
        },
        "2021-06": {
            "month": "2021-06",
            "price": "42.20",
            "revenue": 480417
        },
        "2021-07": {
            "month": "2021-07",
            "price": "43.07",
            "revenue": 404020
        },
        "2021-08": {
            "month": "2021-08",
            "price": "41.92",
            "revenue": 471026
        },
        "2021-09": {
            "month": "2021-09",
            "price": "37.66",
            "revenue": 336927
        },
        "2021-10": {
            "month": "2021-10",
            "price": "36.97",
            "revenue": 630652
        },
        "2021-11": {
            "month": "2021-11",
            "price": "37.69",
            "revenue": 982071
        },
        "2021-12": {
            "month": "2021-12",
            "price": "37.12",
            "revenue": 1858260
        },
        "2022-01": {
            "month": "2022-01",
            "price": "38.59",
            "revenue": 745819
        },
        "2022-02": {
            "month": "2022-02",
            "price": "40.54",
            "revenue": 510803
        },
        "2022-03": {
            "month": "2022-03",
            "price": "47.11",
            "revenue": 867918
        },
        "2022-04": {
            "month": "2022-04",
            "price": "55.99",
            "revenue": 723277
        },
        "2022-05": {
            "month": "2022-05",
            "price": "53.63",
            "revenue": 500111
        },
        "2022-06": {
            "month": "2022-06",
            "price": "50.13",
            "revenue": 667396
        },
        "2022-07": {
            "month": "2022-07",
            "price": "41.81",
            "revenue": 904436
        },
        "2022-08": {
            "month": "2022-08",
            "price": "44.74",
            "revenue": 361731
        },
        "2022-09": {
            "month": "2022-09",
            "price": "42.30",
            "revenue": 535974
        },
        "2022-10": {
            "month": "2022-10",
            "price": "39.34",
            "revenue": 418352
        },
        "2022-11": {
            "month": "2022-11",
            "price": "41.13",
            "revenue": 364445
        },
        "2022-12": {
            "month": "2022-12",
            "price": "41.04",
            "revenue": 469105
        },
        "2023-01": {
            "month": "2023-01",
            "price": "40.58",
            "revenue": 256929
        },
        "2023-02": {
            "month": "2023-02",
            "price": "43.30",
            "revenue": 208401
        },
        "2023-03": {
            "month": "2023-03",
            "price": "45.14",
            "revenue": 107306
        },
        "2023-04": {
            "month": "2023-04",
            "price": "46.03",
            "revenue": 165270
        },
        "2023-05": {
            "month": "2023-05",
            "price": "46.23",
            "revenue": 203886
        },
        "2023-06": {
            "month": "2023-06",
            "price": "45.22",
            "revenue": 236520
        },
        "2023-07": {
            "month": "2023-07",
            "price": "39.83",
            "revenue": 419346
        },
        "2023-08": {
            "month": "2023-08",
            "price": "39.24",
            "revenue": 194167
        },
        "2023-09": {
            "month": "2023-09",
            "price": "39.30",
            "revenue": 234475
        },
        "2023-10": {
            "month": "2023-10",
            "price": "38.58",
            "revenue": 299138
        },
        "2023-11": {
            "month": "2023-11",
            "price": "39.13",
            "revenue": 1530716
        },
        "2023-12": {
            "month": "2023-12",
            "price": "41.42",
            "revenue": 889937
        }
    }
}
