{
    "summary": {
        "stock_name": "根基",
        "stock_id": "2546",
        "category": "建材營造",
        "main_business": "土木、建築、水利及整地工程之承攬。<br>各項基礎工程之承攬。<br>橋樑、隧道工程之承攬。",
        "website_url": "http://www.kedge.com.tw",
        "ceo": "黃義芳/陳俊明",
        "pe_ratio": 8,
        "report_year_from": 2001,
        "report_year_to": 2023,
        "age": 22,
        "eps_negative_percentage": 4,
        "eps_growth_avg": {
            "last_all": -0.43,
            "last_2y": 35.5,
            "last_4y": 28.59,
            "last_8y": 23.9,
            "last_12y": 13.86,
            "last_16y": 15.89,
            "last_20y": -0.43,
            "at_2006_last_3y": -54.89,
            "at_2007_last_3y": -24.25,
            "at_2008_last_3y": -3.35,
            "at_2009_last_3y": 22.49,
            "at_2010_last_3y": 12.07,
            "at_2011_last_3y": -4.88,
            "at_2012_last_3y": 3.79,
            "at_2013_last_3y": -8.71,
            "at_2014_last_3y": -4,
            "at_2015_last_3y": 5.75,
            "at_2016_last_3y": 19.39,
            "at_2017_last_3y": 18.03,
            "at_2018_last_3y": 27.53,
            "at_2019_last_3y": 33.24,
            "at_2020_last_3y": 34.3,
            "at_2021_last_3y": 27.59,
            "at_2022_last_3y": 26.24,
            "at_2023_last_3y": 26.24,
            "at_2006_last_all": -63.97,
            "at_2007_last_all": -50.29,
            "at_2008_last_all": -48.12,
            "at_2009_last_all": -26.96,
            "at_2010_last_all": -25.95,
            "at_2011_last_all": -30.11,
            "at_2012_last_all": -27.36,
            "at_2013_last_all": -20.33,
            "at_2014_last_all": -18.63,
            "at_2015_last_all": -19.08,
            "at_2016_last_all": -14,
            "at_2017_last_all": -10.1,
            "at_2018_last_all": -7.09,
            "at_2019_last_all": -6.77,
            "at_2020_last_all": -3.27,
            "at_2021_last_all": -2.16,
            "at_2022_last_all": -0.43,
            "at_2023_last_all": -0.43
        },
        "latest_eps": 9.18,
        "latest_price": 69,
        "latest_roe": 26.76,
        "latest_gross_margin": 8.58,
        "latest_equity": 4362309,
        "latest_revenue": 3270556,
        "latest_gross_profit": 280710,
        "latest_net_income": 167296,
        "latest_debt_ratio": 61.89,
        "latest_current_ratio": 156.77,
        "latest_account_receivable_turnover_ratio": 1.23,
        "latest_inventory_turnover_ratio": null,
        "latest_reinvestment_rate": 3.24,
        "latest_research_to_sale_ratio": null
    },
    "eps_dividends": {
        "1996": {
            "cash": 0,
            "stock": 2,
            "eps": 0
        },
        "1997": {
            "cash": 0,
            "stock": 2,
            "eps": 0
        },
        "1998": {
            "cash": 0,
            "stock": 2,
            "eps": 0
        },
        "1999": {
            "cash": 0,
            "stock": 2,
            "eps": 0
        },
        "2001": {
            "cash": 1,
            "stock": 0,
            "eps": 0.91
        },
        "2002": {
            "cash": 0,
            "stock": 0,
            "eps": 0.08
        },
        "2003": {
            "cash": 0,
            "stock": 0,
            "eps": 0.01
        },
        "2004": {
            "cash": 0,
            "stock": 0,
            "eps": -2.45
        },
        "2005": {
            "cash": 0,
            "stock": 0,
            "eps": 0.92
        },
        "2006": {
            "cash": 0,
            "stock": 0,
            "eps": 1.13
        },
        "2007": {
            "cash": 1,
            "stock": 0,
            "eps": 1.18
        },
        "2008": {
            "cash": 1,
            "stock": 0,
            "eps": 0.74
        },
        "2009": {
            "cash": 1,
            "stock": 0,
            "eps": 3.87
        },
        "2010": {
            "cash": 3,
            "stock": 0,
            "eps": 3.14
        },
        "2011": {
            "cash": 4,
            "stock": 0,
            "eps": 1.15
        },
        "2012": {
            "cash": 0,
            "stock": 0,
            "eps": 1.12
        },
        "2013": {
            "cash": 1,
            "stock": 0,
            "eps": 1.68
        },
        "2014": {
            "cash": 1,
            "stock": 0,
            "eps": 1.68
        },
        "2015": {
            "cash": 2,
            "stock": 0,
            "eps": 1.27
        },
        "2016": {
            "cash": 1,
            "stock": 0,
            "eps": 1.93
        },
        "2017": {
            "cash": 2,
            "stock": 0,
            "eps": 2.79
        },
        "2018": {
            "cash": 2,
            "stock": 0,
            "eps": 3.85
        },
        "2019": {
            "cash": 3,
            "stock": 0,
            "eps": 3.79
        },
        "2020": {
            "cash": 3,
            "stock": 0,
            "eps": 5.92
        },
        "2021": {
            "cash": 4,
            "stock": 0,
            "eps": 6.97
        },
        "2022": {
            "cash": 3,
            "stock": 1,
            "eps": 9.24
        },
        "2023": {
            "cash": 4,
            "stock": 0,
            "eps": 1.43
        }
    },
    "dividends": {
        "1996-04-26": {
            "cash": 0,
            "stock": 1.5
        },
        "1997-04-25": {
            "cash": 0,
            "stock": 1.5
        },
        "1998-04-04": {
            "cash": 0,
            "stock": 1.5
        },
        "1999-03-30": {
            "cash": 0,
            "stock": 1.5
        },
        "2001-03-28": {
            "cash": 0.6,
            "stock": 0
        },
        "2002-06-14": {
            "cash": 0.3,
            "stock": 0
        },
        "2007-03-26": {
            "cash": 0.5,
            "stock": 0
        },
        "2008-03-25": {
            "cash": 0.5,
            "stock": 0
        },
        "2009-03-30": {
            "cash": 0.5,
            "stock": 0
        },
        "2010-03-25": {
            "cash": 2.9,
            "stock": 0
        },
        "2011-01-01": {
            "cash": 0.5,
            "stock": 0
        },
        "2011-03-25": {
            "cash": 2.86,
            "stock": 0
        },
        "2013-03-20": {
            "cash": 1,
            "stock": 0
        },
        "2014-06-17": {
            "cash": 1,
            "stock": 0
        },
        "2015-09-09": {
            "cash": 1.5,
            "stock": 0
        },
        "2016-08-26": {
            "cash": 1,
            "stock": 0
        },
        "2017-08-16": {
            "cash": 1.5,
            "stock": 0
        },
        "2018-08-15": {
            "cash": 2.16,
            "stock": 0
        },
        "2019-08-01": {
            "cash": 3,
            "stock": 0
        },
        "2020-08-12": {
            "cash": 3,
            "stock": 0
        },
        "2021-09-03": {
            "cash": 3.6,
            "stock": 0
        },
        "2022-08-26": {
            "cash": 2.6,
            "stock": 1
        },
        "2023-03-14": {
            "cash": 4.15,
            "stock": 0.35
        }
    },
    "prices": {
        "200101": "5.71",
        "200102": "6.72",
        "200103": "6.90",
        "200104": "6.07",
        "200105": "4.93",
        "200106": "4.62",
        "200107": "4.98",
        "200108": "4.52",
        "200109": "4.05",
        "200110": "3.80",
        "200111": "3.66",
        "200112": "4.15",
        "200201": "5.10",
        "200202": "5.15",
        "200203": "6.08",
        "200204": "9.46",
        "200205": "8.04",
        "200206": "9.71",
        "200207": "10.83",
        "200208": "8.42",
        "200209": "6.07",
        "200210": "4.62",
        "200211": "5.01",
        "200212": "5.25",
        "200301": "6.11",
        "200302": "5.72",
        "200303": "5.11",
        "200304": "5.17",
        "200305": "4.46",
        "200306": "5.13",
        "200307": "6.30",
        "200308": "6.48",
        "200309": "6.30",
        "200310": "6.90",
        "200311": "6.90",
        "200312": "6.76",
        "200401": "8.95",
        "200402": "10.62",
        "200403": "12.03",
        "200404": "12.12",
        "200405": "9.39",
        "200406": "9.72",
        "200407": "8.84",
        "200408": "7.16",
        "200409": "7.80",
        "200410": "7.48",
        "200411": "7.10",
        "200412": "7.83",
        "200501": "8.30",
        "200502": "7.39",
        "200503": "6.99",
        "200504": "4.90",
        "200505": "6.25",
        "200506": "6.98",
        "200507": "7.14",
        "200508": "7.37",
        "200509": "6.95",
        "200510": "5.71",
        "200511": "5.46",
        "200512": "6.12",
        "200601": "6.24",
        "200602": "5.75",
        "200603": "4.98",
        "200604": "5.35",
        "200605": "7.33",
        "200606": "6.91",
        "200607": "7.53",
        "200608": "6.62",
        "200609": "5.92",
        "200610": "6.85",
        "200611": "10.10",
        "200612": "10.50",
        "200701": "8.80",
        "200702": "8.70",
        "200703": "10.39",
        "200704": "11.14",
        "200705": "11.00",
        "200706": "11.23",
        "200707": "16.93",
        "200708": "17.71",
        "200709": "16.09",
        "200710": "14.54",
        "200711": "12.35",
        "200712": "11.12",
        "200801": "12.45",
        "200802": "12.85",
        "200803": "14.66",
        "200804": "18.25",
        "200805": "17.25",
        "200806": "13.94",
        "200807": "10.77",
        "200808": "9.53",
        "200809": "7.87",
        "200810": "8.44",
        "200811": "8.90",
        "200812": "9.23",
        "200901": "9.18",
        "200902": "8.50",
        "200903": "9.13",
        "200904": "11.32",
        "200905": "14.25",
        "200906": "17.06",
        "200907": "18.47",
        "200908": "18.72",
        "200909": "20.72",
        "200910": "23.09",
        "200911": "25.30",
        "200912": "25.33",
        "201001": "25.08",
        "201002": "22.62",
        "201003": "25.02",
        "201004": "29.14",
        "201005": "29.45",
        "201006": "29.75",
        "201007": "30.89",
        "201008": "28.65",
        "201009": "26.99",
        "201010": "25.18",
        "201011": "26.58",
        "201012": "28.30",
        "201101": "29.65",
        "201102": "29.19",
        "201103": "28.11",
        "201104": "29.88",
        "201105": "29.74",
        "201106": "29.64",
        "201107": "29.86",
        "201108": "24.90",
        "201109": "18.65",
        "201110": "17.86",
        "201111": "16.55",
        "201112": "14.24",
        "201201": "14.69",
        "201202": "16.56",
        "201203": "15.34",
        "201204": "13.66",
        "201205": "13.58",
        "201206": "12.97",
        "201207": "13.43",
        "201208": "13.49",
        "201209": "13.54",
        "201210": "12.81",
        "201211": "12.05",
        "201212": "12.49",
        "201301": "13.00",
        "201302": "12.99",
        "201303": "13.26",
        "201304": "14.66",
        "201305": "15.58",
        "201306": "16.30",
        "201307": "16.85",
        "201308": "16.06",
        "201309": "16.02",
        "201310": "15.83",
        "201311": "15.83",
        "201312": "16.01",
        "201401": "16.47",
        "201402": "17.19",
        "201403": "17.79",
        "201404": "17.47",
        "201405": "16.99",
        "201406": "17.15",
        "201407": "16.86",
        "201408": "16.28",
        "201409": "16.28",
        "201410": "15.43",
        "201411": "15.12",
        "201412": "15.63",
        "201501": "15.68",
        "201502": "16.81",
        "201503": "16.81",
        "201504": "17.54",
        "201505": "17.58",
        "201506": "17.10",
        "201507": "16.74",
        "201508": "14.76",
        "201509": "14.03",
        "201510": "14.97",
        "201511": "15.07",
        "201512": "14.93",
        "201601": "14.74",
        "201602": "15.35",
        "201603": "16.23",
        "201604": "15.47",
        "201605": "15.45",
        "201606": "15.60",
        "201607": "16.04",
        "201608": "15.31",
        "201609": "15.13",
        "201610": "15.16",
        "201611": "15.77",
        "201612": "17.00",
        "201701": "17.36",
        "201702": "19.05",
        "201703": "19.32",
        "201704": "19.02",
        "201705": "18.83",
        "201706": "18.74",
        "201707": "17.78",
        "201708": "16.84",
        "201709": "17.38",
        "201710": "17.63",
        "201711": "18.79",
        "201712": "19.86",
        "201801": "22.25",
        "201802": "22.29",
        "201803": "23.67",
        "201804": "25.43",
        "201805": "25.72",
        "201806": "25.62",
        "201807": "24.13",
        "201808": "23.61",
        "201809": "24.47",
        "201810": "24.48",
        "201811": "24.73",
        "201812": "26.45",
        "201901": "27.83",
        "201902": "28.61",
        "201903": "31.04",
        "201904": "32.02",
        "201905": "32.88",
        "201906": "36.76",
        "201907": "36.17",
        "201908": "36.05",
        "201909": "35.47",
        "201910": "36.60",
        "201911": "37.18",
        "201912": "37.21",
        "202001": "37.98",
        "202002": "38.12",
        "202003": "35.68",
        "202004": "35.67",
        "202005": "38.16",
        "202006": "42.05",
        "202007": "42.28",
        "202008": "44.49",
        "202009": "49.83",
        "202010": "47.82",
        "202011": "47.79",
        "202012": "48.77",
        "202101": "47.91",
        "202102": "47.41",
        "202103": "50.18",
        "202104": "50.67",
        "202105": "47.57",
        "202106": "47.62",
        "202107": "48.02",
        "202108": "46.22",
        "202109": "46.92",
        "202110": "46.38",
        "202111": "49.62",
        "202112": "49.34",
        "202201": "50.44",
        "202202": "52.00",
        "202203": "53.10",
        "202204": "56.76",
        "202205": "53.18",
        "202206": "52.25",
        "202207": "51.99",
        "202208": "50.31",
        "202209": "50.20",
        "202210": "47.19",
        "202211": "48.21",
        "202212": "50.52",
        "202301": "53.26",
        "202302": "56.03",
        "202303": "62.07",
        "202304": "69.41",
        "202305": "70.03"
    },
    "quarters": {
        "20011": {
            "year_quarter": 20011,
            "year": 2001,
            "quarter": 1,
            "eps": 0.21,
            "eps_growth_year": -58,
            "eps_4q": 0.94,
            "eps_4q_growth_year": -38.73,
            "roe": 1.81,
            "roe_4q": 1.81,
            "gross_profit": 38243,
            "gross_margin": 5.32,
            "gross_margin_4q_avg": 5.32,
            "net_income": 13970,
            "revenue": 719372,
            "common_shares": 676993,
            "book_valuer_per_share": 11.38,
            "book_valuer_per_share_4q_avg": 11.38,
            "equity": 770528,
            "current_ratio": 126.64,
            "debt_ratio": 65.68,
            "inventory_turnover_ratio": 2.21,
            "account_receivable_turnover_ratio": null,
            "reinvestment_rate": null,
            "research_to_sale_ratio": null,
            "price_fair": 0,
            "eps_avg_yearly": 0,
            "eps_latest_yearly": 0,
            "eps_growth_yearly": 0
        },
        "20012": {
            "year_quarter": 20012,
            "year": 2001,
            "quarter": 2,
            "eps": 0.24,
            "eps_growth_year": 14.29,
            "eps_4q": 0.97,
            "eps_4q_growth_year": -27.22,
            "roe": 2.1,
            "roe_4q": 3.91,
            "gross_profit": 31282,
            "gross_margin": 2.94,
            "gross_margin_4q_avg": 4.13,
            "net_income": 15940,
            "revenue": 1063494,
            "common_shares": 671063,
            "book_valuer_per_share": 11.12,
            "book_valuer_per_share_4q_avg": 11.25,
            "equity": 745992,
            "current_ratio": 133.7,
            "debt_ratio": 60.81,
            "inventory_turnover_ratio": 3.58,
            "account_receivable_turnover_ratio": null,
            "reinvestment_rate": null,
            "research_to_sale_ratio": null,
            "price_fair": 0,
            "eps_avg_yearly": 0,
            "eps_latest_yearly": 0,
            "eps_growth_yearly": 0
        },
        "20013": {
            "year_quarter": 20013,
            "year": 2001,
            "quarter": 3,
            "eps": 0.19,
            "eps_growth_year": 5.56,
            "eps_4q": 0.99,
            "eps_4q_growth_year": -9.88,
            "roe": 1.64,
            "roe_4q": 5.550000000000001,
            "gross_profit": 36692,
            "gross_margin": 4,
            "gross_margin_4q_avg": 4.09,
            "net_income": 12359,
            "revenue": 916773,
            "common_shares": 671063,
            "book_valuer_per_share": 11.28,
            "book_valuer_per_share_4q_avg": 11.26,
            "equity": 756716,
            "current_ratio": 127.27,
            "debt_ratio": 63.17,
            "inventory_turnover_ratio": 2.41,
            "account_receivable_turnover_ratio": null,
            "reinvestment_rate": null,
            "research_to_sale_ratio": null,
            "price_fair": 0,
            "eps_avg_yearly": 0,
            "eps_latest_yearly": 0,
            "eps_growth_yearly": 0
        },
        "20014": {
            "year_quarter": 20014,
            "year": 2001,
            "quarter": 4,
            "eps": 0.27,
            "eps_growth_year": -18.18,
            "eps_4q": 0.89,
            "eps_4q_growth_year": -24.27,
            "roe": 2.39,
            "roe_4q": 7.940000000000001,
            "gross_profit": 39789,
            "gross_margin": 4.1,
            "gross_margin_4q_avg": 4.09,
            "net_income": 18309,
            "revenue": 970790,
            "common_shares": 661063,
            "book_valuer_per_share": 11.74,
            "book_valuer_per_share_4q_avg": 11.38,
            "equity": 775896,
            "current_ratio": 127.67,
            "debt_ratio": 63.95,
            "inventory_turnover_ratio": 1.94,
            "account_receivable_turnover_ratio": null,
            "reinvestment_rate": null,
            "research_to_sale_ratio": null,
            "price_fair": 0,
            "eps_avg_yearly": 0,
            "eps_latest_yearly": 0,
            "eps_growth_yearly": 0
        },
        "20021": {
            "year_quarter": 20021,
            "year": 2002,
            "quarter": 1,
            "eps": 0.19,
            "eps_growth_year": -9.52,
            "eps_4q": 0.89,
            "eps_4q_growth_year": -5.61,
            "roe": 1.61,
            "roe_4q": 7.74,
            "gross_profit": 29132,
            "gross_margin": 3.23,
            "gross_margin_4q_avg": 3.57,
            "net_income": 12668,
            "revenue": 900915,
            "common_shares": 661063,
            "book_valuer_per_share": 12.1,
            "book_valuer_per_share_4q_avg": 11.56,
            "equity": 799617,
            "current_ratio": 124.67,
            "debt_ratio": 66.81,
            "inventory_turnover_ratio": 1.7,
            "account_receivable_turnover_ratio": null,
            "reinvestment_rate": null,
            "research_to_sale_ratio": null,
            "price_fair": 2.28,
            "eps_avg_yearly": 0.76,
            "eps_latest_yearly": 0.76,
            "eps_growth_yearly": -118.52
        },
        "20022": {
            "year_quarter": 20022,
            "year": 2002,
            "quarter": 2,
            "eps": -0.11,
            "eps_growth_year": -145.83,
            "eps_4q": 0.55,
            "eps_4q_growth_year": -43.65,
            "roe": -0.9,
            "roe_4q": 4.74,
            "gross_profit": 20829,
            "gross_margin": 2.21,
            "gross_margin_4q_avg": 3.39,
            "net_income": -7152,
            "revenue": 940656,
            "common_shares": 661063,
            "book_valuer_per_share": 11.84,
            "book_valuer_per_share_4q_avg": 11.74,
            "equity": 782855,
            "current_ratio": 125.59,
            "debt_ratio": 65.6,
            "inventory_turnover_ratio": 1.92,
            "account_receivable_turnover_ratio": null,
            "reinvestment_rate": null,
            "research_to_sale_ratio": null,
            "price_fair": 2.28,
            "eps_avg_yearly": 0.76,
            "eps_latest_yearly": 0.76,
            "eps_growth_yearly": -118.52
        },
        "20023": {
            "year_quarter": 20023,
            "year": 2002,
            "quarter": 3,
            "eps": -0.03,
            "eps_growth_year": -115.79,
            "eps_4q": 0.33,
            "eps_4q_growth_year": -67.09,
            "roe": -0.29,
            "roe_4q": 2.8100000000000005,
            "gross_profit": 15194,
            "gross_margin": 1.94,
            "gross_margin_4q_avg": 2.87,
            "net_income": -2260,
            "revenue": 785083,
            "common_shares": 661063,
            "book_valuer_per_share": 11.39,
            "book_valuer_per_share_4q_avg": 11.77,
            "equity": 752792,
            "current_ratio": 128.84,
            "debt_ratio": 63.62,
            "inventory_turnover_ratio": 1.47,
            "account_receivable_turnover_ratio": null,
            "reinvestment_rate": null,
            "research_to_sale_ratio": null,
            "price_fair": 2.28,
            "eps_avg_yearly": 0.76,
            "eps_latest_yearly": 0.76,
            "eps_growth_yearly": -118.52
        },
        "20024": {
            "year_quarter": 20024,
            "year": 2002,
            "quarter": 4,
            "eps": 0.03,
            "eps_growth_year": -88.89,
            "eps_4q": 0.08,
            "eps_4q_growth_year": -91.28,
            "roe": 0.26,
            "roe_4q": 0.6800000000000002,
            "gross_profit": 35686,
            "gross_margin": 4,
            "gross_margin_4q_avg": 2.85,
            "net_income": 2041,
            "revenue": 893085,
            "common_shares": 661063,
            "book_valuer_per_share": 11.47,
            "book_valuer_per_share_4q_avg": 11.7,
            "equity": 788452,
            "current_ratio": 135.06,
            "debt_ratio": 66.1,
            "inventory_turnover_ratio": 1.43,
            "account_receivable_turnover_ratio": null,
            "reinvestment_rate": -28.66,
            "research_to_sale_ratio": null,
            "price_fair": 2.28,
            "eps_avg_yearly": 0.76,
            "eps_latest_yearly": 0.76,
            "eps_growth_yearly": -118.52
        },
        "20031": {
            "year_quarter": 20031,
            "year": 2003,
            "quarter": 1,
            "eps": -0.02,
            "eps_growth_year": -110.53,
            "eps_4q": -0.12,
            "eps_4q_growth_year": -113.25,
            "roe": -0.2,
            "roe_4q": -1.13,
            "gross_profit": 14914,
            "gross_margin": 3.24,
            "gross_margin_4q_avg": 2.85,
            "net_income": -1507,
            "revenue": 460171,
            "common_shares": 661063,
            "book_valuer_per_share": 11.44,
            "book_valuer_per_share_4q_avg": 11.54,
            "equity": 756567,
            "current_ratio": 134.96,
            "debt_ratio": 59.33,
            "inventory_turnover_ratio": 0.78,
            "account_receivable_turnover_ratio": null,
            "reinvestment_rate": -43.53,
            "research_to_sale_ratio": null,
            "price_fair": 2.28,
            "eps_avg_yearly": 0.76,
            "eps_latest_yearly": 0.76,
            "eps_growth_yearly": -118.52
        },
        "20032": {
            "year_quarter": 20032,
            "year": 2003,
            "quarter": 2,
            "eps": -0.15,
            "eps_growth_year": null,
            "eps_4q": -0.17,
            "eps_4q_growth_year": -131.85,
            "roe": -1.3,
            "roe_4q": -1.53,
            "gross_profit": 7599,
            "gross_margin": 2.13,
            "gross_margin_4q_avg": 2.83,
            "net_income": -9800,
            "revenue": 356596,
            "common_shares": 661063,
            "book_valuer_per_share": 11.32,
            "book_valuer_per_share_4q_avg": 11.41,
            "equity": 748519,
            "current_ratio": 138.65,
            "debt_ratio": 56.61,
            "inventory_turnover_ratio": 0.66,
            "account_receivable_turnover_ratio": null,
            "reinvestment_rate": -52.37,
            "research_to_sale_ratio": null,
            "price_fair": 2.28,
            "eps_avg_yearly": 0.76,
            "eps_latest_yearly": 0.76,
            "eps_growth_yearly": -118.52
        },
        "20033": {
            "year_quarter": 20033,
            "year": 2003,
            "quarter": 3,
            "eps": -0.08,
            "eps_growth_year": null,
            "eps_4q": -0.22,
            "eps_4q_growth_year": -167.09,
            "roe": -0.68,
            "roe_4q": -1.9200000000000002,
            "gross_profit": 6163,
            "gross_margin": 1.96,
            "gross_margin_4q_avg": 2.83,
            "net_income": -5202,
            "revenue": 314221,
            "common_shares": 661063,
            "book_valuer_per_share": 11.92,
            "book_valuer_per_share_4q_avg": 11.54,
            "equity": 787778,
            "current_ratio": 144.83,
            "debt_ratio": 51.47,
            "inventory_turnover_ratio": 0.55,
            "account_receivable_turnover_ratio": null,
            "reinvestment_rate": -107.36,
            "research_to_sale_ratio": null,
            "price_fair": 2.28,
            "eps_avg_yearly": 0.76,
            "eps_latest_yearly": 0.76,
            "eps_growth_yearly": -118.52
        },
        "20034": {
            "year_quarter": 20034,
            "year": 2003,
            "quarter": 4,
            "eps": 0.26,
            "eps_growth_year": 766.67,
            "eps_4q": 0.01,
            "eps_4q_growth_year": -82.17,
            "roe": 2.17,
            "roe_4q": -0.010000000000000286,
            "gross_profit": 33099,
            "gross_margin": 7.39,
            "gross_margin_4q_avg": 3.68,
            "net_income": 17440,
            "revenue": 447600,
            "common_shares": 661063,
            "book_valuer_per_share": 11.92,
            "book_valuer_per_share_4q_avg": 11.65,
            "equity": 817887,
            "current_ratio": 151.83,
            "debt_ratio": 57.15,
            "inventory_turnover_ratio": 0.58,
            "account_receivable_turnover_ratio": null,
            "reinvestment_rate": -56.71,
            "research_to_sale_ratio": null,
            "price_fair": 2.28,
            "eps_avg_yearly": 0.76,
            "eps_latest_yearly": 0.76,
            "eps_growth_yearly": -118.52
        },
        "20041": {
            "year_quarter": 20041,
            "year": 2004,
            "quarter": 1,
            "eps": 0.04,
            "eps_growth_year": null,
            "eps_4q": 0.07,
            "eps_4q_growth_year": null,
            "roe": 0.36,
            "roe_4q": 0.5499999999999996,
            "gross_profit": 19669,
            "gross_margin": 4.05,
            "gross_margin_4q_avg": 3.88,
            "net_income": 2966,
            "revenue": 485309,
            "common_shares": 661063,
            "book_valuer_per_share": 12.47,
            "book_valuer_per_share_4q_avg": 11.91,
            "equity": 824335,
            "current_ratio": 141.79,
            "debt_ratio": 54.46,
            "inventory_turnover_ratio": 0.65,
            "account_receivable_turnover_ratio": null,
            "reinvestment_rate": -133.32,
            "research_to_sale_ratio": null,
            "price_fair": 1.38,
            "eps_avg_yearly": 0.46,
            "eps_latest_yearly": 0.16,
            "eps_growth_yearly": -228.49
        },
        "20042": {
            "year_quarter": 20042,
            "year": 2004,
            "quarter": 2,
            "eps": -1.52,
            "eps_growth_year": null,
            "eps_4q": -1.29,
            "eps_4q_growth_year": null,
            "roe": -13.14,
            "roe_4q": -11.290000000000001,
            "gross_profit": -152894,
            "gross_margin": -52.84,
            "gross_margin_4q_avg": -9.86,
            "net_income": -100530,
            "revenue": 289361,
            "common_shares": 661063,
            "book_valuer_per_share": 10.67,
            "book_valuer_per_share_4q_avg": 11.75,
            "equity": 705344,
            "current_ratio": 133.8,
            "debt_ratio": 55.09,
            "inventory_turnover_ratio": 0.96,
            "account_receivable_turnover_ratio": null,
            "reinvestment_rate": -2528.77,
            "research_to_sale_ratio": null,
            "price_fair": 1.38,
            "eps_avg_yearly": 0.46,
            "eps_latest_yearly": 0.16,
            "eps_growth_yearly": -228.49
        },
        "20043": {
            "year_quarter": 20043,
            "year": 2004,
            "quarter": 3,
            "eps": -1.14,
            "eps_growth_year": null,
            "eps_4q": -2.35,
            "eps_4q_growth_year": null,
            "roe": -11.29,
            "roe_4q": -21.9,
            "gross_profit": 69772,
            "gross_margin": 18.18,
            "gross_margin_4q_avg": -5.81,
            "net_income": -75104,
            "revenue": 383784,
            "common_shares": 661063,
            "book_valuer_per_share": 9.45,
            "book_valuer_per_share_4q_avg": 11.13,
            "equity": 624652,
            "current_ratio": 122.75,
            "debt_ratio": 57.42,
            "inventory_turnover_ratio": 1.19,
            "account_receivable_turnover_ratio": null,
            "reinvestment_rate": null,
            "research_to_sale_ratio": null,
            "price_fair": 1.38,
            "eps_avg_yearly": 0.46,
            "eps_latest_yearly": 0.16,
            "eps_growth_yearly": -228.49
        },
        "20044": {
            "year_quarter": 20044,
            "year": 2004,
            "quarter": 4,
            "eps": 0.17,
            "eps_growth_year": -34.62,
            "eps_4q": -2.4,
            "eps_4q_growth_year": -17379.11,
            "roe": 1.77,
            "roe_4q": -22.3,
            "gross_profit": 65497,
            "gross_margin": 7.47,
            "gross_margin_4q_avg": -5.79,
            "net_income": 11429,
            "revenue": 876489,
            "common_shares": 661063,
            "book_valuer_per_share": 9.61,
            "book_valuer_per_share_4q_avg": 10.55,
            "equity": 667185,
            "current_ratio": 133.55,
            "debt_ratio": 63.59,
            "inventory_turnover_ratio": 3.91,
            "account_receivable_turnover_ratio": null,
            "reinvestment_rate": null,
            "research_to_sale_ratio": null,
            "price_fair": 1.38,
            "eps_avg_yearly": 0.46,
            "eps_latest_yearly": 0.16,
            "eps_growth_yearly": -228.49
        },
        "20051": {
            "year_quarter": 20051,
            "year": 2005,
            "quarter": 1,
            "eps": 0.55,
            "eps_growth_year": 1275,
            "eps_4q": -1.96,
            "eps_4q_growth_year": -2784.53,
            "roe": 5.41,
            "roe_4q": -17.25,
            "gross_profit": 83387,
            "gross_margin": 10.1,
            "gross_margin_4q_avg": -4.27,
            "net_income": 36032,
            "revenue": 825749,
            "common_shares": 661063,
            "book_valuer_per_share": 10.05,
            "book_valuer_per_share_4q_avg": 9.95,
            "equity": 664689,
            "current_ratio": 139.82,
            "debt_ratio": 53.25,
            "inventory_turnover_ratio": 3.19,
            "account_receivable_turnover_ratio": null,
            "reinvestment_rate": null,
            "research_to_sale_ratio": null,
            "price_fair": 36.4,
            "eps_avg_yearly": 1.04,
            "eps_latest_yearly": 2.2,
            "eps_growth_yearly": 145.71
        },
        "20052": {
            "year_quarter": 20052,
            "year": 2005,
            "quarter": 2,
            "eps": -0.38,
            "eps_growth_year": null,
            "eps_4q": -0.8,
            "eps_4q_growth_year": null,
            "roe": -3.9,
            "roe_4q": -8.009999999999998,
            "gross_profit": 15435,
            "gross_margin": 1.85,
            "gross_margin_4q_avg": 9.4,
            "net_income": -25325,
            "revenue": 835853,
            "common_shares": 661063,
            "book_valuer_per_share": 9.58,
            "book_valuer_per_share_4q_avg": 9.67,
            "equity": 633301,
            "current_ratio": 126.68,
            "debt_ratio": 62.27,
            "inventory_turnover_ratio": 4.41,
            "account_receivable_turnover_ratio": null,
            "reinvestment_rate": null,
            "research_to_sale_ratio": null,
            "price_fair": 36.4,
            "eps_avg_yearly": 1.04,
            "eps_latest_yearly": 2.2,
            "eps_growth_yearly": 145.71
        },
        "20053": {
            "year_quarter": 20053,
            "year": 2005,
            "quarter": 3,
            "eps": 0.22,
            "eps_growth_year": null,
            "eps_4q": 0.56,
            "eps_4q_growth_year": null,
            "roe": 2.26,
            "roe_4q": 5.54,
            "gross_profit": 30492,
            "gross_margin": 3.43,
            "gross_margin_4q_avg": 5.71,
            "net_income": 14468,
            "revenue": 888752,
            "common_shares": 661063,
            "book_valuer_per_share": 9.78,
            "book_valuer_per_share_4q_avg": 9.76,
            "equity": 646680,
            "current_ratio": 120.32,
            "debt_ratio": 69.28,
            "inventory_turnover_ratio": 5.67,
            "account_receivable_turnover_ratio": null,
            "reinvestment_rate": null,
            "research_to_sale_ratio": null,
            "price_fair": 36.4,
            "eps_avg_yearly": 1.04,
            "eps_latest_yearly": 2.2,
            "eps_growth_yearly": 145.71
        },
        "20054": {
            "year_quarter": 20054,
            "year": 2005,
            "quarter": 4,
            "eps": 0.53,
            "eps_growth_year": 211.76,
            "eps_4q": 0.91,
            "eps_4q_growth_year": null,
            "roe": 5.16,
            "roe_4q": 8.93,
            "gross_profit": 33643,
            "gross_margin": 2.88,
            "gross_margin_4q_avg": 4.57,
            "net_income": 35007,
            "revenue": 1169007,
            "common_shares": 661063,
            "book_valuer_per_share": 10.29,
            "book_valuer_per_share_4q_avg": 9.93,
            "equity": 709843,
            "current_ratio": 126.52,
            "debt_ratio": 69.8,
            "inventory_turnover_ratio": 8.61,
            "account_receivable_turnover_ratio": null,
            "reinvestment_rate": null,
            "research_to_sale_ratio": null,
            "price_fair": 45.85,
            "eps_avg_yearly": 1.31,
            "eps_latest_yearly": 2.12,
            "eps_growth_yearly": 250.19
        },
        "20061": {
            "year_quarter": 20061,
            "year": 2006,
            "quarter": 1,
            "eps": 0.48,
            "eps_growth_year": -12.73,
            "eps_4q": 0.85,
            "eps_4q_growth_year": null,
            "roe": 4.48,
            "roe_4q": 8,
            "gross_profit": 53385,
            "gross_margin": 31.88,
            "gross_margin_4q_avg": 10.01,
            "net_income": 31549,
            "revenue": 167436,
            "common_shares": 661063,
            "book_valuer_per_share": 10.57,
            "book_valuer_per_share_4q_avg": 10.06,
            "equity": 698518,
            "current_ratio": 133.84,
            "debt_ratio": 59.87,
            "inventory_turnover_ratio": 1.1,
            "account_receivable_turnover_ratio": null,
            "reinvestment_rate": null,
            "research_to_sale_ratio": null,
            "price_fair": 56,
            "eps_avg_yearly": 1.6,
            "eps_latest_yearly": 1.92,
            "eps_growth_yearly": 270.39
        },
        "20062": {
            "year_quarter": 20062,
            "year": 2006,
            "quarter": 2,
            "eps": -0.11,
            "eps_growth_year": null,
            "eps_4q": 1.12,
            "eps_4q_growth_year": null,
            "roe": -0.99,
            "roe_4q": 10.91,
            "gross_profit": -6575,
            "gross_margin": -2.95,
            "gross_margin_4q_avg": 8.81,
            "net_income": -6971,
            "revenue": 222808,
            "common_shares": 661063,
            "book_valuer_per_share": 10.77,
            "book_valuer_per_share_4q_avg": 10.35,
            "equity": 711987,
            "current_ratio": 145.24,
            "debt_ratio": 52,
            "inventory_turnover_ratio": 2.29,
            "account_receivable_turnover_ratio": null,
            "reinvestment_rate": null,
            "research_to_sale_ratio": null,
            "price_fair": 56,
            "eps_avg_yearly": 1.6,
            "eps_latest_yearly": 1.92,
            "eps_growth_yearly": 270.39
        },
        "20063": {
            "year_quarter": 20063,
            "year": 2006,
            "quarter": 3,
            "eps": 0.26,
            "eps_growth_year": 18.18,
            "eps_4q": 1.16,
            "eps_4q_growth_year": 108.84,
            "roe": 2.38,
            "roe_4q": 11.030000000000001,
            "gross_profit": 36275,
            "gross_margin": 11.61,
            "gross_margin_4q_avg": 10.86,
            "net_income": 17168,
            "revenue": 312347,
            "common_shares": 661063,
            "book_valuer_per_share": 11.06,
            "book_valuer_per_share_4q_avg": 10.67,
            "equity": 730926,
            "current_ratio": 153.08,
            "debt_ratio": 49.17,
            "inventory_turnover_ratio": 2.13,
            "account_receivable_turnover_ratio": null,
            "reinvestment_rate": null,
            "research_to_sale_ratio": null,
            "price_fair": 56,
            "eps_avg_yearly": 1.6,
            "eps_latest_yearly": 1.92,
            "eps_growth_yearly": 270.39
        },
        "20064": {
            "year_quarter": 20064,
            "year": 2006,
            "quarter": 4,
            "eps": 0.5,
            "eps_growth_year": -5.66,
            "eps_4q": 1.13,
            "eps_4q_growth_year": 23.81,
            "roe": 4.23,
            "roe_4q": 10.100000000000001,
            "gross_profit": 48553,
            "gross_margin": 8.4,
            "gross_margin_4q_avg": 12.24,
            "net_income": 33232,
            "revenue": 578342,
            "common_shares": 661063,
            "book_valuer_per_share": 12.28,
            "book_valuer_per_share_4q_avg": 11.17,
            "equity": 841625,
            "current_ratio": 156.49,
            "debt_ratio": 53.5,
            "inventory_turnover_ratio": 1.96,
            "account_receivable_turnover_ratio": null,
            "reinvestment_rate": null,
            "research_to_sale_ratio": null,
            "price_fair": 58.8,
            "eps_avg_yearly": 1.68,
            "eps_latest_yearly": 2,
            "eps_growth_yearly": 290.16
        },
        "20071": {
            "year_quarter": 20071,
            "year": 2007,
            "quarter": 1,
            "eps": 0.45,
            "eps_growth_year": -6.25,
            "eps_4q": 1.11,
            "eps_4q_growth_year": 30.53,
            "roe": 3.55,
            "roe_4q": 9.17,
            "gross_profit": 67886,
            "gross_margin": 14.75,
            "gross_margin_4q_avg": 7.95,
            "net_income": 29784,
            "revenue": 460161,
            "common_shares": 661063,
            "book_valuer_per_share": 12.62,
            "book_valuer_per_share_4q_avg": 11.68,
            "equity": 834545,
            "current_ratio": 154.33,
            "debt_ratio": 50.06,
            "inventory_turnover_ratio": 1.12,
            "account_receivable_turnover_ratio": null,
            "reinvestment_rate": -1252.84,
            "research_to_sale_ratio": null,
            "price_fair": 59.5,
            "eps_avg_yearly": 1.7,
            "eps_latest_yearly": 1.8,
            "eps_growth_yearly": 235.13
        },
        "20072": {
            "year_quarter": 20072,
            "year": 2007,
            "quarter": 2,
            "eps": 0.1,
            "eps_growth_year": null,
            "eps_4q": 1.3,
            "eps_4q_growth_year": 15.95,
            "roe": 0.82,
            "roe_4q": 10.98,
            "gross_profit": 22807,
            "gross_margin": 4.31,
            "gross_margin_4q_avg": 9.77,
            "net_income": 6688,
            "revenue": 528847,
            "common_shares": 661063,
            "book_valuer_per_share": 12.1,
            "book_valuer_per_share_4q_avg": 12.02,
            "equity": 800103,
            "current_ratio": 152.97,
            "debt_ratio": 49.78,
            "inventory_turnover_ratio": 2.37,
            "account_receivable_turnover_ratio": null,
            "reinvestment_rate": -335.77,
            "research_to_sale_ratio": null,
            "price_fair": 53,
            "eps_avg_yearly": 1.51,
            "eps_latest_yearly": 0.4,
            "eps_growth_yearly": 157.1
        },
        "20073": {
            "year_quarter": 20073,
            "year": 2007,
            "quarter": 3,
            "eps": 0.26,
            "eps_growth_year": 0,
            "eps_4q": 1.32,
            "eps_4q_growth_year": 13.6,
            "roe": 2.11,
            "roe_4q": 10.71,
            "gross_profit": 19266,
            "gross_margin": 3.78,
            "gross_margin_4q_avg": 7.81,
            "net_income": 17090,
            "revenue": 509408,
            "common_shares": 661063,
            "book_valuer_per_share": 12.38,
            "book_valuer_per_share_4q_avg": 12.35,
            "equity": 818215,
            "current_ratio": 162.07,
            "debt_ratio": 45.59,
            "inventory_turnover_ratio": 3.13,
            "account_receivable_turnover_ratio": null,
            "reinvestment_rate": -24.48,
            "research_to_sale_ratio": null,
            "price_fair": 50.93,
            "eps_avg_yearly": 1.46,
            "eps_latest_yearly": 1.04,
            "eps_growth_yearly": 217.46
        },
        "20074": {
            "year_quarter": 20074,
            "year": 2007,
            "quarter": 4,
            "eps": 0.37,
            "eps_growth_year": -26,
            "eps_4q": 1.18,
            "eps_4q_growth_year": 4.93,
            "roe": 2.92,
            "roe_4q": 9.399999999999999,
            "gross_profit": 65944,
            "gross_margin": 7.77,
            "gross_margin_4q_avg": 7.65,
            "net_income": 24356,
            "revenue": 848555,
            "common_shares": 661063,
            "book_valuer_per_share": 12.4,
            "book_valuer_per_share_4q_avg": 12.38,
            "equity": 850576,
            "current_ratio": 152.93,
            "debt_ratio": 56.19,
            "inventory_turnover_ratio": 4.06,
            "account_receivable_turnover_ratio": null,
            "reinvestment_rate": -144.21,
            "research_to_sale_ratio": null,
            "price_fair": 51.02,
            "eps_avg_yearly": 1.46,
            "eps_latest_yearly": 1.48,
            "eps_growth_yearly": 212.1
        },
        "20081": {
            "year_quarter": 20081,
            "year": 2008,
            "quarter": 1,
            "eps": 0.09,
            "eps_growth_year": -80,
            "eps_4q": 0.83,
            "eps_4q_growth_year": -24.81,
            "roe": 0.66,
            "roe_4q": 6.51,
            "gross_profit": 33572,
            "gross_margin": 4.95,
            "gross_margin_4q_avg": 5.2,
            "net_income": 5819,
            "revenue": 677711,
            "common_shares": 661063,
            "book_valuer_per_share": 13.37,
            "book_valuer_per_share_4q_avg": 12.56,
            "equity": 915000,
            "current_ratio": 162.55,
            "debt_ratio": 50.52,
            "inventory_turnover_ratio": 2.95,
            "account_receivable_turnover_ratio": null,
            "reinvestment_rate": -105.2,
            "research_to_sale_ratio": null,
            "price_fair": 51.8,
            "eps_avg_yearly": 1.48,
            "eps_latest_yearly": 0.36,
            "eps_growth_yearly": 216.07
        },
        "20082": {
            "year_quarter": 20082,
            "year": 2008,
            "quarter": 2,
            "eps": 0.26,
            "eps_growth_year": 160,
            "eps_4q": 0.98,
            "eps_4q_growth_year": -24.93,
            "roe": 1.97,
            "roe_4q": 7.66,
            "gross_profit": 49044,
            "gross_margin": 5.85,
            "gross_margin_4q_avg": 5.59,
            "net_income": 17195,
            "revenue": 838229,
            "common_shares": 661063,
            "book_valuer_per_share": 12.55,
            "book_valuer_per_share_4q_avg": 12.68,
            "equity": 832493,
            "current_ratio": 158.78,
            "debt_ratio": 57.74,
            "inventory_turnover_ratio": 3.77,
            "account_receivable_turnover_ratio": null,
            "reinvestment_rate": -68.84,
            "research_to_sale_ratio": null,
            "price_fair": 50.26,
            "eps_avg_yearly": 1.44,
            "eps_latest_yearly": 1.04,
            "eps_growth_yearly": 270.02
        },
        "20083": {
            "year_quarter": 20083,
            "year": 2008,
            "quarter": 3,
            "eps": 0.13,
            "eps_growth_year": -50,
            "eps_4q": 1.01,
            "eps_4q_growth_year": -23.19,
            "roe": 0.88,
            "roe_4q": 6.43,
            "gross_profit": 41095,
            "gross_margin": 7.48,
            "gross_margin_4q_avg": 6.51,
            "net_income": 7161,
            "revenue": 549248,
            "common_shares": 661063,
            "book_valuer_per_share": 11.94,
            "book_valuer_per_share_4q_avg": 12.57,
            "equity": 790863,
            "current_ratio": 147.53,
            "debt_ratio": 59.04,
            "inventory_turnover_ratio": 2.59,
            "account_receivable_turnover_ratio": null,
            "reinvestment_rate": -46.32,
            "research_to_sale_ratio": null,
            "price_fair": 47.35,
            "eps_avg_yearly": 1.35,
            "eps_latest_yearly": 0.52,
            "eps_growth_yearly": 227.29
        },
        "20084": {
            "year_quarter": 20084,
            "year": 2008,
            "quarter": 4,
            "eps": 0.26,
            "eps_growth_year": -29.73,
            "eps_4q": 0.69,
            "eps_4q_growth_year": -41.49,
            "roe": 2.28,
            "roe_4q": 5.79,
            "gross_profit": 47204,
            "gross_margin": 5.05,
            "gross_margin_4q_avg": 5.83,
            "net_income": 18215,
            "revenue": 934613,
            "common_shares": 661063,
            "book_valuer_per_share": 12.18,
            "book_valuer_per_share_4q_avg": 12.51,
            "equity": 807907,
            "current_ratio": 149.41,
            "debt_ratio": 58.73,
            "inventory_turnover_ratio": 3.23,
            "account_receivable_turnover_ratio": 2.4,
            "reinvestment_rate": -24.73,
            "research_to_sale_ratio": null,
            "price_fair": 46.43,
            "eps_avg_yearly": 1.33,
            "eps_latest_yearly": 1.04,
            "eps_growth_yearly": 241.69
        },
        "20091": {
            "year_quarter": 20091,
            "year": 2009,
            "quarter": 1,
            "eps": 0.6,
            "eps_growth_year": 566.67,
            "eps_4q": 1.14,
            "eps_4q_growth_year": 37.57,
            "roe": 5.15,
            "roe_4q": 10.280000000000001,
            "gross_profit": 62892,
            "gross_margin": 6.87,
            "gross_margin_4q_avg": 6.31,
            "net_income": 43164,
            "revenue": 915603,
            "common_shares": 661063,
            "book_valuer_per_share": 13.03,
            "book_valuer_per_share_4q_avg": 12.43,
            "equity": 867719,
            "current_ratio": 148.45,
            "debt_ratio": 59.12,
            "inventory_turnover_ratio": 2.64,
            "account_receivable_turnover_ratio": 1.15,
            "reinvestment_rate": -19.72,
            "research_to_sale_ratio": null,
            "price_fair": 47.02,
            "eps_avg_yearly": 1.34,
            "eps_latest_yearly": 2.4,
            "eps_growth_yearly": 210.77
        },
        "20092": {
            "year_quarter": 20092,
            "year": 2009,
            "quarter": 2,
            "eps": 1.19,
            "eps_growth_year": 357.69,
            "eps_4q": 2.24,
            "eps_4q_growth_year": 129.9,
            "roe": 8.34,
            "roe_4q": 16.65,
            "gross_profit": 75656,
            "gross_margin": 7.52,
            "gross_margin_4q_avg": 6.73,
            "net_income": 76097,
            "revenue": 1006370,
            "common_shares": 661063,
            "book_valuer_per_share": 14.41,
            "book_valuer_per_share_4q_avg": 12.89,
            "equity": 957008,
            "current_ratio": 144.89,
            "debt_ratio": 60.21,
            "inventory_turnover_ratio": 2.55,
            "account_receivable_turnover_ratio": 1.14,
            "reinvestment_rate": -14.29,
            "research_to_sale_ratio": null,
            "price_fair": 56.22,
            "eps_avg_yearly": 1.61,
            "eps_latest_yearly": 4.76,
            "eps_growth_yearly": 224.81
        },
        "20093": {
            "year_quarter": 20093,
            "year": 2009,
            "quarter": 3,
            "eps": 0.66,
            "eps_growth_year": 407.69,
            "eps_4q": 2.66,
            "eps_4q_growth_year": 162.53,
            "roe": 4.41,
            "roe_4q": 20.18,
            "gross_profit": 51353,
            "gross_margin": 6.28,
            "gross_margin_4q_avg": 6.43,
            "net_income": 44229,
            "revenue": 818229,
            "common_shares": 661120,
            "book_valuer_per_share": 15.8,
            "book_valuer_per_share_4q_avg": 13.86,
            "equity": 1049796,
            "current_ratio": 173.81,
            "debt_ratio": 58.94,
            "inventory_turnover_ratio": 2.37,
            "account_receivable_turnover_ratio": 0.88,
            "reinvestment_rate": -13,
            "research_to_sale_ratio": null,
            "price_fair": 58.8,
            "eps_avg_yearly": 1.68,
            "eps_latest_yearly": 2.64,
            "eps_growth_yearly": 196.03
        },
        "20094": {
            "year_quarter": 20094,
            "year": 2009,
            "quarter": 4,
            "eps": 1.42,
            "eps_growth_year": 446.15,
            "eps_4q": 3.84,
            "eps_4q_growth_year": 453.83,
            "roe": 8.45,
            "roe_4q": 26.35,
            "gross_profit": 159504,
            "gross_margin": 13.25,
            "gross_margin_4q_avg": 8.48,
            "net_income": 91014,
            "revenue": 1204028,
            "common_shares": 663760,
            "book_valuer_per_share": 17.03,
            "book_valuer_per_share_4q_avg": 15.07,
            "equity": 1103927,
            "current_ratio": 158.32,
            "debt_ratio": 63.63,
            "inventory_turnover_ratio": 3.02,
            "account_receivable_turnover_ratio": 2.52,
            "reinvestment_rate": 26.5,
            "research_to_sale_ratio": null,
            "price_fair": 67.7,
            "eps_avg_yearly": 1.93,
            "eps_latest_yearly": 5.68,
            "eps_growth_yearly": 188.67
        },
        "20101": {
            "year_quarter": 20101,
            "year": 2010,
            "quarter": 1,
            "eps": 1.1,
            "eps_growth_year": 83.33,
            "eps_4q": 4.38,
            "eps_4q_growth_year": 282.99,
            "roe": 6.27,
            "roe_4q": 27.47,
            "gross_profit": 115651,
            "gross_margin": 11.19,
            "gross_margin_4q_avg": 9.56,
            "net_income": 71810,
            "revenue": 1033376,
            "common_shares": 664041,
            "book_valuer_per_share": 18.1,
            "book_valuer_per_share_4q_avg": 16.34,
            "equity": 1187452,
            "current_ratio": 171.12,
            "debt_ratio": 59.36,
            "inventory_turnover_ratio": 2.03,
            "account_receivable_turnover_ratio": 1.07,
            "reinvestment_rate": 81.33,
            "research_to_sale_ratio": null,
            "price_fair": 73.9,
            "eps_avg_yearly": 2.11,
            "eps_latest_yearly": 4.4,
            "eps_growth_yearly": 184.92
        },
        "20102": {
            "year_quarter": 20102,
            "year": 2010,
            "quarter": 2,
            "eps": 0.83,
            "eps_growth_year": -30.23,
            "eps_4q": 3.98,
            "eps_4q_growth_year": 77.37,
            "roe": 5.07,
            "roe_4q": 24.2,
            "gross_profit": 125531,
            "gross_margin": 7.31,
            "gross_margin_4q_avg": 9.51,
            "net_income": 56999,
            "revenue": 1716612,
            "common_shares": 678479,
            "book_valuer_per_share": 15.96,
            "book_valuer_per_share_4q_avg": 16.72,
            "equity": 1061538,
            "current_ratio": 148.48,
            "debt_ratio": 67.27,
            "inventory_turnover_ratio": 4.74,
            "account_receivable_turnover_ratio": 1.52,
            "reinvestment_rate": 68.3,
            "research_to_sale_ratio": null,
            "price_fair": 76.72,
            "eps_avg_yearly": 2.19,
            "eps_latest_yearly": 3.32,
            "eps_growth_yearly": 166.05
        },
        "20103": {
            "year_quarter": 20103,
            "year": 2010,
            "quarter": 3,
            "eps": 0.68,
            "eps_growth_year": 2.92,
            "eps_4q": 2.33,
            "eps_4q_growth_year": -12.67,
            "roe": 6.26,
            "roe_4q": 26.05,
            "gross_profit": 104198,
            "gross_margin": 5.72,
            "gross_margin_4q_avg": 9.37,
            "net_income": 90434,
            "revenue": 1822391,
            "common_shares": 686007,
            "book_valuer_per_share": 19.34,
            "book_valuer_per_share_4q_avg": 17.61,
            "equity": 1825620,
            "current_ratio": 178.17,
            "debt_ratio": 51.78,
            "inventory_turnover_ratio": 5.14,
            "account_receivable_turnover_ratio": 1.57,
            "reinvestment_rate": 60.49,
            "research_to_sale_ratio": null,
            "price_fair": 77.88,
            "eps_avg_yearly": 2.23,
            "eps_latest_yearly": 2.72,
            "eps_growth_yearly": 151.15
        },
        "20104": {
            "year_quarter": 20104,
            "year": 2010,
            "quarter": 4,
            "eps": 0.53,
            "eps_growth_year": -62.91,
            "eps_4q": 2.66,
            "eps_4q_growth_year": -30.67,
            "roe": 2.63,
            "roe_4q": 20.23,
            "gross_profit": 111179,
            "gross_margin": 6.89,
            "gross_margin_4q_avg": 7.78,
            "net_income": 50222,
            "revenue": 1612871,
            "common_shares": 1028193,
            "book_valuer_per_share": 19.62,
            "book_valuer_per_share_4q_avg": 18.26,
            "equity": 1991219,
            "current_ratio": 172.49,
            "debt_ratio": 54.05,
            "inventory_turnover_ratio": 2.73,
            "account_receivable_turnover_ratio": 1.33,
            "reinvestment_rate": 56.96,
            "research_to_sale_ratio": null,
            "price_fair": 78.14,
            "eps_avg_yearly": 2.23,
            "eps_latest_yearly": 2.12,
            "eps_growth_yearly": 122.56
        },
        "20111": {
            "year_quarter": 20111,
            "year": 2011,
            "quarter": 1,
            "eps": 0.58,
            "eps_growth_year": -47.27,
            "eps_4q": 2.47,
            "eps_4q_growth_year": -43.68,
            "roe": 3.33,
            "roe_4q": 17.29,
            "gross_profit": 108860,
            "gross_margin": 6.12,
            "gross_margin_4q_avg": 6.51,
            "net_income": 67850,
            "revenue": 1779242,
            "common_shares": 1040118,
            "book_valuer_per_share": 19.79,
            "book_valuer_per_share_4q_avg": 18.68,
            "equity": 2084976,
            "current_ratio": 168.71,
            "debt_ratio": 55.48,
            "inventory_turnover_ratio": 2.53,
            "account_receivable_turnover_ratio": 1.36,
            "reinvestment_rate": 56.02,
            "research_to_sale_ratio": null,
            "price_fair": 79.28,
            "eps_avg_yearly": 2.27,
            "eps_latest_yearly": 2.32,
            "eps_growth_yearly": 127.42
        },
        "20112": {
            "year_quarter": 20112,
            "year": 2011,
            "quarter": 2,
            "eps": 0.68,
            "eps_growth_year": -17.55,
            "eps_4q": 2.62,
            "eps_4q_growth_year": -34.23,
            "roe": 3.16,
            "roe_4q": 15.38,
            "gross_profit": 91233,
            "gross_margin": 6.35,
            "gross_margin_4q_avg": 6.27,
            "net_income": 62388,
            "revenue": 1435902,
            "common_shares": 1065894,
            "book_valuer_per_share": 17.84,
            "book_valuer_per_share_4q_avg": 19.15,
            "equity": 1867273,
            "current_ratio": 152.35,
            "debt_ratio": 61.38,
            "inventory_turnover_ratio": 2.09,
            "account_receivable_turnover_ratio": 1.03,
            "reinvestment_rate": 11.28,
            "research_to_sale_ratio": null,
            "price_fair": 84.35,
            "eps_avg_yearly": 2.41,
            "eps_latest_yearly": 2.72,
            "eps_growth_yearly": 151.18
        },
        "20113": {
            "year_quarter": 20113,
            "year": 2011,
            "quarter": 3,
            "eps": 0.2,
            "eps_growth_year": -70.61,
            "eps_4q": 1.9,
            "eps_4q_growth_year": -18.3,
            "roe": 1.14,
            "roe_4q": 10.26,
            "gross_profit": 62585,
            "gross_margin": 4.79,
            "gross_margin_4q_avg": 6.04,
            "net_income": 21560,
            "revenue": 1306270,
            "common_shares": 1079497,
            "book_valuer_per_share": 17.7,
            "book_valuer_per_share_4q_avg": 18.74,
            "equity": 1910280,
            "current_ratio": 170.04,
            "debt_ratio": 54.67,
            "inventory_turnover_ratio": 2.07,
            "account_receivable_turnover_ratio": 0.82,
            "reinvestment_rate": 11.3,
            "research_to_sale_ratio": null,
            "price_fair": 83.83,
            "eps_avg_yearly": 2.4,
            "eps_latest_yearly": 0.8,
            "eps_growth_yearly": 93.53
        },
        "20114": {
            "year_quarter": 20114,
            "year": 2011,
            "quarter": 4,
            "eps": -0.31,
            "eps_growth_year": -159.76,
            "eps_4q": 1.12,
            "eps_4q_growth_year": -58,
            "roe": -1.75,
            "roe_4q": 5.88,
            "gross_profit": 22802,
            "gross_margin": 1.15,
            "gross_margin_4q_avg": 4.6,
            "net_income": -33127,
            "revenue": 1981026,
            "common_shares": 1079497,
            "book_valuer_per_share": 17.71,
            "book_valuer_per_share_4q_avg": 18.26,
            "equity": 1878474,
            "current_ratio": 163.41,
            "debt_ratio": 57.04,
            "inventory_turnover_ratio": 4.16,
            "account_receivable_turnover_ratio": 1.26,
            "reinvestment_rate": 18.31,
            "research_to_sale_ratio": null,
            "price_fair": 85.96,
            "eps_avg_yearly": 2.46,
            "eps_latest_yearly": 0.8,
            "eps_growth_yearly": 88.48
        },
        "20121": {
            "year_quarter": 20121,
            "year": 2012,
            "quarter": 1,
            "eps": 0.56,
            "eps_growth_year": -3.45,
            "eps_4q": 1.11,
            "eps_4q_growth_year": -55.02,
            "roe": 3.16,
            "roe_4q": 5.71,
            "gross_profit": 87784,
            "gross_margin": 4.31,
            "gross_margin_4q_avg": 4.15,
            "net_income": 60004,
            "revenue": 2038427,
            "common_shares": 1079497,
            "book_valuer_per_share": 17.75,
            "book_valuer_per_share_4q_avg": 17.75,
            "equity": 1916051,
            "current_ratio": 171.78,
            "debt_ratio": 54.31,
            "inventory_turnover_ratio": 4.16,
            "account_receivable_turnover_ratio": 1.26,
            "reinvestment_rate": 29.03,
            "research_to_sale_ratio": null,
            "price_fair": 91.2,
            "eps_avg_yearly": 2.61,
            "eps_latest_yearly": 0.8,
            "eps_growth_yearly": 116.42
        },
        "20122": {
            "year_quarter": 20122,
            "year": 2012,
            "quarter": 2,
            "eps": -0.36,
            "eps_growth_year": -152.73,
            "eps_4q": 0.09,
            "eps_4q_growth_year": -96.43,
            "roe": -2.03,
            "roe_4q": 0.5200000000000002,
            "gross_profit": -24972,
            "gross_margin": -1.66,
            "gross_margin_4q_avg": 2.15,
            "net_income": -38275,
            "revenue": 1508286,
            "common_shares": 1079497,
            "book_valuer_per_share": 17.54,
            "book_valuer_per_share_4q_avg": 17.68,
            "equity": 1859635,
            "current_ratio": 165.99,
            "debt_ratio": 56.53,
            "inventory_turnover_ratio": 2.52,
            "account_receivable_turnover_ratio": 0.91,
            "reinvestment_rate": 28.89,
            "research_to_sale_ratio": null,
            "price_fair": 95.42,
            "eps_avg_yearly": 2.73,
            "eps_latest_yearly": 0.8,
            "eps_growth_yearly": 67.26
        },
        "20123": {
            "year_quarter": 20123,
            "year": 2012,
            "quarter": 3,
            "eps": 0.49,
            "eps_growth_year": 145.28,
            "eps_4q": 0.38,
            "eps_4q_growth_year": -80,
            "roe": 2.74,
            "roe_4q": 2.1200000000000006,
            "gross_profit": 70822,
            "gross_margin": 4.18,
            "gross_margin_4q_avg": 2,
            "net_income": 51934,
            "revenue": 1693835,
            "common_shares": 1079497,
            "book_valuer_per_share": 18.22,
            "book_valuer_per_share_4q_avg": 17.81,
            "equity": 1932201,
            "current_ratio": 170.44,
            "debt_ratio": 55.21,
            "inventory_turnover_ratio": 2.28,
            "account_receivable_turnover_ratio": 1.06,
            "reinvestment_rate": 29.96,
            "research_to_sale_ratio": null,
            "price_fair": 101.85,
            "eps_avg_yearly": 2.91,
            "eps_latest_yearly": 0.8,
            "eps_growth_yearly": 89.53
        },
        "20124": {
            "year_quarter": 20124,
            "year": 2012,
            "quarter": 4,
            "eps": 0.43,
            "eps_growth_year": null,
            "eps_4q": 1.12,
            "eps_4q_growth_year": 0.42,
            "roe": 2.31,
            "roe_4q": 6.1800000000000015,
            "gross_profit": 71191,
            "gross_margin": 4.11,
            "gross_margin_4q_avg": 2.74,
            "net_income": 45275,
            "revenue": 1730866,
            "common_shares": 1060357,
            "book_valuer_per_share": 18.68,
            "book_valuer_per_share_4q_avg": 18.05,
            "equity": 1980677,
            "current_ratio": 165.62,
            "debt_ratio": 57,
            "inventory_turnover_ratio": 2.23,
            "account_receivable_turnover_ratio": 1.05,
            "reinvestment_rate": 29.12,
            "research_to_sale_ratio": null,
            "price_fair": 103.83,
            "eps_avg_yearly": 2.97,
            "eps_latest_yearly": 1.72,
            "eps_growth_yearly": 52.12
        },
        "20131": {
            "year_quarter": 20131,
            "year": 2013,
            "quarter": 1,
            "eps": 0.47,
            "eps_growth_year": -16.07,
            "eps_4q": 1.02,
            "eps_4q_growth_year": -7.87,
            "roe": 2.45,
            "roe_4q": 5.470000000000001,
            "gross_profit": 66639,
            "gross_margin": 4.89,
            "gross_margin_4q_avg": 2.88,
            "net_income": 49525,
            "revenue": 1362546,
            "common_shares": 1060357,
            "book_valuer_per_share": 19.49,
            "book_valuer_per_share_4q_avg": 18.48,
            "equity": 2066742,
            "current_ratio": 175.47,
            "debt_ratio": 52.34,
            "inventory_turnover_ratio": 1.98,
            "account_receivable_turnover_ratio": 0.77,
            "reinvestment_rate": 34.8,
            "research_to_sale_ratio": null,
            "price_fair": 63.22,
            "eps_avg_yearly": 2.92,
            "eps_latest_yearly": 1.88,
            "eps_growth_yearly": 11.63
        },
        "20132": {
            "year_quarter": 20132,
            "year": 2013,
            "quarter": 2,
            "eps": 0.48,
            "eps_growth_year": null,
            "eps_4q": 1.86,
            "eps_4q_growth_year": 1894.34,
            "roe": 2.45,
            "roe_4q": 9.950000000000001,
            "gross_profit": 64420,
            "gross_margin": 5.08,
            "gross_margin_4q_avg": 4.57,
            "net_income": 50820,
            "revenue": 1267607,
            "common_shares": 1060357,
            "book_valuer_per_share": 19.67,
            "book_valuer_per_share_4q_avg": 19.02,
            "equity": 2086227,
            "current_ratio": 180.46,
            "debt_ratio": 50.25,
            "inventory_turnover_ratio": 1.81,
            "account_receivable_turnover_ratio": 0.79,
            "reinvestment_rate": 46.15,
            "research_to_sale_ratio": null,
            "price_fair": 8.06,
            "eps_avg_yearly": 2.69,
            "eps_latest_yearly": 1.92,
            "eps_growth_yearly": -20.44
        },
        "20133": {
            "year_quarter": 20133,
            "year": 2013,
            "quarter": 3,
            "eps": 0.41,
            "eps_growth_year": -16.28,
            "eps_4q": 1.79,
            "eps_4q_growth_year": 370.19,
            "roe": 2.08,
            "roe_4q": 9.290000000000001,
            "gross_profit": 62656,
            "gross_margin": 4.36,
            "gross_margin_4q_avg": 4.61,
            "net_income": 43791,
            "revenue": 1437058,
            "common_shares": 1060357,
            "book_valuer_per_share": 19.97,
            "book_valuer_per_share_4q_avg": 19.45,
            "equity": 2117569,
            "current_ratio": 192.3,
            "debt_ratio": 47.29,
            "inventory_turnover_ratio": 1.97,
            "account_receivable_turnover_ratio": 1.02,
            "reinvestment_rate": 44.6,
            "research_to_sale_ratio": null,
            "price_fair": 7.81,
            "eps_avg_yearly": 2.6,
            "eps_latest_yearly": 1.64,
            "eps_growth_yearly": -10.46
        },
        "20134": {
            "year_quarter": 20134,
            "year": 2013,
            "quarter": 4,
            "eps": 0.32,
            "eps_growth_year": -25.58,
            "eps_4q": 1.68,
            "eps_4q_growth_year": 49.52,
            "roe": 1.58,
            "roe_4q": 8.56,
            "gross_profit": 71563,
            "gross_margin": 3.76,
            "gross_margin_4q_avg": 4.52,
            "net_income": 33691,
            "revenue": 1904830,
            "common_shares": 1060357,
            "book_valuer_per_share": 20.13,
            "book_valuer_per_share_4q_avg": 19.82,
            "equity": 2134689,
            "current_ratio": 177.75,
            "debt_ratio": 51.37,
            "inventory_turnover_ratio": 3.12,
            "account_receivable_turnover_ratio": 1.14,
            "reinvestment_rate": 22.63,
            "research_to_sale_ratio": null,
            "price_fair": 6.71,
            "eps_avg_yearly": 2.24,
            "eps_latest_yearly": 1.28,
            "eps_growth_yearly": -56.16
        },
        "20141": {
            "year_quarter": 20141,
            "year": 2014,
            "quarter": 1,
            "eps": 0.72,
            "eps_growth_year": 53.19,
            "eps_4q": 1.93,
            "eps_4q_growth_year": 88.51,
            "roe": 3.52,
            "roe_4q": 9.629999999999999,
            "gross_profit": 136703,
            "gross_margin": 8.33,
            "gross_margin_4q_avg": 5.38,
            "net_income": 76140,
            "revenue": 1640362,
            "common_shares": 1060357,
            "book_valuer_per_share": 20.67,
            "book_valuer_per_share_4q_avg": 20.11,
            "equity": 2191716,
            "current_ratio": 179.61,
            "debt_ratio": 51.09,
            "inventory_turnover_ratio": 2.73,
            "account_receivable_turnover_ratio": 0.84,
            "reinvestment_rate": -17.71,
            "research_to_sale_ratio": null,
            "price_fair": 6.33,
            "eps_avg_yearly": 2.11,
            "eps_latest_yearly": 2.88,
            "eps_growth_yearly": -6.98
        },
        "20142": {
            "year_quarter": 20142,
            "year": 2014,
            "quarter": 2,
            "eps": 0.49,
            "eps_growth_year": 2.08,
            "eps_4q": 1.94,
            "eps_4q_growth_year": 4.32,
            "roe": 2.44,
            "roe_4q": 9.620000000000001,
            "gross_profit": 110326,
            "gross_margin": 8.52,
            "gross_margin_4q_avg": 6.24,
            "net_income": 52445,
            "revenue": 1295143,
            "common_shares": 1060357,
            "book_valuer_per_share": 19.92,
            "book_valuer_per_share_4q_avg": 20.17,
            "equity": 2112020,
            "current_ratio": 172.55,
            "debt_ratio": 53.51,
            "inventory_turnover_ratio": 2.17,
            "account_receivable_turnover_ratio": 0.65,
            "reinvestment_rate": -17.99,
            "research_to_sale_ratio": null,
            "price_fair": 5.99,
            "eps_avg_yearly": 2,
            "eps_latest_yearly": 1.96,
            "eps_growth_yearly": -9.45
        },
        "20143": {
            "year_quarter": 20143,
            "year": 2014,
            "quarter": 3,
            "eps": 0.34,
            "eps_growth_year": -17.07,
            "eps_4q": 1.87,
            "eps_4q_growth_year": 4.59,
            "roe": 1.69,
            "roe_4q": 9.23,
            "gross_profit": 55311,
            "gross_margin": 5.39,
            "gross_margin_4q_avg": 6.5,
            "net_income": 35813,
            "revenue": 1027088,
            "common_shares": 1060357,
            "book_valuer_per_share": 20.15,
            "book_valuer_per_share_4q_avg": 20.22,
            "equity": 2136346,
            "current_ratio": 189.88,
            "debt_ratio": 47.79,
            "inventory_turnover_ratio": 2.04,
            "account_receivable_turnover_ratio": 0.56,
            "reinvestment_rate": -20.79,
            "research_to_sale_ratio": null,
            "price_fair": 5.65,
            "eps_avg_yearly": 1.88,
            "eps_latest_yearly": 1.36,
            "eps_growth_yearly": -13.63
        },
        "20144": {
            "year_quarter": 20144,
            "year": 2014,
            "quarter": 4,
            "eps": 0.13,
            "eps_growth_year": -60.08,
            "eps_4q": 1.68,
            "eps_4q_growth_year": 0.02,
            "roe": 0.63,
            "roe_4q": 8.28,
            "gross_profit": 75134,
            "gross_margin": 4.81,
            "gross_margin_4q_avg": 6.76,
            "net_income": 13448,
            "revenue": 1562268,
            "common_shares": 1060357,
            "book_valuer_per_share": 20.36,
            "book_valuer_per_share_4q_avg": 20.28,
            "equity": 2158582,
            "current_ratio": 175.89,
            "debt_ratio": 52.4,
            "inventory_turnover_ratio": 2.96,
            "account_receivable_turnover_ratio": 0.89,
            "reinvestment_rate": -21.6,
            "research_to_sale_ratio": null,
            "price_fair": 5.25,
            "eps_avg_yearly": 1.75,
            "eps_latest_yearly": 0.52,
            "eps_growth_yearly": -26.86
        },
        "20151": {
            "year_quarter": 20151,
            "year": 2015,
            "quarter": 1,
            "eps": 0.21,
            "eps_growth_year": -70.83,
            "eps_4q": 1.17,
            "eps_4q_growth_year": -39.32,
            "roe": 1.03,
            "roe_4q": 5.79,
            "gross_profit": 57869,
            "gross_margin": 4.97,
            "gross_margin_4q_avg": 5.92,
            "net_income": 22349,
            "revenue": 1164338,
            "common_shares": 1060357,
            "book_valuer_per_share": 20.63,
            "book_valuer_per_share_4q_avg": 20.27,
            "equity": 2187201,
            "current_ratio": 179.22,
            "debt_ratio": 51.33,
            "inventory_turnover_ratio": 1.88,
            "account_receivable_turnover_ratio": 0.63,
            "reinvestment_rate": -21.15,
            "research_to_sale_ratio": null,
            "price_fair": 4.88,
            "eps_avg_yearly": 1.63,
            "eps_latest_yearly": 0.84,
            "eps_growth_yearly": -9.49
        },
        "20152": {
            "year_quarter": 20152,
            "year": 2015,
            "quarter": 2,
            "eps": 0.29,
            "eps_growth_year": -40.82,
            "eps_4q": 0.96,
            "eps_4q_growth_year": -50.44,
            "roe": 1.46,
            "roe_4q": 4.8100000000000005,
            "gross_profit": 80104,
            "gross_margin": 6.58,
            "gross_margin_4q_avg": 5.44,
            "net_income": 30521,
            "revenue": 1216579,
            "common_shares": 1060357,
            "book_valuer_per_share": 18.83,
            "book_valuer_per_share_4q_avg": 19.99,
            "equity": 1996910,
            "current_ratio": 167.43,
            "debt_ratio": 55.79,
            "inventory_turnover_ratio": 1.62,
            "account_receivable_turnover_ratio": 0.7,
            "reinvestment_rate": 22.55,
            "research_to_sale_ratio": null,
            "price_fair": 4.49,
            "eps_avg_yearly": 1.5,
            "eps_latest_yearly": 1.16,
            "eps_growth_yearly": -2.54
        },
        "20153": {
            "year_quarter": 20153,
            "year": 2015,
            "quarter": 3,
            "eps": 0.81,
            "eps_growth_year": 138.24,
            "eps_4q": 1.44,
            "eps_4q_growth_year": -23.06,
            "roe": 4.26,
            "roe_4q": 7.38,
            "gross_profit": 146238,
            "gross_margin": 8.18,
            "gross_margin_4q_avg": 6.14,
            "net_income": 86089,
            "revenue": 1787455,
            "common_shares": 1060357,
            "book_valuer_per_share": 19.31,
            "book_valuer_per_share_4q_avg": 19.78,
            "equity": 2048073,
            "current_ratio": 169.13,
            "debt_ratio": 55.79,
            "inventory_turnover_ratio": 2.13,
            "account_receivable_turnover_ratio": 1.01,
            "reinvestment_rate": 13.63,
            "research_to_sale_ratio": null,
            "price_fair": 59.5,
            "eps_avg_yearly": 1.7,
            "eps_latest_yearly": 3.24,
            "eps_growth_yearly": 80.76
        },
        "20154": {
            "year_quarter": 20154,
            "year": 2015,
            "quarter": 4,
            "eps": -0.04,
            "eps_growth_year": -134.03,
            "eps_4q": 1.27,
            "eps_4q_growth_year": -24.44,
            "roe": -0.22,
            "roe_4q": 6.53,
            "gross_profit": 81185,
            "gross_margin": 4.81,
            "gross_margin_4q_avg": 6.14,
            "net_income": -4580,
            "revenue": 1689093,
            "common_shares": 1060357,
            "book_valuer_per_share": 19.19,
            "book_valuer_per_share_4q_avg": 19.49,
            "equity": 2035045,
            "current_ratio": 162.61,
            "debt_ratio": 58.23,
            "inventory_turnover_ratio": 2.11,
            "account_receivable_turnover_ratio": 0.88,
            "reinvestment_rate": 3.33,
            "research_to_sale_ratio": null,
            "price_fair": 59.5,
            "eps_avg_yearly": 1.7,
            "eps_latest_yearly": 3.24,
            "eps_growth_yearly": 80.76
        },
        "20161": {
            "year_quarter": 20161,
            "year": 2016,
            "quarter": 1,
            "eps": 0.45,
            "eps_growth_year": 114.29,
            "eps_4q": 1.51,
            "eps_4q_growth_year": 28.76,
            "roe": 2.32,
            "roe_4q": 7.819999999999999,
            "gross_profit": 111482,
            "gross_margin": 5.83,
            "gross_margin_4q_avg": 6.35,
            "net_income": 47690,
            "revenue": 1913206,
            "common_shares": 1060357,
            "book_valuer_per_share": 19.62,
            "book_valuer_per_share_4q_avg": 19.24,
            "equity": 2081031,
            "current_ratio": 166.89,
            "debt_ratio": 56.97,
            "inventory_turnover_ratio": 2.18,
            "account_receivable_turnover_ratio": 0.94,
            "reinvestment_rate": -1.95,
            "research_to_sale_ratio": null,
            "price_fair": 59.5,
            "eps_avg_yearly": 1.7,
            "eps_latest_yearly": 3.24,
            "eps_growth_yearly": 80.76
        },
        "20162": {
            "year_quarter": 20162,
            "year": 2016,
            "quarter": 2,
            "eps": 0.43,
            "eps_growth_year": 48.28,
            "eps_4q": 1.64,
            "eps_4q_growth_year": 70.69,
            "roe": 2.19,
            "roe_4q": 8.55,
            "gross_profit": 94671,
            "gross_margin": 4.24,
            "gross_margin_4q_avg": 5.77,
            "net_income": 45122,
            "revenue": 2230768,
            "common_shares": 1060357,
            "book_valuer_per_share": 19.2,
            "book_valuer_per_share_4q_avg": 19.33,
            "equity": 2036315,
            "current_ratio": 159.35,
            "debt_ratio": 59.29,
            "inventory_turnover_ratio": 2.58,
            "account_receivable_turnover_ratio": 0.99,
            "reinvestment_rate": 4.77,
            "research_to_sale_ratio": null,
            "price_fair": 59.55,
            "eps_avg_yearly": 1.7,
            "eps_latest_yearly": 1.72,
            "eps_growth_yearly": 73.18
        },
        "20163": {
            "year_quarter": 20163,
            "year": 2016,
            "quarter": 3,
            "eps": 0.88,
            "eps_growth_year": 8.64,
            "eps_4q": 1.71,
            "eps_4q_growth_year": 19.22,
            "roe": 4.51,
            "roe_4q": 8.799999999999999,
            "gross_profit": 131993,
            "gross_margin": 6.11,
            "gross_margin_4q_avg": 5.25,
            "net_income": 93470,
            "revenue": 2161440,
            "common_shares": 1060357,
            "book_valuer_per_share": 19.92,
            "book_valuer_per_share_4q_avg": 19.48,
            "equity": 2111897,
            "current_ratio": 159.18,
            "debt_ratio": 59.72,
            "inventory_turnover_ratio": 2.45,
            "account_receivable_turnover_ratio": 0.87,
            "reinvestment_rate": -0.78,
            "research_to_sale_ratio": null,
            "price_fair": 64.1,
            "eps_avg_yearly": 1.83,
            "eps_latest_yearly": 3.52,
            "eps_growth_yearly": 97.85
        },
        "20164": {
            "year_quarter": 20164,
            "year": 2016,
            "quarter": 4,
            "eps": 0.17,
            "eps_growth_year": null,
            "eps_4q": 1.93,
            "eps_4q_growth_year": 52.17,
            "roe": 0.84,
            "roe_4q": 9.86,
            "gross_profit": 100227,
            "gross_margin": 4.99,
            "gross_margin_4q_avg": 5.29,
            "net_income": 18216,
            "revenue": 2008488,
            "common_shares": 1060357,
            "book_valuer_per_share": 20.88,
            "book_valuer_per_share_4q_avg": 19.91,
            "equity": 2213744,
            "current_ratio": 159.38,
            "debt_ratio": 59.38,
            "inventory_turnover_ratio": 2.15,
            "account_receivable_turnover_ratio": 0.85,
            "reinvestment_rate": 3.61,
            "research_to_sale_ratio": null,
            "price_fair": 61.5,
            "eps_avg_yearly": 1.76,
            "eps_latest_yearly": 0.68,
            "eps_growth_yearly": 78.3
        },
        "20171": {
            "year_quarter": 20171,
            "year": 2017,
            "quarter": 1,
            "eps": 0.36,
            "eps_growth_year": -20,
            "eps_4q": 1.83,
            "eps_4q_growth_year": 21.75,
            "roe": 1.68,
            "roe_4q": 9.219999999999999,
            "gross_profit": 105313,
            "gross_margin": 6.44,
            "gross_margin_4q_avg": 5.45,
            "net_income": 37660,
            "revenue": 1635801,
            "common_shares": 1060357,
            "book_valuer_per_share": 21.42,
            "book_valuer_per_share_4q_avg": 20.36,
            "equity": 2270997,
            "current_ratio": 164.2,
            "debt_ratio": 57.42,
            "inventory_turnover_ratio": null,
            "account_receivable_turnover_ratio": 0.8,
            "reinvestment_rate": -0.8,
            "research_to_sale_ratio": null,
            "price_fair": 60.4,
            "eps_avg_yearly": 1.73,
            "eps_latest_yearly": 1.44,
            "eps_growth_yearly": 107.57
        },
        "20172": {
            "year_quarter": 20172,
            "year": 2017,
            "quarter": 2,
            "eps": 1.04,
            "eps_growth_year": 141.86,
            "eps_4q": 2.45,
            "eps_4q_growth_year": 48.8,
            "roe": 4.91,
            "roe_4q": 11.94,
            "gross_profit": 178898,
            "gross_margin": 9.06,
            "gross_margin_4q_avg": 6.65,
            "net_income": 110050,
            "revenue": 1974947,
            "common_shares": 1060357,
            "book_valuer_per_share": 20.83,
            "book_valuer_per_share_4q_avg": 20.76,
            "equity": 2209216,
            "current_ratio": 163.95,
            "debt_ratio": 57.55,
            "inventory_turnover_ratio": null,
            "account_receivable_turnover_ratio": 0.98,
            "reinvestment_rate": -12.62,
            "research_to_sale_ratio": null,
            "price_fair": 66,
            "eps_avg_yearly": 1.89,
            "eps_latest_yearly": 4.16,
            "eps_growth_yearly": 160.93
        },
        "20173": {
            "year_quarter": 20173,
            "year": 2017,
            "quarter": 3,
            "eps": 0.95,
            "eps_growth_year": 7.95,
            "eps_4q": 2.51,
            "eps_4q_growth_year": 46.59,
            "roe": 4.47,
            "roe_4q": 11.899999999999999,
            "gross_profit": 152738,
            "gross_margin": 6.69,
            "gross_margin_4q_avg": 6.8,
            "net_income": 100438,
            "revenue": 2281586,
            "common_shares": 1060357,
            "book_valuer_per_share": 21.59,
            "book_valuer_per_share_4q_avg": 21.18,
            "equity": 2289636,
            "current_ratio": 155.24,
            "debt_ratio": 61.39,
            "inventory_turnover_ratio": null,
            "account_receivable_turnover_ratio": 0.96,
            "reinvestment_rate": -12.69,
            "research_to_sale_ratio": null,
            "price_fair": 71.4,
            "eps_avg_yearly": 2.04,
            "eps_latest_yearly": 3.8,
            "eps_growth_yearly": 162.63
        },
        "20174": {
            "year_quarter": 20174,
            "year": 2017,
            "quarter": 4,
            "eps": 0.44,
            "eps_growth_year": 159.02,
            "eps_4q": 2.79,
            "eps_4q_growth_year": 44.42,
            "roe": 2.03,
            "roe_4q": 13.09,
            "gross_profit": 120182,
            "gross_margin": 4.85,
            "gross_margin_4q_avg": 6.76,
            "net_income": 47179,
            "revenue": 2476744,
            "common_shares": 1060357,
            "book_valuer_per_share": 22.2,
            "book_valuer_per_share_4q_avg": 21.51,
            "equity": 2354595,
            "current_ratio": 148.35,
            "debt_ratio": 64.33,
            "inventory_turnover_ratio": null,
            "account_receivable_turnover_ratio": 0.88,
            "reinvestment_rate": -10.32,
            "research_to_sale_ratio": null,
            "price_fair": 72.6,
            "eps_avg_yearly": 2.07,
            "eps_latest_yearly": 1.76,
            "eps_growth_yearly": 153.56
        },
        "20181": {
            "year_quarter": 20181,
            "year": 2018,
            "quarter": 1,
            "eps": 0.7,
            "eps_growth_year": 94.44,
            "eps_4q": 3.13,
            "eps_4q_growth_year": 70.59,
            "roe": 3.1,
            "roe_4q": 14.51,
            "gross_profit": 136285,
            "gross_margin": 5.61,
            "gross_margin_4q_avg": 6.55,
            "net_income": 74058,
            "revenue": 2427551,
            "common_shares": 1060357,
            "book_valuer_per_share": 22.92,
            "book_valuer_per_share_4q_avg": 21.89,
            "equity": 2430524,
            "current_ratio": 150.7,
            "debt_ratio": 63.03,
            "inventory_turnover_ratio": null,
            "account_receivable_turnover_ratio": 0.87,
            "reinvestment_rate": -31.89,
            "research_to_sale_ratio": null,
            "price_fair": 72.4,
            "eps_avg_yearly": 2.07,
            "eps_latest_yearly": 2.8,
            "eps_growth_yearly": 134.73
        },
        "20182": {
            "year_quarter": 20182,
            "year": 2018,
            "quarter": 2,
            "eps": 0.95,
            "eps_growth_year": -8.65,
            "eps_4q": 3.04,
            "eps_4q_growth_year": 24.24,
            "roe": 4.24,
            "roe_4q": 13.84,
            "gross_profit": 173405,
            "gross_margin": 6.81,
            "gross_margin_4q_avg": 5.99,
            "net_income": 100589,
            "revenue": 2545372,
            "common_shares": 1060357,
            "book_valuer_per_share": 21.86,
            "book_valuer_per_share_4q_avg": 22.14,
            "equity": 2318445,
            "current_ratio": 149.56,
            "debt_ratio": 63.17,
            "inventory_turnover_ratio": null,
            "account_receivable_turnover_ratio": 1.02,
            "reinvestment_rate": -27.2,
            "research_to_sale_ratio": null,
            "price_fair": 77,
            "eps_avg_yearly": 2.2,
            "eps_latest_yearly": 3.8,
            "eps_growth_yearly": 154.06
        },
        "20183": {
            "year_quarter": 20183,
            "year": 2018,
            "quarter": 3,
            "eps": 1.31,
            "eps_growth_year": 37.89,
            "eps_4q": 3.4,
            "eps_4q_growth_year": 35.27,
            "roe": 5.8,
            "roe_4q": 15.169999999999998,
            "gross_profit": 218508,
            "gross_margin": 6.19,
            "gross_margin_4q_avg": 5.87,
            "net_income": 138482,
            "revenue": 3530814,
            "common_shares": 1060357,
            "book_valuer_per_share": 23.13,
            "book_valuer_per_share_4q_avg": 22.53,
            "equity": 2453209,
            "current_ratio": 147.88,
            "debt_ratio": 64.31,
            "inventory_turnover_ratio": null,
            "account_receivable_turnover_ratio": 1.22,
            "reinvestment_rate": -23.62,
            "research_to_sale_ratio": null,
            "price_fair": 86.7,
            "eps_avg_yearly": 2.48,
            "eps_latest_yearly": 5.24,
            "eps_growth_yearly": 173.63
        },
        "20184": {
            "year_quarter": 20184,
            "year": 2018,
            "quarter": 4,
            "eps": 0.89,
            "eps_growth_year": 100.07,
            "eps_4q": 3.84,
            "eps_4q_growth_year": 37.99,
            "roe": 3.79,
            "roe_4q": 16.93,
            "gross_profit": 200675,
            "gross_margin": 6.86,
            "gross_margin_4q_avg": 6.37,
            "net_income": 94384,
            "revenue": 2925455,
            "common_shares": 1060357,
            "book_valuer_per_share": 23.89,
            "book_valuer_per_share_4q_avg": 22.95,
            "equity": 2532922,
            "current_ratio": 149.81,
            "debt_ratio": 63.73,
            "inventory_turnover_ratio": null,
            "account_receivable_turnover_ratio": 0.86,
            "reinvestment_rate": -21.98,
            "research_to_sale_ratio": null,
            "price_fair": 94.3,
            "eps_avg_yearly": 2.69,
            "eps_latest_yearly": 3.56,
            "eps_growth_yearly": 182.12
        },
        "20191": {
            "year_quarter": 20191,
            "year": 2019,
            "quarter": 1,
            "eps": 1.08,
            "eps_growth_year": 54.29,
            "eps_4q": 4.23,
            "eps_4q_growth_year": 35.16,
            "roe": 4.44,
            "roe_4q": 18.270000000000003,
            "gross_profit": 196908,
            "gross_margin": 7.21,
            "gross_margin_4q_avg": 6.77,
            "net_income": 114899,
            "revenue": 2731765,
            "common_shares": 1060357,
            "book_valuer_per_share": 24.94,
            "book_valuer_per_share_4q_avg": 23.46,
            "equity": 2644135,
            "current_ratio": 157.27,
            "debt_ratio": 60.73,
            "inventory_turnover_ratio": null,
            "account_receivable_turnover_ratio": 0.96,
            "reinvestment_rate": -21.02,
            "research_to_sale_ratio": null,
            "price_fair": 103,
            "eps_avg_yearly": 2.94,
            "eps_latest_yearly": 4.32,
            "eps_growth_yearly": 170.64
        },
        "20192": {
            "year_quarter": 20192,
            "year": 2019,
            "quarter": 2,
            "eps": 1.39,
            "eps_growth_year": 46.32,
            "eps_4q": 4.67,
            "eps_4q_growth_year": 53.62,
            "roe": 5.66,
            "roe_4q": 19.69,
            "gross_profit": 240479,
            "gross_margin": 8.74,
            "gross_margin_4q_avg": 7.25,
            "net_income": 147281,
            "revenue": 2751787,
            "common_shares": 1060357,
            "book_valuer_per_share": 24.13,
            "book_valuer_per_share_4q_avg": 24.02,
            "equity": 2558610,
            "current_ratio": 145.92,
            "debt_ratio": 64.93,
            "inventory_turnover_ratio": null,
            "account_receivable_turnover_ratio": 1.32,
            "reinvestment_rate": -14.07,
            "research_to_sale_ratio": null,
            "price_fair": 114,
            "eps_avg_yearly": 3.26,
            "eps_latest_yearly": 5.56,
            "eps_growth_yearly": 167.95
        },
        "20193": {
            "year_quarter": 20193,
            "year": 2019,
            "quarter": 3,
            "eps": 0.9,
            "eps_growth_year": -31.3,
            "eps_4q": 4.27,
            "eps_4q_growth_year": 25.53,
            "roe": 3.68,
            "roe_4q": 17.57,
            "gross_profit": 161478,
            "gross_margin": 5.71,
            "gross_margin_4q_avg": 7.13,
            "net_income": 95737,
            "revenue": 2825935,
            "common_shares": 1060357,
            "book_valuer_per_share": 24.96,
            "book_valuer_per_share_4q_avg": 24.48,
            "equity": 2646926,
            "current_ratio": 141.03,
            "debt_ratio": 67.69,
            "inventory_turnover_ratio": null,
            "account_receivable_turnover_ratio": 1.23,
            "reinvestment_rate": -11.07,
            "research_to_sale_ratio": null,
            "price_fair": 114.9,
            "eps_avg_yearly": 3.28,
            "eps_latest_yearly": 3.6,
            "eps_growth_yearly": 106.65
        },
        "20194": {
            "year_quarter": 20194,
            "year": 2019,
            "quarter": 4,
            "eps": 0.42,
            "eps_growth_year": -52.91,
            "eps_4q": 3.79,
            "eps_4q_growth_year": -1.27,
            "roe": 1.65,
            "roe_4q": 15.43,
            "gross_profit": 119296,
            "gross_margin": 3.78,
            "gross_margin_4q_avg": 6.36,
            "net_income": 44439,
            "revenue": 3152955,
            "common_shares": 1060357,
            "book_valuer_per_share": 25.85,
            "book_valuer_per_share_4q_avg": 24.97,
            "equity": 2741122,
            "current_ratio": 142.02,
            "debt_ratio": 66.88,
            "inventory_turnover_ratio": null,
            "account_receivable_turnover_ratio": 1.09,
            "reinvestment_rate": -10.15,
            "research_to_sale_ratio": null,
            "price_fair": 111.16,
            "eps_avg_yearly": 3.18,
            "eps_latest_yearly": 1.68,
            "eps_growth_yearly": 85.32
        },
        "20201": {
            "year_quarter": 20201,
            "year": 2020,
            "quarter": 1,
            "eps": 0.82,
            "eps_growth_year": -24.07,
            "eps_4q": 3.53,
            "eps_4q_growth_year": -16.61,
            "roe": 3.16,
            "roe_4q": 14.15,
            "gross_profit": 187204,
            "gross_margin": 6.75,
            "gross_margin_4q_avg": 6.25,
            "net_income": 86424,
            "revenue": 2772204,
            "common_shares": 1060357,
            "book_valuer_per_share": 25.74,
            "book_valuer_per_share_4q_avg": 25.17,
            "equity": 2729115,
            "current_ratio": 139.98,
            "debt_ratio": 68.72,
            "inventory_turnover_ratio": null,
            "account_receivable_turnover_ratio": 0.97,
            "reinvestment_rate": -8.67,
            "research_to_sale_ratio": null,
            "price_fair": 111.39,
            "eps_avg_yearly": 3.18,
            "eps_latest_yearly": 3.28,
            "eps_growth_yearly": 103.8
        },
        "20202": {
            "year_quarter": 20202,
            "year": 2020,
            "quarter": 2,
            "eps": 2.1,
            "eps_growth_year": 51.08,
            "eps_4q": 4.23,
            "eps_4q_growth_year": -9.3,
            "roe": 8.16,
            "roe_4q": 16.650000000000002,
            "gross_profit": 352569,
            "gross_margin": 8.74,
            "gross_margin_4q_avg": 6.25,
            "net_income": 222390,
            "revenue": 4035649,
            "common_shares": 1060357,
            "book_valuer_per_share": 25.67,
            "book_valuer_per_share_4q_avg": 25.56,
            "equity": 2722480,
            "current_ratio": 133.86,
            "debt_ratio": 70.98,
            "inventory_turnover_ratio": null,
            "account_receivable_turnover_ratio": 1.35,
            "reinvestment_rate": -6.9,
            "research_to_sale_ratio": null,
            "price_fair": 126,
            "eps_avg_yearly": 3.6,
            "eps_latest_yearly": 8.4,
            "eps_growth_yearly": 143.93
        },
        "20203": {
            "year_quarter": 20203,
            "year": 2020,
            "quarter": 3,
            "eps": 1.19,
            "eps_growth_year": 32.22,
            "eps_4q": 4.52,
            "eps_4q_growth_year": 6,
            "roe": 4.45,
            "roe_4q": 17.419999999999998,
            "gross_profit": 202663,
            "gross_margin": 5.92,
            "gross_margin_4q_avg": 6.3,
            "net_income": 126179,
            "revenue": 3426253,
            "common_shares": 1060357,
            "book_valuer_per_share": 27.75,
            "book_valuer_per_share_4q_avg": 26.25,
            "equity": 2943100,
            "current_ratio": 137.07,
            "debt_ratio": 68.39,
            "inventory_turnover_ratio": null,
            "account_receivable_turnover_ratio": 1.1,
            "reinvestment_rate": -4.2,
            "research_to_sale_ratio": null,
            "price_fair": 128.71,
            "eps_avg_yearly": 3.68,
            "eps_latest_yearly": 4.76,
            "eps_growth_yearly": 106.94
        },
        "20204": {
            "year_quarter": 20204,
            "year": 2020,
            "quarter": 4,
            "eps": 1.81,
            "eps_growth_year": 330.8,
            "eps_4q": 5.91,
            "eps_4q_growth_year": 55.7,
            "roe": 6.37,
            "roe_4q": 22.14,
            "gross_profit": 315875,
            "gross_margin": 8.11,
            "gross_margin_4q_avg": 7.38,
            "net_income": 191451,
            "revenue": 3896523,
            "common_shares": 1060357,
            "book_valuer_per_share": 28.94,
            "book_valuer_per_share_4q_avg": 27.03,
            "equity": 3069278,
            "current_ratio": 141.13,
            "debt_ratio": 67.46,
            "inventory_turnover_ratio": null,
            "account_receivable_turnover_ratio": 1.35,
            "reinvestment_rate": -5.95,
            "research_to_sale_ratio": null,
            "price_fair": 143.06,
            "eps_avg_yearly": 4.09,
            "eps_latest_yearly": 7.24,
            "eps_growth_yearly": 140.13
        },
        "20211": {
            "year_quarter": 20211,
            "year": 2021,
            "quarter": 1,
            "eps": 1.1,
            "eps_growth_year": 34.15,
            "eps_4q": 6.2,
            "eps_4q_growth_year": 75.72,
            "roe": 3.7,
            "roe_4q": 22.68,
            "gross_profit": 199645,
            "gross_margin": 7.55,
            "gross_margin_4q_avg": 7.58,
            "net_income": 116965,
            "revenue": 2645265,
            "common_shares": 1060357,
            "book_valuer_per_share": 30.65,
            "book_valuer_per_share_4q_avg": 28.25,
            "equity": 3249962,
            "current_ratio": 147.96,
            "debt_ratio": 63.79,
            "inventory_turnover_ratio": null,
            "account_receivable_turnover_ratio": 1.23,
            "reinvestment_rate": -6.66,
            "research_to_sale_ratio": null,
            "price_fair": 149.54,
            "eps_avg_yearly": 4.27,
            "eps_latest_yearly": 4.4,
            "eps_growth_yearly": 102.38
        },
        "20212": {
            "year_quarter": 20212,
            "year": 2021,
            "quarter": 2,
            "eps": 2.66,
            "eps_growth_year": 26.67,
            "eps_4q": 6.76,
            "eps_4q_growth_year": 59.71,
            "roe": 8.34,
            "roe_4q": 22.86,
            "gross_profit": 402414,
            "gross_margin": 15.9,
            "gross_margin_4q_avg": 9.37,
            "net_income": 282483,
            "revenue": 2531513,
            "common_shares": 1060357,
            "book_valuer_per_share": 33.27,
            "book_valuer_per_share_4q_avg": 30.15,
            "equity": 3527634,
            "current_ratio": 157.48,
            "debt_ratio": 60.18,
            "inventory_turnover_ratio": null,
            "account_receivable_turnover_ratio": 1.65,
            "reinvestment_rate": -5.7,
            "research_to_sale_ratio": null,
            "price_fair": 163.71,
            "eps_avg_yearly": 4.68,
            "eps_latest_yearly": 10.64,
            "eps_growth_yearly": 90.62
        },
        "20213": {
            "year_quarter": 20213,
            "year": 2021,
            "quarter": 3,
            "eps": 1.45,
            "eps_growth_year": 21.85,
            "eps_4q": 7.03,
            "eps_4q_growth_year": 55.4,
            "roe": 4.49,
            "roe_4q": 22.900000000000002,
            "gross_profit": 244004,
            "gross_margin": 10.35,
            "gross_margin_4q_avg": 10.48,
            "net_income": 154133,
            "revenue": 2357545,
            "common_shares": 1060357,
            "book_valuer_per_share": 31.53,
            "book_valuer_per_share_4q_avg": 31.1,
            "equity": 3343528,
            "current_ratio": 147.14,
            "debt_ratio": 64.24,
            "inventory_turnover_ratio": null,
            "account_receivable_turnover_ratio": 1.49,
            "reinvestment_rate": -4.89,
            "research_to_sale_ratio": null,
            "price_fair": 168.09,
            "eps_avg_yearly": 4.8,
            "eps_latest_yearly": 5.8,
            "eps_growth_yearly": 81.41
        },
        "20214": {
            "year_quarter": 20214,
            "year": 2021,
            "quarter": 4,
            "eps": 1.76,
            "eps_growth_year": -2.37,
            "eps_4q": 6.98,
            "eps_4q_growth_year": 18.2,
            "roe": 5.45,
            "roe_4q": 21.98,
            "gross_profit": 345290,
            "gross_margin": 10.66,
            "gross_margin_4q_avg": 11.12,
            "net_income": 186911,
            "revenue": 3237999,
            "common_shares": 1060357,
            "book_valuer_per_share": 33.11,
            "book_valuer_per_share_4q_avg": 32.14,
            "equity": 3511139,
            "current_ratio": 152.98,
            "debt_ratio": 62.16,
            "inventory_turnover_ratio": null,
            "account_receivable_turnover_ratio": 1.9,
            "reinvestment_rate": -6.72,
            "research_to_sale_ratio": null,
            "price_fair": 179.64,
            "eps_avg_yearly": 5.13,
            "eps_latest_yearly": 7.04,
            "eps_growth_yearly": 100.17
        },
        "20221": {
            "year_quarter": 20221,
            "year": 2022,
            "quarter": 1,
            "eps": 1.37,
            "eps_growth_year": 24.55,
            "eps_4q": 7.25,
            "eps_4q_growth_year": 16.95,
            "roe": 4.05,
            "roe_4q": 22.33,
            "gross_profit": 235691,
            "gross_margin": 10.74,
            "gross_margin_4q_avg": 11.91,
            "net_income": 144791,
            "revenue": 2193887,
            "common_shares": 1060357,
            "book_valuer_per_share": 34.3,
            "book_valuer_per_share_4q_avg": 33.05,
            "equity": 3636912,
            "current_ratio": 149.96,
            "debt_ratio": 63.78,
            "inventory_turnover_ratio": null,
            "account_receivable_turnover_ratio": 1.33,
            "reinvestment_rate": 3.73,
            "research_to_sale_ratio": null,
            "price_fair": 185.5,
            "eps_avg_yearly": 5.3,
            "eps_latest_yearly": 5.48,
            "eps_growth_yearly": 79.86
        },
        "20222": {
            "year_quarter": 20222,
            "year": 2022,
            "quarter": 2,
            "eps": 1.39,
            "eps_growth_year": -47.74,
            "eps_4q": 5.43,
            "eps_4q_growth_year": -19.69,
            "roe": 4.16,
            "roe_4q": 18.15,
            "gross_profit": 300437,
            "gross_margin": 10.7,
            "gross_margin_4q_avg": 10.61,
            "net_income": 147630,
            "revenue": 2809119,
            "common_shares": 1060357,
            "book_valuer_per_share": 32.69,
            "book_valuer_per_share_4q_avg": 32.91,
            "equity": 3466765,
            "current_ratio": 147.71,
            "debt_ratio": 64.99,
            "inventory_turnover_ratio": null,
            "account_receivable_turnover_ratio": 1.79,
            "reinvestment_rate": 3.64,
            "research_to_sale_ratio": null,
            "price_fair": 189.35,
            "eps_avg_yearly": 5.41,
            "eps_latest_yearly": 5.56,
            "eps_growth_yearly": 71.3
        },
        "20223": {
            "year_quarter": 20223,
            "year": 2022,
            "quarter": 3,
            "eps": 2.3,
            "eps_growth_year": 58.62,
            "eps_4q": 6.41,
            "eps_4q_growth_year": -8.83,
            "roe": 7.53,
            "roe_4q": 21.19,
            "gross_profit": 377722,
            "gross_margin": 9.92,
            "gross_margin_4q_avg": 10.51,
            "net_income": 267792,
            "revenue": 3806409,
            "common_shares": 1166392,
            "book_valuer_per_share": 31.29,
            "book_valuer_per_share_4q_avg": 32.85,
            "equity": 3649369,
            "current_ratio": 147.9,
            "debt_ratio": 65.74,
            "inventory_turnover_ratio": null,
            "account_receivable_turnover_ratio": 2.29,
            "reinvestment_rate": 3.34,
            "research_to_sale_ratio": null,
            "price_fair": 198.01,
            "eps_avg_yearly": 5.66,
            "eps_latest_yearly": 9.2,
            "eps_growth_yearly": 78.19
        },
        "20224": {
            "year_quarter": 20224,
            "year": 2022,
            "quarter": 4,
            "eps": 4.18,
            "eps_growth_year": 137.22,
            "eps_4q": 8.98,
            "eps_4q_growth_year": 28.66,
            "roe": 12.45,
            "roe_4q": 28.19,
            "gross_profit": 686657,
            "gross_margin": 12.73,
            "gross_margin_4q_avg": 11.02,
            "net_income": 487723,
            "revenue": 5395148,
            "common_shares": 1166392,
            "book_valuer_per_share": 35.89,
            "book_valuer_per_share_4q_avg": 33.54,
            "equity": 4186431,
            "current_ratio": 150.29,
            "debt_ratio": 64.52,
            "inventory_turnover_ratio": null,
            "account_receivable_turnover_ratio": 2.61,
            "reinvestment_rate": 3.23,
            "research_to_sale_ratio": null,
            "price_fair": 226.8,
            "eps_avg_yearly": 6.48,
            "eps_latest_yearly": 16.72,
            "eps_growth_yearly": 106.64
        },
        "20231": {
            "year_quarter": 20231,
            "year": 2023,
            "quarter": 1,
            "eps": 1.43,
            "eps_growth_year": 4.38,
            "eps_4q": 9.18,
            "eps_4q_growth_year": 26.66,
            "roe": 3.91,
            "roe_4q": 28.05,
            "gross_profit": 280710,
            "gross_margin": 8.58,
            "gross_margin_4q_avg": 10.48,
            "net_income": 167296,
            "revenue": 3270556,
            "common_shares": 1166392,
            "book_valuer_per_share": 37.4,
            "book_valuer_per_share_4q_avg": 34.32,
            "equity": 4362309,
            "current_ratio": 156.77,
            "debt_ratio": 61.89,
            "inventory_turnover_ratio": null,
            "account_receivable_turnover_ratio": 1.23,
            "reinvestment_rate": 3.24,
            "research_to_sale_ratio": null,
            "price_fair": 229.86,
            "eps_avg_yearly": 6.57,
            "eps_latest_yearly": 5.72,
            "eps_growth_yearly": 84.86
        }
    },
    "months": {
        "2001-06": {
            "month": "2001-06",
            "price": "4.62",
            "revenue": 337061
        },
        "2001-07": {
            "month": "2001-07",
            "price": "4.98",
            "revenue": 305752
        },
        "2001-08": {
            "month": "2001-08",
            "price": "4.52",
            "revenue": 289794
        },
        "2001-09": {
            "month": "2001-09",
            "price": "4.05",
            "revenue": 305453
        },
        "2001-10": {
            "month": "2001-10",
            "price": "3.80",
            "revenue": 349075
        },
        "2001-11": {
            "month": "2001-11",
            "price": "3.66",
            "revenue": 272354
        },
        "2001-12": {
            "month": "2001-12",
            "price": "4.15",
            "revenue": 373196
        },
        "2002-01": {
            "month": "2002-01",
            "price": "5.10",
            "revenue": 333210
        },
        "2002-02": {
            "month": "2002-02",
            "price": "5.15",
            "revenue": 110517
        },
        "2002-03": {
            "month": "2002-03",
            "price": "6.08",
            "revenue": 471984
        },
        "2002-04": {
            "month": "2002-04",
            "price": "9.46",
            "revenue": 281485
        },
        "2002-05": {
            "month": "2002-05",
            "price": "8.04",
            "revenue": 361352
        },
        "2002-06": {
            "month": "2002-06",
            "price": "9.71",
            "revenue": 285200
        },
        "2002-07": {
            "month": "2002-07",
            "price": "10.83",
            "revenue": 195024
        },
        "2002-08": {
            "month": "2002-08",
            "price": "8.42",
            "revenue": 206661
        },
        "2002-09": {
            "month": "2002-09",
            "price": "6.07",
            "revenue": 381220
        },
        "2002-10": {
            "month": "2002-10",
            "price": "4.62",
            "revenue": 186776
        },
        "2002-11": {
            "month": "2002-11",
            "price": "5.01",
            "revenue": 165494
        },
        "2002-12": {
            "month": "2002-12",
            "price": "5.25",
            "revenue": 535254
        },
        "2003-01": {
            "month": "2003-01",
            "price": "6.11",
            "revenue": 173539
        },
        "2003-02": {
            "month": "2003-02",
            "price": "5.72",
            "revenue": 114795
        },
        "2003-03": {
            "month": "2003-03",
            "price": "5.11",
            "revenue": 171774
        },
        "2003-04": {
            "month": "2003-04",
            "price": "5.17",
            "revenue": 106152
        },
        "2003-05": {
            "month": "2003-05",
            "price": "4.46",
            "revenue": 149745
        },
        "2003-06": {
            "month": "2003-06",
            "price": "5.13",
            "revenue": 100762
        },
        "2003-07": {
            "month": "2003-07",
            "price": "6.30",
            "revenue": 123561
        },
        "2003-08": {
            "month": "2003-08",
            "price": "6.48",
            "revenue": 42534
        },
        "2003-09": {
            "month": "2003-09",
            "price": "6.30",
            "revenue": 148126
        },
        "2003-10": {
            "month": "2003-10",
            "price": "6.90",
            "revenue": 107575
        },
        "2003-11": {
            "month": "2003-11",
            "price": "6.90",
            "revenue": 129407
        },
        "2003-12": {
            "month": "2003-12",
            "price": "6.76",
            "revenue": 210618
        },
        "2004-01": {
            "month": "2004-01",
            "price": "8.95",
            "revenue": 196437
        },
        "2004-02": {
            "month": "2004-02",
            "price": "10.62",
            "revenue": 97536
        },
        "2004-03": {
            "month": "2004-03",
            "price": "12.03",
            "revenue": 177052
        },
        "2004-04": {
            "month": "2004-04",
            "price": "12.12",
            "revenue": 92959
        },
        "2004-05": {
            "month": "2004-05",
            "price": "9.39",
            "revenue": 113941
        },
        "2004-06": {
            "month": "2004-06",
            "price": "9.72",
            "revenue": 132160
        },
        "2004-07": {
            "month": "2004-07",
            "price": "8.84",
            "revenue": 142466
        },
        "2004-08": {
            "month": "2004-08",
            "price": "7.16",
            "revenue": 3093
        },
        "2004-09": {
            "month": "2004-09",
            "price": "7.80",
            "revenue": 245781
        },
        "2004-10": {
            "month": "2004-10",
            "price": "7.48",
            "revenue": 200651
        },
        "2004-11": {
            "month": "2004-11",
            "price": "7.10",
            "revenue": 315493
        },
        "2004-12": {
            "month": "2004-12",
            "price": "7.83",
            "revenue": 386099
        },
        "2005-01": {
            "month": "2005-01",
            "price": "8.30",
            "revenue": 250908
        },
        "2005-02": {
            "month": "2005-02",
            "price": "7.39",
            "revenue": 140084
        },
        "2005-03": {
            "month": "2005-03",
            "price": "6.99",
            "revenue": 434757
        },
        "2005-04": {
            "month": "2005-04",
            "price": "4.90",
            "revenue": 227596
        },
        "2005-05": {
            "month": "2005-05",
            "price": "6.25",
            "revenue": 181939
        },
        "2005-06": {
            "month": "2005-06",
            "price": "6.98",
            "revenue": 422745
        },
        "2005-07": {
            "month": "2005-07",
            "price": "7.14",
            "revenue": 327256
        },
        "2005-08": {
            "month": "2005-08",
            "price": "7.37",
            "revenue": 336453
        },
        "2005-09": {
            "month": "2005-09",
            "price": "6.95",
            "revenue": 178408
        },
        "2005-10": {
            "month": "2005-10",
            "price": "5.71",
            "revenue": 249989
        },
        "2005-11": {
            "month": "2005-11",
            "price": "5.46",
            "revenue": 167898
        },
        "2005-12": {
            "month": "2005-12",
            "price": "6.12",
            "revenue": 794015
        },
        "2006-01": {
            "month": "2006-01",
            "price": "6.24",
            "revenue": 53649
        },
        "2006-02": {
            "month": "2006-02",
            "price": "5.75",
            "revenue": 30884
        },
        "2006-03": {
            "month": "2006-03",
            "price": "4.98",
            "revenue": 82902
        },
        "2006-04": {
            "month": "2006-04",
            "price": "5.35",
            "revenue": 38888
        },
        "2006-05": {
            "month": "2006-05",
            "price": "7.33",
            "revenue": 54604
        },
        "2006-06": {
            "month": "2006-06",
            "price": "6.91",
            "revenue": 129317
        },
        "2006-07": {
            "month": "2006-07",
            "price": "7.53",
            "revenue": 102973
        },
        "2006-08": {
            "month": "2006-08",
            "price": "6.62",
            "revenue": 122157
        },
        "2006-09": {
            "month": "2006-09",
            "price": "5.92",
            "revenue": 87216
        },
        "2006-10": {
            "month": "2006-10",
            "price": "6.85",
            "revenue": 79218
        },
        "2006-11": {
            "month": "2006-11",
            "price": "10.10",
            "revenue": 143701
        },
        "2006-12": {
            "month": "2006-12",
            "price": "10.50",
            "revenue": 348696
        },
        "2007-01": {
            "month": "2007-01",
            "price": "8.80",
            "revenue": 101837
        },
        "2007-02": {
            "month": "2007-02",
            "price": "8.70",
            "revenue": 113406
        },
        "2007-03": {
            "month": "2007-03",
            "price": "10.39",
            "revenue": 244918
        },
        "2007-04": {
            "month": "2007-04",
            "price": "11.14",
            "revenue": 142265
        },
        "2007-05": {
            "month": "2007-05",
            "price": "11.00",
            "revenue": 215555
        },
        "2007-06": {
            "month": "2007-06",
            "price": "11.23",
            "revenue": 171027
        },
        "2007-07": {
            "month": "2007-07",
            "price": "16.93",
            "revenue": 178785
        },
        "2007-08": {
            "month": "2007-08",
            "price": "17.71",
            "revenue": 160993
        },
        "2007-09": {
            "month": "2007-09",
            "price": "16.09",
            "revenue": 169630
        },
        "2007-10": {
            "month": "2007-10",
            "price": "14.54",
            "revenue": 191846
        },
        "2007-11": {
            "month": "2007-11",
            "price": "12.35",
            "revenue": 303818
        },
        "2007-12": {
            "month": "2007-12",
            "price": "11.12",
            "revenue": 345081
        },
        "2008-01": {
            "month": "2008-01",
            "price": "12.45",
            "revenue": 233578
        },
        "2008-02": {
            "month": "2008-02",
            "price": "12.85",
            "revenue": 222709
        },
        "2008-03": {
            "month": "2008-03",
            "price": "14.66",
            "revenue": 200515
        },
        "2008-04": {
            "month": "2008-04",
            "price": "18.25",
            "revenue": 230656
        },
        "2008-05": {
            "month": "2008-05",
            "price": "17.25",
            "revenue": 189652
        },
        "2008-06": {
            "month": "2008-06",
            "price": "13.94",
            "revenue": 394972
        },
        "2008-07": {
            "month": "2008-07",
            "price": "10.77",
            "revenue": 178492
        },
        "2008-08": {
            "month": "2008-08",
            "price": "9.53",
            "revenue": 114116
        },
        "2008-09": {
            "month": "2008-09",
            "price": "7.87",
            "revenue": 224004
        },
        "2008-10": {
            "month": "2008-10",
            "price": "8.44",
            "revenue": 237765
        },
        "2008-11": {
            "month": "2008-11",
            "price": "8.90",
            "revenue": 264909
        },
        "2008-12": {
            "month": "2008-12",
            "price": "9.23",
            "revenue": 331450
        },
        "2009-01": {
            "month": "2009-01",
            "price": "9.18",
            "revenue": 202481
        },
        "2009-02": {
            "month": "2009-02",
            "price": "8.50",
            "revenue": 155150
        },
        "2009-03": {
            "month": "2009-03",
            "price": "9.13",
            "revenue": 516448
        },
        "2009-04": {
            "month": "2009-04",
            "price": "11.32",
            "revenue": 182389
        },
        "2009-05": {
            "month": "2009-05",
            "price": "14.25",
            "revenue": 269417
        },
        "2009-06": {
            "month": "2009-06",
            "price": "17.06",
            "revenue": 552919
        },
        "2009-07": {
            "month": "2009-07",
            "price": "18.47",
            "revenue": 307112
        },
        "2009-08": {
            "month": "2009-08",
            "price": "18.72",
            "revenue": 239082
        },
        "2009-09": {
            "month": "2009-09",
            "price": "20.72",
            "revenue": 242681
        },
        "2009-10": {
            "month": "2009-10",
            "price": "23.09",
            "revenue": 344595
        },
        "2009-11": {
            "month": "2009-11",
            "price": "25.30",
            "revenue": 500771
        },
        "2009-12": {
            "month": "2009-12",
            "price": "25.33",
            "revenue": 352583
        },
        "2010-01": {
            "month": "2010-01",
            "price": "25.08",
            "revenue": 323479
        },
        "2010-02": {
            "month": "2010-02",
            "price": "22.62",
            "revenue": 364467
        },
        "2010-03": {
            "month": "2010-03",
            "price": "25.02",
            "revenue": 327790
        },
        "2010-04": {
            "month": "2010-04",
            "price": "29.14",
            "revenue": 439752
        },
        "2010-05": {
            "month": "2010-05",
            "price": "29.45",
            "revenue": 501561
        },
        "2010-06": {
            "month": "2010-06",
            "price": "29.75",
            "revenue": 748841
        },
        "2010-07": {
            "month": "2010-07",
            "price": "30.89",
            "revenue": 690470
        },
        "2010-08": {
            "month": "2010-08",
            "price": "28.65",
            "revenue": 524397
        },
        "2010-09": {
            "month": "2010-09",
            "price": "26.99",
            "revenue": 437134
        },
        "2010-10": {
            "month": "2010-10",
            "price": "25.18",
            "revenue": 438157
        },
        "2010-11": {
            "month": "2010-11",
            "price": "26.58",
            "revenue": 501398
        },
        "2010-12": {
            "month": "2010-12",
            "price": "28.30",
            "revenue": 739291
        },
        "2011-01": {
            "month": "2011-01",
            "price": "29.65",
            "revenue": 530249
        },
        "2011-02": {
            "month": "2011-02",
            "price": "29.19",
            "revenue": 434446
        },
        "2011-03": {
            "month": "2011-03",
            "price": "28.11",
            "revenue": 753301
        },
        "2011-04": {
            "month": "2011-04",
            "price": "29.88",
            "revenue": 310569
        },
        "2011-05": {
            "month": "2011-05",
            "price": "29.74",
            "revenue": 443905
        },
        "2011-06": {
            "month": "2011-06",
            "price": "29.64",
            "revenue": 697991
        },
        "2011-07": {
            "month": "2011-07",
            "price": "29.86",
            "revenue": 445267
        },
        "2011-08": {
            "month": "2011-08",
            "price": "24.90",
            "revenue": 399047
        },
        "2011-09": {
            "month": "2011-09",
            "price": "18.65",
            "revenue": 432372
        },
        "2011-10": {
            "month": "2011-10",
            "price": "17.86",
            "revenue": 527697
        },
        "2011-11": {
            "month": "2011-11",
            "price": "16.55",
            "revenue": 510167
        },
        "2011-12": {
            "month": "2011-12",
            "price": "14.24",
            "revenue": 908558
        },
        "2012-01": {
            "month": "2012-01",
            "price": "14.69",
            "revenue": 486245
        },
        "2012-02": {
            "month": "2012-02",
            "price": "16.56",
            "revenue": 431598
        },
        "2012-03": {
            "month": "2012-03",
            "price": "15.34",
            "revenue": 1115389
        },
        "2012-04": {
            "month": "2012-04",
            "price": "13.66",
            "revenue": 462020
        },
        "2012-05": {
            "month": "2012-05",
            "price": "13.58",
            "revenue": 510986
        },
        "2012-06": {
            "month": "2012-06",
            "price": "12.97",
            "revenue": 514600
        },
        "2012-07": {
            "month": "2012-07",
            "price": "13.43",
            "revenue": 507726
        },
        "2012-08": {
            "month": "2012-08",
            "price": "13.49",
            "revenue": 530864
        },
        "2012-09": {
            "month": "2012-09",
            "price": "13.54",
            "revenue": 609935
        },
        "2012-10": {
            "month": "2012-10",
            "price": "12.81",
            "revenue": 486586
        },
        "2012-11": {
            "month": "2012-11",
            "price": "12.05",
            "revenue": 635685
        },
        "2012-12": {
            "month": "2012-12",
            "price": "12.49",
            "revenue": 598254
        },
        "2013-01": {
            "month": "2013-01",
            "price": "13.00",
            "revenue": 631535
        },
        "2013-02": {
            "month": "2013-02",
            "price": "12.99",
            "revenue": 280178
        },
        "2013-03": {
            "month": "2013-03",
            "price": "13.26",
            "revenue": 450833
        },
        "2013-04": {
            "month": "2013-04",
            "price": "14.66",
            "revenue": 396430
        },
        "2013-05": {
            "month": "2013-05",
            "price": "15.58",
            "revenue": 372266
        },
        "2013-06": {
            "month": "2013-06",
            "price": "16.30",
            "revenue": 500094
        },
        "2013-07": {
            "month": "2013-07",
            "price": "16.85",
            "revenue": 394358
        },
        "2013-08": {
            "month": "2013-08",
            "price": "16.06",
            "revenue": 408587
        },
        "2013-09": {
            "month": "2013-09",
            "price": "16.02",
            "revenue": 634113
        },
        "2013-10": {
            "month": "2013-10",
            "price": "15.83",
            "revenue": 567715
        },
        "2013-11": {
            "month": "2013-11",
            "price": "15.83",
            "revenue": 593332
        },
        "2013-12": {
            "month": "2013-12",
            "price": "16.01",
            "revenue": 743783
        },
        "2014-01": {
            "month": "2014-01",
            "price": "16.47",
            "revenue": 496848
        },
        "2014-02": {
            "month": "2014-02",
            "price": "17.19",
            "revenue": 413609
        },
        "2014-03": {
            "month": "2014-03",
            "price": "17.79",
            "revenue": 729905
        },
        "2014-04": {
            "month": "2014-04",
            "price": "17.47",
            "revenue": 389295
        },
        "2014-05": {
            "month": "2014-05",
            "price": "16.99",
            "revenue": 481630
        },
        "2014-06": {
            "month": "2014-06",
            "price": "17.15",
            "revenue": 424218
        },
        "2014-07": {
            "month": "2014-07",
            "price": "16.86",
            "revenue": 332804
        },
        "2014-08": {
            "month": "2014-08",
            "price": "16.28",
            "revenue": 380057
        },
        "2014-09": {
            "month": "2014-09",
            "price": "16.28",
            "revenue": 314227
        },
        "2014-10": {
            "month": "2014-10",
            "price": "15.43",
            "revenue": 356143
        },
        "2014-11": {
            "month": "2014-11",
            "price": "15.12",
            "revenue": 607052
        },
        "2014-12": {
            "month": "2014-12",
            "price": "15.63",
            "revenue": 599073
        },
        "2015-01": {
            "month": "2015-01",
            "price": "15.68",
            "revenue": 375616
        },
        "2015-02": {
            "month": "2015-02",
            "price": "16.81",
            "revenue": 283726
        },
        "2015-03": {
            "month": "2015-03",
            "price": "16.81",
            "revenue": 504996
        },
        "2015-04": {
            "month": "2015-04",
            "price": "17.54",
            "revenue": 297766
        },
        "2015-05": {
            "month": "2015-05",
            "price": "17.58",
            "revenue": 435124
        },
        "2015-06": {
            "month": "2015-06",
            "price": "17.10",
            "revenue": 483689
        },
        "2015-07": {
            "month": "2015-07",
            "price": "16.74",
            "revenue": 490646
        },
        "2015-08": {
            "month": "2015-08",
            "price": "14.76",
            "revenue": 509895
        },
        "2015-09": {
            "month": "2015-09",
            "price": "14.03",
            "revenue": 786914
        },
        "2015-10": {
            "month": "2015-10",
            "price": "14.97",
            "revenue": 517755
        },
        "2015-11": {
            "month": "2015-11",
            "price": "15.07",
            "revenue": 470561
        },
        "2015-12": {
            "month": "2015-12",
            "price": "14.93",
            "revenue": 703498
        },
        "2016-01": {
            "month": "2016-01",
            "price": "14.74",
            "revenue": 465563
        },
        "2016-02": {
            "month": "2016-02",
            "price": "15.35",
            "revenue": 445863
        },
        "2016-03": {
            "month": "2016-03",
            "price": "16.23",
            "revenue": 1001780
        },
        "2016-04": {
            "month": "2016-04",
            "price": "15.47",
            "revenue": 792709
        },
        "2016-05": {
            "month": "2016-05",
            "price": "15.45",
            "revenue": 769183
        },
        "2016-06": {
            "month": "2016-06",
            "price": "15.60",
            "revenue": 668876
        },
        "2016-07": {
            "month": "2016-07",
            "price": "16.04",
            "revenue": 751253
        },
        "2016-08": {
            "month": "2016-08",
            "price": "15.31",
            "revenue": 644503
        },
        "2016-09": {
            "month": "2016-09",
            "price": "15.13",
            "revenue": 765684
        },
        "2016-10": {
            "month": "2016-10",
            "price": "15.16",
            "revenue": 465118
        },
        "2016-11": {
            "month": "2016-11",
            "price": "15.77",
            "revenue": 622046
        },
        "2016-12": {
            "month": "2016-12",
            "price": "17.00",
            "revenue": 920660
        },
        "2017-01": {
            "month": "2017-01",
            "price": "17.36",
            "revenue": 579953
        },
        "2017-02": {
            "month": "2017-02",
            "price": "19.05",
            "revenue": 521761
        },
        "2017-03": {
            "month": "2017-03",
            "price": "19.32",
            "revenue": 534087
        },
        "2017-04": {
            "month": "2017-04",
            "price": "19.02",
            "revenue": 568746
        },
        "2017-05": {
            "month": "2017-05",
            "price": "18.83",
            "revenue": 475431
        },
        "2017-06": {
            "month": "2017-06",
            "price": "18.74",
            "revenue": 930770
        },
        "2017-07": {
            "month": "2017-07",
            "price": "17.78",
            "revenue": 616067
        },
        "2017-08": {
            "month": "2017-08",
            "price": "16.84",
            "revenue": 651349
        },
        "2017-09": {
            "month": "2017-09",
            "price": "17.38",
            "revenue": 880008
        },
        "2017-10": {
            "month": "2017-10",
            "price": "17.63",
            "revenue": 536900
        },
        "2017-11": {
            "month": "2017-11",
            "price": "18.79",
            "revenue": 844357
        },
        "2017-12": {
            "month": "2017-12",
            "price": "19.86",
            "revenue": 1095487
        },
        "2018-01": {
            "month": "2018-01",
            "price": "22.25",
            "revenue": 874080
        },
        "2018-02": {
            "month": "2018-02",
            "price": "22.29",
            "revenue": 516020
        },
        "2018-03": {
            "month": "2018-03",
            "price": "23.67",
            "revenue": 1037451
        },
        "2018-04": {
            "month": "2018-04",
            "price": "25.43",
            "revenue": 968137
        },
        "2018-05": {
            "month": "2018-05",
            "price": "25.72",
            "revenue": 655640
        },
        "2018-06": {
            "month": "2018-06",
            "price": "25.62",
            "revenue": 921595
        },
        "2018-07": {
            "month": "2018-07",
            "price": "24.13",
            "revenue": 886460
        },
        "2018-08": {
            "month": "2018-08",
            "price": "23.61",
            "revenue": 1703792
        },
        "2018-09": {
            "month": "2018-09",
            "price": "24.47",
            "revenue": 940562
        },
        "2018-10": {
            "month": "2018-10",
            "price": "24.48",
            "revenue": 927922
        },
        "2018-11": {
            "month": "2018-11",
            "price": "24.73",
            "revenue": 1144033
        },
        "2018-12": {
            "month": "2018-12",
            "price": "26.45",
            "revenue": 853500
        },
        "2019-01": {
            "month": "2019-01",
            "price": "27.83",
            "revenue": 1103201
        },
        "2019-02": {
            "month": "2019-02",
            "price": "28.61",
            "revenue": 808046
        },
        "2019-03": {
            "month": "2019-03",
            "price": "31.04",
            "revenue": 820518
        },
        "2019-04": {
            "month": "2019-04",
            "price": "32.02",
            "revenue": 1034828
        },
        "2019-05": {
            "month": "2019-05",
            "price": "32.88",
            "revenue": 825850
        },
        "2019-06": {
            "month": "2019-06",
            "price": "36.76",
            "revenue": 891109
        },
        "2019-07": {
            "month": "2019-07",
            "price": "36.17",
            "revenue": 647857
        },
        "2019-08": {
            "month": "2019-08",
            "price": "36.05",
            "revenue": 686853
        },
        "2019-09": {
            "month": "2019-09",
            "price": "35.47",
            "revenue": 1491225
        },
        "2019-10": {
            "month": "2019-10",
            "price": "36.60",
            "revenue": 772878
        },
        "2019-11": {
            "month": "2019-11",
            "price": "37.18",
            "revenue": 1132525
        },
        "2019-12": {
            "month": "2019-12",
            "price": "37.21",
            "revenue": 1247552
        },
        "2020-01": {
            "month": "2020-01",
            "price": "37.98",
            "revenue": 727993
        },
        "2020-02": {
            "month": "2020-02",
            "price": "38.12",
            "revenue": 922466
        },
        "2020-03": {
            "month": "2020-03",
            "price": "35.68",
            "revenue": 1121745
        },
        "2020-04": {
            "month": "2020-04",
            "price": "35.67",
            "revenue": 1274783
        },
        "2020-05": {
            "month": "2020-05",
            "price": "38.16",
            "revenue": 1262694
        },
        "2020-06": {
            "month": "2020-06",
            "price": "42.05",
            "revenue": 1370395
        },
        "2020-07": {
            "month": "2020-07",
            "price": "42.28",
            "revenue": 1227473
        },
        "2020-08": {
            "month": "2020-08",
            "price": "44.49",
            "revenue": 1338048
        },
        "2020-09": {
            "month": "2020-09",
            "price": "49.83",
            "revenue": 860732
        },
        "2020-10": {
            "month": "2020-10",
            "price": "47.82",
            "revenue": 1091483
        },
        "2020-11": {
            "month": "2020-11",
            "price": "47.79",
            "revenue": 1778313
        },
        "2020-12": {
            "month": "2020-12",
            "price": "48.77",
            "revenue": 1027656
        },
        "2021-01": {
            "month": "2021-01",
            "price": "47.91",
            "revenue": 888993
        },
        "2021-02": {
            "month": "2021-02",
            "price": "47.41",
            "revenue": 720119
        },
        "2021-03": {
            "month": "2021-03",
            "price": "50.18",
            "revenue": 1036153
        },
        "2021-04": {
            "month": "2021-04",
            "price": "50.67",
            "revenue": 808580
        },
        "2021-05": {
            "month": "2021-05",
            "price": "47.57",
            "revenue": 797871
        },
        "2021-06": {
            "month": "2021-06",
            "price": "47.62",
            "revenue": 911153
        },
        "2021-07": {
            "month": "2021-07",
            "price": "48.02",
            "revenue": 620795
        },
        "2021-08": {
            "month": "2021-08",
            "price": "46.22",
            "revenue": 746489
        },
        "2021-09": {
            "month": "2021-09",
            "price": "46.92",
            "revenue": 990261
        },
        "2021-10": {
            "month": "2021-10",
            "price": "46.38",
            "revenue": 943888
        },
        "2021-11": {
            "month": "2021-11",
            "price": "49.62",
            "revenue": 1019851
        },
        "2021-12": {
            "month": "2021-12",
            "price": "49.34",
            "revenue": 1274260
        },
        "2022-01": {
            "month": "2022-01",
            "price": "50.44",
            "revenue": 545494
        },
        "2022-02": {
            "month": "2022-02",
            "price": "52.00",
            "revenue": 669762
        },
        "2022-03": {
            "month": "2022-03",
            "price": "53.10",
            "revenue": 978631
        },
        "2022-04": {
            "month": "2022-04",
            "price": "56.76",
            "revenue": 893885
        },
        "2022-05": {
            "month": "2022-05",
            "price": "53.18",
            "revenue": 954594
        },
        "2022-06": {
            "month": "2022-06",
            "price": "52.25",
            "revenue": 1098492
        },
        "2022-07": {
            "month": "2022-07",
            "price": "51.99",
            "revenue": 1261109
        },
        "2022-08": {
            "month": "2022-08",
            "price": "50.31",
            "revenue": 1339321
        },
        "2022-09": {
            "month": "2022-09",
            "price": "50.20",
            "revenue": 1205979
        },
        "2022-10": {
            "month": "2022-10",
            "price": "47.19",
            "revenue": 1479393
        },
        "2022-11": {
            "month": "2022-11",
            "price": "48.21",
            "revenue": 2214471
        },
        "2022-12": {
            "month": "2022-12",
            "price": "50.52",
            "revenue": 2153752
        },
        "2023-01": {
            "month": "2023-01",
            "price": "53.26",
            "revenue": 808504
        },
        "2023-02": {
            "month": "2023-02",
            "price": "56.03",
            "revenue": 1222458
        },
        "2023-03": {
            "month": "2023-03",
            "price": "62.07",
            "revenue": 1239594
        },
        "2023-04": {
            "month": "2023-04",
            "price": "69.41",
            "revenue": 1152707
        }
    }
}
