{
    "summary": {
        "stock_name": "日勝生",
        "stock_id": "2547",
        "category": "建材營造",
        "main_business": "委託營造廠商興建住宅、商辦大樓，以供出租或出售為主要業務",
        "website_url": "http://www.radium.com.tw",
        "ceo": "劉垚凱",
        "pe_ratio": -61,
        "report_year_from": 2001,
        "report_year_to": 2023,
        "age": 23,
        "eps_negative_percentage": 26,
        "eps_growth_avg": {
            "last_all": -19.28,
            "last_2y": -62.86,
            "last_4y": -43.56,
            "last_8y": -43.56,
            "last_12y": -36.22,
            "last_16y": -7.88,
            "last_20y": -14.92,
            "at_2006_last_3y": -45.43,
            "at_2007_last_3y": 21.24,
            "at_2008_last_3y": -3.19,
            "at_2009_last_3y": 42.05,
            "at_2010_last_3y": 55.88,
            "at_2011_last_3y": 20.28,
            "at_2012_last_3y": 22.95,
            "at_2013_last_3y": 22.95,
            "at_2014_last_3y": -27.05,
            "at_2015_last_3y": -21.93,
            "at_2016_last_3y": 0,
            "at_2017_last_3y": -100,
            "at_2018_last_3y": null,
            "at_2019_last_3y": -88.3,
            "at_2020_last_3y": -14.6,
            "at_2021_last_3y": -39.26,
            "at_2022_last_3y": -29.44,
            "at_2023_last_3y": -32.37,
            "at_2024_last_3y": -32.37,
            "at_2006_last_all": -56.31,
            "at_2007_last_all": -25.05,
            "at_2008_last_all": -33.62,
            "at_2009_last_all": -14.53,
            "at_2010_last_all": -0.21,
            "at_2011_last_all": -4.9,
            "at_2012_last_all": -10.99,
            "at_2013_last_all": -0.9,
            "at_2014_last_all": -9.16,
            "at_2015_last_all": -9.16,
            "at_2016_last_all": -9.16,
            "at_2017_last_all": -9.16,
            "at_2018_last_all": -9.16,
            "at_2019_last_all": -15.25,
            "at_2020_last_all": -9.94,
            "at_2021_last_all": -15.18,
            "at_2022_last_all": -14.23,
            "at_2023_last_all": -19.28,
            "at_2024_last_all": -19.28
        },
        "latest_eps": -0.15,
        "latest_price": 9.09,
        "latest_roe": -0.57,
        "latest_gross_margin": 43.64,
        "latest_equity": 11553872,
        "latest_revenue": 1711285,
        "latest_gross_profit": 746841,
        "latest_net_income": 6395,
        "latest_debt_ratio": 80.3,
        "latest_current_ratio": 78.94,
        "latest_account_receivable_turnover_ratio": 1.69,
        "latest_inventory_turnover_ratio": 0.12,
        "latest_reinvestment_rate": 116.02,
        "latest_research_to_sale_ratio": 0.04
    },
    "eps_dividends": {
        "2000": {
            "cash": 0,
            "stock": 2.5,
            "eps": 0
        },
        "2001": {
            "cash": 1,
            "stock": 0,
            "eps": 1.9
        },
        "2002": {
            "cash": 0.5,
            "stock": 1,
            "eps": 0.21
        },
        "2003": {
            "cash": 0.2,
            "stock": 0.8,
            "eps": -2.75
        },
        "2004": {
            "cash": 0,
            "stock": 0,
            "eps": 2.47
        },
        "2005": {
            "cash": 0.2,
            "stock": 0.8,
            "eps": 0.47
        },
        "2006": {
            "cash": 0.08,
            "stock": 0.32,
            "eps": 0.68
        },
        "2007": {
            "cash": 0.13,
            "stock": 0.35,
            "eps": 2.21
        },
        "2008": {
            "cash": 0.5,
            "stock": 1,
            "eps": 0.52
        },
        "2009": {
            "cash": 0,
            "stock": 0.4,
            "eps": 2.78
        },
        "2010": {
            "cash": 1.2,
            "stock": 0.3,
            "eps": 6.6
        },
        "2011": {
            "cash": 3.5999999999999996,
            "stock": 0.8999999999999999,
            "eps": 3.8
        },
        "2012": {
            "cash": 0,
            "stock": 0,
            "eps": 1.3
        },
        "2013": {
            "cash": 0.8,
            "stock": 0.2,
            "eps": 11.94
        },
        "2014": {
            "cash": 1,
            "stock": 0.2,
            "eps": -0.49
        },
        "2015": {
            "cash": 1,
            "stock": 0.2,
            "eps": -1.54
        },
        "2016": {
            "cash": 0,
            "stock": 0,
            "eps": -5.55
        },
        "2017": {
            "cash": 0,
            "stock": 0,
            "eps": -0.85
        },
        "2018": {
            "cash": 0,
            "stock": 0,
            "eps": 3.76
        },
        "2019": {
            "cash": 0.8,
            "stock": 0.2,
            "eps": 0.44
        },
        "2020": {
            "cash": 0.6,
            "stock": 0,
            "eps": 0.7
        },
        "2021": {
            "cash": 0.62,
            "stock": 0,
            "eps": 0.08
        },
        "2022": {
            "cash": 0.2,
            "stock": 0,
            "eps": 0.08
        },
        "2023": {
            "cash": 0,
            "stock": 0,
            "eps": -0.2
        }
    },
    "dividends": {
        "2000-06-27": {
            "cash": 0,
            "stock": 2.5
        },
        "2001-07-31": {
            "cash": 1,
            "stock": 0
        },
        "2002-06-14": {
            "cash": 0.5,
            "stock": 1
        },
        "2003-03-27": {
            "cash": 0.2,
            "stock": 0.8
        },
        "2005-04-26": {
            "cash": 0.2,
            "stock": 0.8
        },
        "2006-06-26": {
            "cash": 0.08,
            "stock": 0.32
        },
        "2007-04-17": {
            "cash": 0.13,
            "stock": 0.35
        },
        "2008-04-25": {
            "cash": 0.5,
            "stock": 1
        },
        "2009-03-25": {
            "cash": 0,
            "stock": 0.4
        },
        "2010-03-16": {
            "cash": 1.2,
            "stock": 0.3
        },
        "2011-01-01": {
            "cash": 1.2,
            "stock": 0.3
        },
        "2011-03-24": {
            "cash": 2.4,
            "stock": 0.6
        },
        "2013-03-25": {
            "cash": 0.8,
            "stock": 0.2
        },
        "2014-08-29": {
            "cash": 1,
            "stock": 0.2
        },
        "2015-08-31": {
            "cash": 1,
            "stock": 0.2
        },
        "2019-09-11": {
            "cash": 0.8,
            "stock": 0.2
        },
        "2020-08-05": {
            "cash": 0.6,
            "stock": 0
        },
        "2021-09-15": {
            "cash": 0.62,
            "stock": 0
        },
        "2022-09-08": {
            "cash": 0.2,
            "stock": 0
        }
    },
    "prices": {
        "200101": "7.13",
        "200102": "8.23",
        "200103": "8.63",
        "200104": "8.49",
        "200105": "7.02",
        "200106": "6.30",
        "200107": "4.36",
        "200108": "5.29",
        "200109": "5.06",
        "200110": "4.51",
        "200111": "4.35",
        "200112": "4.79",
        "200201": "5.39",
        "200202": "8.33",
        "200203": "8.75",
        "200204": "13.05",
        "200205": "13.87",
        "200206": "13.48",
        "200207": "11.81",
        "200208": "10.68",
        "200209": "9.44",
        "200210": "8.02",
        "200211": "8.53",
        "200212": "9.39",
        "200301": "8.96",
        "200302": "8.29",
        "200303": "7.38",
        "200304": "7.41",
        "200305": "6.39",
        "200306": "7.20",
        "200307": "8.84",
        "200308": "8.58",
        "200309": "7.84",
        "200310": "9.52",
        "200311": "14.93",
        "200312": "16.48",
        "200401": "26.70",
        "200402": "30.17",
        "200403": "32.96",
        "200404": "38.77",
        "200405": "30.14",
        "200406": "29.82",
        "200407": "28.61",
        "200408": "28.72",
        "200409": "31.02",
        "200410": "28.56",
        "200411": "26.42",
        "200412": "29.12",
        "200501": "29.42",
        "200502": "27.96",
        "200503": "26.41",
        "200504": "17.84",
        "200505": "14.83",
        "200506": "18.19",
        "200507": "17.86",
        "200508": "15.73",
        "200509": "15.02",
        "200510": "13.19",
        "200511": "11.42",
        "200512": "13.18",
        "200601": "15.10",
        "200602": "14.22",
        "200603": "12.73",
        "200604": "14.16",
        "200605": "22.21",
        "200606": "23.05",
        "200607": "25.08",
        "200608": "27.64",
        "200609": "26.91",
        "200610": "34.94",
        "200611": "49.58",
        "200612": "50.03",
        "200701": "48.31",
        "200702": "49.76",
        "200703": "47.00",
        "200704": "42.39",
        "200705": "41.98",
        "200706": "37.66",
        "200707": "40.88",
        "200708": "41.30",
        "200709": "37.95",
        "200710": "29.59",
        "200711": "23.37",
        "200712": "23.22",
        "200801": "27.31",
        "200802": "30.97",
        "200803": "39.23",
        "200804": "45.52",
        "200805": "46.23",
        "200806": "36.63",
        "200807": "28.74",
        "200808": "23.02",
        "200809": "15.26",
        "200810": "11.88",
        "200811": "10.32",
        "200812": "9.72",
        "200901": "9.98",
        "200902": "9.31",
        "200903": "10.51",
        "200904": "14.82",
        "200905": "22.77",
        "200906": "25.65",
        "200907": "29.28",
        "200908": "23.82",
        "200909": "25.51",
        "200910": "28.25",
        "200911": "25.42",
        "200912": "26.32",
        "201001": "28.15",
        "201002": "24.48",
        "201003": "25.86",
        "201004": "28.62",
        "201005": "26.06",
        "201006": "26.67",
        "201007": "29.42",
        "201008": "35.11",
        "201009": "40.75",
        "201010": "41.94",
        "201011": "43.26",
        "201012": "44.03",
        "201101": "41.33",
        "201102": "38.13",
        "201103": "32.96",
        "201104": "35.34",
        "201105": "35.73",
        "201106": "36.15",
        "201107": "39.50",
        "201108": "31.93",
        "201109": "26.15",
        "201110": "25.82",
        "201111": "25.38",
        "201112": "20.93",
        "201201": "21.94",
        "201202": "26.12",
        "201203": "25.68",
        "201204": "22.12",
        "201205": "20.10",
        "201206": "19.57",
        "201207": "19.74",
        "201208": "19.85",
        "201209": "21.26",
        "201210": "19.48",
        "201211": "18.27",
        "201212": "21.68",
        "201301": "27.44",
        "201302": "26.99",
        "201303": "26.70",
        "201304": "25.11",
        "201305": "23.84",
        "201306": "21.69",
        "201307": "24.45",
        "201308": "26.19",
        "201309": "26.13",
        "201310": "26.13",
        "201311": "27.15",
        "201312": "26.45",
        "201401": "23.46",
        "201402": "23.77",
        "201403": "23.95",
        "201404": "25.85",
        "201405": "22.98",
        "201406": "21.80",
        "201407": "21.01",
        "201408": "19.81",
        "201409": "18.67",
        "201410": "16.98",
        "201411": "17.93",
        "201412": "18.32",
        "201501": "16.38",
        "201502": "16.41",
        "201503": "16.08",
        "201504": "15.71",
        "201505": "14.75",
        "201506": "13.90",
        "201507": "14.05",
        "201508": "11.67",
        "201509": "11.13",
        "201510": "12.32",
        "201511": "11.96",
        "201512": "11.49",
        "201601": "10.27",
        "201602": "10.22",
        "201603": "11.02",
        "201604": "10.26",
        "201605": "9.94",
        "201606": "10.11",
        "201607": "10.46",
        "201608": "10.18",
        "201609": "10.07",
        "201610": "9.40",
        "201611": "8.97",
        "201612": "9.30",
        "201701": "9.46",
        "201702": "10.18",
        "201703": "10.40",
        "201704": "13.33",
        "201705": "13.48",
        "201706": "14.05",
        "201707": "13.67",
        "201708": "13.05",
        "201709": "13.14",
        "201710": "13.64",
        "201711": "13.37",
        "201712": "12.87",
        "201801": "12.64",
        "201802": "11.86",
        "201803": "11.52",
        "201804": "11.24",
        "201805": "10.85",
        "201806": "11.25",
        "201807": "11.90",
        "201808": "14.60",
        "201809": "17.49",
        "201810": "16.20",
        "201811": "15.97",
        "201812": "14.93",
        "201901": "14.10",
        "201902": "14.75",
        "201903": "15.22",
        "201904": "13.78",
        "201905": "13.32",
        "201906": "13.39",
        "201907": "13.46",
        "201908": "12.45",
        "201909": "11.87",
        "201910": "12.20",
        "201911": "11.95",
        "201912": "11.54",
        "202001": "11.19",
        "202002": "10.32",
        "202003": "9.00",
        "202004": "9.77",
        "202005": "9.95",
        "202006": "10.09",
        "202007": "10.18",
        "202008": "10.15",
        "202009": "10.65",
        "202010": "10.43",
        "202011": "10.88",
        "202012": "11.89",
        "202101": "11.46",
        "202102": "10.98",
        "202103": "11.22",
        "202104": "12.33",
        "202105": "11.32",
        "202106": "11.05",
        "202107": "11.14",
        "202108": "11.07",
        "202109": "10.35",
        "202110": "10.32",
        "202111": "10.33",
        "202112": "10.15",
        "202201": "10.95",
        "202202": "11.03",
        "202203": "10.47",
        "202204": "10.22",
        "202205": "9.54",
        "202206": "9.51",
        "202207": "9.13",
        "202208": "9.46",
        "202209": "9.90",
        "202210": "9.31",
        "202211": "9.19",
        "202212": "9.16",
        "202301": "9.05",
        "202302": "9.21",
        "202303": "9.25",
        "202304": "9.18",
        "202305": "9.24",
        "202306": "9.15",
        "202307": "9.05",
        "202308": "8.87",
        "202309": "8.74",
        "202310": "8.70",
        "202311": "9.29",
        "202312": "9.96"
    },
    "quarters": {
        "20011": {
            "year_quarter": 20011,
            "year": 2001,
            "quarter": 1,
            "eps": 0.04,
            "eps_growth_year": -92.86,
            "eps_4q": 1.48,
            "eps_4q_growth_year": -56.78,
            "roe": 0.27,
            "roe_4q": 0.27,
            "gross_profit": 58941,
            "gross_margin": 41.48,
            "gross_margin_4q_avg": 41.48,
            "net_income": 6509,
            "net_income_4q": null,
            "revenue": 142108,
            "revenue_4q": null,
            "common_shares": 1725000,
            "book_valuer_per_share": 13.72,
            "book_valuer_per_share_4q_avg": 13.72,
            "equity": 2367345,
            "current_ratio": 126.62,
            "debt_ratio": 63.95,
            "inventory_turnover_ratio": 0.02,
            "account_receivable_turnover_ratio": null,
            "reinvestment_rate": null,
            "research_to_sale_ratio": null,
            "price_fair": 0,
            "eps_avg_yearly": 0,
            "eps_latest_yearly": 0,
            "eps_growth_yearly": 0
        },
        "20012": {
            "year_quarter": 20012,
            "year": 2001,
            "quarter": 2,
            "eps": 0.08,
            "eps_growth_year": -86.44,
            "eps_4q": 1,
            "eps_4q_growth_year": -72.49,
            "roe": 0.58,
            "roe_4q": 0.85,
            "gross_profit": 67256,
            "gross_margin": 40.86,
            "gross_margin_4q_avg": 41.17,
            "net_income": 13822,
            "net_income_4q": null,
            "revenue": 164588,
            "revenue_4q": null,
            "common_shares": 1725000,
            "book_valuer_per_share": 13.78,
            "book_valuer_per_share_4q_avg": 13.75,
            "equity": 2376667,
            "current_ratio": 125.67,
            "debt_ratio": 65.34,
            "inventory_turnover_ratio": 0.02,
            "account_receivable_turnover_ratio": null,
            "reinvestment_rate": null,
            "research_to_sale_ratio": null,
            "price_fair": 0,
            "eps_avg_yearly": 0,
            "eps_latest_yearly": 0,
            "eps_growth_yearly": 0
        },
        "20013": {
            "year_quarter": 20013,
            "year": 2001,
            "quarter": 3,
            "eps": -0.06,
            "eps_growth_year": -108.57,
            "eps_4q": 0.39,
            "eps_4q_growth_year": -91.71,
            "roe": -0.44,
            "roe_4q": 0.41,
            "gross_profit": 31804,
            "gross_margin": 36.85,
            "gross_margin_4q_avg": 39.73,
            "net_income": -10342,
            "net_income_4q": null,
            "revenue": 86302,
            "revenue_4q": null,
            "common_shares": 1725000,
            "book_valuer_per_share": 13.72,
            "book_valuer_per_share_4q_avg": 13.74,
            "equity": 2366325,
            "current_ratio": 125,
            "debt_ratio": 65.88,
            "inventory_turnover_ratio": 0.01,
            "account_receivable_turnover_ratio": null,
            "reinvestment_rate": null,
            "research_to_sale_ratio": null,
            "price_fair": 0,
            "eps_avg_yearly": 0,
            "eps_latest_yearly": 0,
            "eps_growth_yearly": 0
        },
        "20014": {
            "year_quarter": 20014,
            "year": 2001,
            "quarter": 4,
            "eps": 1.84,
            "eps_growth_year": 348.78,
            "eps_4q": 1.9,
            "eps_4q_growth_year": -15.49,
            "roe": 12.97,
            "roe_4q": 13.38,
            "gross_profit": 379202,
            "gross_margin": 37.96,
            "gross_margin_4q_avg": 39.29,
            "net_income": 316876,
            "net_income_4q": null,
            "revenue": 999006,
            "revenue_4q": null,
            "common_shares": 1725000,
            "book_valuer_per_share": 14.56,
            "book_valuer_per_share_4q_avg": 13.95,
            "equity": 2520230,
            "current_ratio": 127.51,
            "debt_ratio": 67.66,
            "inventory_turnover_ratio": 0.11,
            "account_receivable_turnover_ratio": null,
            "reinvestment_rate": null,
            "research_to_sale_ratio": null,
            "price_fair": 0,
            "eps_avg_yearly": 0,
            "eps_latest_yearly": 0,
            "eps_growth_yearly": 0
        },
        "20021": {
            "year_quarter": 20021,
            "year": 2002,
            "quarter": 1,
            "eps": 0.21,
            "eps_growth_year": 425,
            "eps_4q": 2.09,
            "eps_4q_growth_year": 41.41,
            "roe": 1.41,
            "roe_4q": 14.520000000000001,
            "gross_profit": 84639,
            "gross_margin": 36.91,
            "gross_margin_4q_avg": 38.15,
            "net_income": 35798,
            "net_income_4q": null,
            "revenue": 229292,
            "revenue_4q": null,
            "common_shares": 1725000,
            "book_valuer_per_share": 14.76,
            "book_valuer_per_share_4q_avg": 14.21,
            "equity": 2546560,
            "current_ratio": 122.37,
            "debt_ratio": 68.81,
            "inventory_turnover_ratio": 0.02,
            "account_receivable_turnover_ratio": null,
            "reinvestment_rate": null,
            "research_to_sale_ratio": null,
            "price_fair": 2.52,
            "eps_avg_yearly": 0.84,
            "eps_latest_yearly": 0.84,
            "eps_growth_yearly": -354.35
        },
        "20022": {
            "year_quarter": 20022,
            "year": 2002,
            "quarter": 2,
            "eps": 0.52,
            "eps_growth_year": 550,
            "eps_4q": 2.51,
            "eps_4q_growth_year": 149.81,
            "roe": 3.52,
            "roe_4q": 17.459999999999997,
            "gross_profit": 191801,
            "gross_margin": 41.91,
            "gross_margin_4q_avg": 38.41,
            "net_income": 89641,
            "net_income_4q": null,
            "revenue": 457680,
            "revenue_4q": null,
            "common_shares": 1725000,
            "book_valuer_per_share": 14.77,
            "book_valuer_per_share_4q_avg": 14.45,
            "equity": 2548451,
            "current_ratio": 131.4,
            "debt_ratio": 60.93,
            "inventory_turnover_ratio": 0.05,
            "account_receivable_turnover_ratio": null,
            "reinvestment_rate": null,
            "research_to_sale_ratio": null,
            "price_fair": 51.1,
            "eps_avg_yearly": 1.46,
            "eps_latest_yearly": 2.08,
            "eps_growth_yearly": 118.06
        },
        "20023": {
            "year_quarter": 20023,
            "year": 2002,
            "quarter": 3,
            "eps": -0.25,
            "eps_growth_year": null,
            "eps_4q": 2.32,
            "eps_4q_growth_year": 497.37,
            "roe": -1.69,
            "roe_4q": 16.21,
            "gross_profit": 29622,
            "gross_margin": 10.5,
            "gross_margin_4q_avg": 31.82,
            "net_income": -42825,
            "net_income_4q": null,
            "revenue": 282095,
            "revenue_4q": null,
            "common_shares": 1725000,
            "book_valuer_per_share": 14.53,
            "book_valuer_per_share_4q_avg": 14.66,
            "equity": 2505626,
            "current_ratio": 132.99,
            "debt_ratio": 59.93,
            "inventory_turnover_ratio": 0.06,
            "account_receivable_turnover_ratio": null,
            "reinvestment_rate": null,
            "research_to_sale_ratio": null,
            "price_fair": 51.1,
            "eps_avg_yearly": 1.46,
            "eps_latest_yearly": 2.08,
            "eps_growth_yearly": 118.06
        },
        "20024": {
            "year_quarter": 20024,
            "year": 2002,
            "quarter": 4,
            "eps": -0.27,
            "eps_growth_year": -114.67,
            "eps_4q": 0.2,
            "eps_4q_growth_year": -89.43,
            "roe": -1.88,
            "roe_4q": 1.36,
            "gross_profit": 44114,
            "gross_margin": 30.28,
            "gross_margin_4q_avg": 29.9,
            "net_income": -47233,
            "net_income_4q": null,
            "revenue": 145707,
            "revenue_4q": null,
            "common_shares": 1725000,
            "book_valuer_per_share": 14.25,
            "book_valuer_per_share_4q_avg": 14.58,
            "equity": 2519649,
            "current_ratio": 168.22,
            "debt_ratio": 58.82,
            "inventory_turnover_ratio": 0.03,
            "account_receivable_turnover_ratio": null,
            "reinvestment_rate": 8.91,
            "research_to_sale_ratio": null,
            "price_fair": 51.1,
            "eps_avg_yearly": 1.46,
            "eps_latest_yearly": 2.08,
            "eps_growth_yearly": 118.06
        },
        "20031": {
            "year_quarter": 20031,
            "year": 2003,
            "quarter": 1,
            "eps": -0.39,
            "eps_growth_year": -285.71,
            "eps_4q": -0.39,
            "eps_4q_growth_year": -118.77,
            "roe": -3.07,
            "roe_4q": -3.1199999999999988,
            "gross_profit": -335,
            "gross_margin": -2.91,
            "gross_margin_4q_avg": 19.95,
            "net_income": -75155,
            "net_income_4q": null,
            "revenue": 11495,
            "revenue_4q": null,
            "common_shares": 1904500,
            "book_valuer_per_share": 12.51,
            "book_valuer_per_share_4q_avg": 14.02,
            "equity": 2383237,
            "current_ratio": 141.92,
            "debt_ratio": 55.24,
            "inventory_turnover_ratio": 0.01,
            "account_receivable_turnover_ratio": null,
            "reinvestment_rate": 41.59,
            "research_to_sale_ratio": null,
            "price_fair": 51.1,
            "eps_avg_yearly": 1.46,
            "eps_latest_yearly": 2.08,
            "eps_growth_yearly": 118.06
        },
        "20032": {
            "year_quarter": 20032,
            "year": 2003,
            "quarter": 2,
            "eps": -2.71,
            "eps_growth_year": -621.15,
            "eps_4q": -3.57,
            "eps_4q_growth_year": -242.67,
            "roe": -24.49,
            "roe_4q": -31.13,
            "gross_profit": -383417,
            "gross_margin": 40.04,
            "gross_margin_4q_avg": 19.48,
            "net_income": -515736,
            "net_income_4q": null,
            "revenue": -957572,
            "revenue_4q": null,
            "common_shares": 1904770,
            "book_valuer_per_share": 9.6,
            "book_valuer_per_share_4q_avg": 12.72,
            "equity": 1828107,
            "current_ratio": 114.78,
            "debt_ratio": 64.43,
            "inventory_turnover_ratio": -0.24,
            "account_receivable_turnover_ratio": null,
            "reinvestment_rate": 99.99,
            "research_to_sale_ratio": null,
            "price_fair": 51.1,
            "eps_avg_yearly": 1.46,
            "eps_latest_yearly": 2.08,
            "eps_growth_yearly": 118.06
        },
        "20033": {
            "year_quarter": 20033,
            "year": 2003,
            "quarter": 3,
            "eps": -0.11,
            "eps_growth_year": null,
            "eps_4q": -3.46,
            "eps_4q_growth_year": -249.34,
            "roe": -1.14,
            "roe_4q": -30.58,
            "gross_profit": 32855,
            "gross_margin": 20.56,
            "gross_margin_4q_avg": 21.99,
            "net_income": -20773,
            "net_income_4q": null,
            "revenue": 159773,
            "revenue_4q": null,
            "common_shares": 1905174,
            "book_valuer_per_share": 9.49,
            "book_valuer_per_share_4q_avg": 11.46,
            "equity": 1807633,
            "current_ratio": 122.72,
            "debt_ratio": 64.17,
            "inventory_turnover_ratio": 0.05,
            "account_receivable_turnover_ratio": null,
            "reinvestment_rate": 116.15,
            "research_to_sale_ratio": null,
            "price_fair": 51.1,
            "eps_avg_yearly": 1.46,
            "eps_latest_yearly": 2.08,
            "eps_growth_yearly": 118.06
        },
        "20034": {
            "year_quarter": 20034,
            "year": 2003,
            "quarter": 4,
            "eps": 0.46,
            "eps_growth_year": null,
            "eps_4q": -2.5,
            "eps_4q_growth_year": -1344.66,
            "roe": 5.05,
            "roe_4q": -23.65,
            "gross_profit": 133959,
            "gross_margin": 33.26,
            "gross_margin_4q_avg": 22.74,
            "net_income": 95155,
            "net_income_4q": null,
            "revenue": 402806,
            "revenue_4q": null,
            "common_shares": 2064690,
            "book_valuer_per_share": 9.22,
            "book_valuer_per_share_4q_avg": 10.21,
            "equity": 1963080,
            "current_ratio": 96.27,
            "debt_ratio": 67.11,
            "inventory_turnover_ratio": 0.11,
            "account_receivable_turnover_ratio": null,
            "reinvestment_rate": 411.88,
            "research_to_sale_ratio": null,
            "price_fair": 51.1,
            "eps_avg_yearly": 1.46,
            "eps_latest_yearly": 2.08,
            "eps_growth_yearly": 118.06
        },
        "20041": {
            "year_quarter": 20041,
            "year": 2004,
            "quarter": 1,
            "eps": 0.78,
            "eps_growth_year": null,
            "eps_4q": -1.02,
            "eps_4q_growth_year": null,
            "roe": 8.86,
            "roe_4q": -11.719999999999999,
            "gross_profit": 289670,
            "gross_margin": 32.37,
            "gross_margin_4q_avg": 31.56,
            "net_income": 191494,
            "net_income_4q": null,
            "revenue": 894858,
            "revenue_4q": null,
            "common_shares": 2440456,
            "book_valuer_per_share": 9.67,
            "book_valuer_per_share_4q_avg": 9.5,
            "equity": 2359514,
            "current_ratio": 101.76,
            "debt_ratio": 67.82,
            "inventory_turnover_ratio": 0.2,
            "account_receivable_turnover_ratio": null,
            "reinvestment_rate": 186.26,
            "research_to_sale_ratio": null,
            "price_fair": 70.47,
            "eps_avg_yearly": 2.01,
            "eps_latest_yearly": 3.12,
            "eps_growth_yearly": 171.46
        },
        "20042": {
            "year_quarter": 20042,
            "year": 2004,
            "quarter": 2,
            "eps": 0.17,
            "eps_growth_year": null,
            "eps_4q": 1.24,
            "eps_4q_growth_year": null,
            "roe": 1.78,
            "roe_4q": 14.549999999999997,
            "gross_profit": 155589,
            "gross_margin": 40.09,
            "gross_margin_4q_avg": 31.57,
            "net_income": 42360,
            "net_income_4q": null,
            "revenue": 388053,
            "revenue_4q": null,
            "common_shares": 2440456,
            "book_valuer_per_share": 9.84,
            "book_valuer_per_share_4q_avg": 9.56,
            "equity": 2401874,
            "current_ratio": 101.4,
            "debt_ratio": 69.98,
            "inventory_turnover_ratio": 0.06,
            "account_receivable_turnover_ratio": null,
            "reinvestment_rate": 233.28,
            "research_to_sale_ratio": null,
            "price_fair": 58.8,
            "eps_avg_yearly": 1.68,
            "eps_latest_yearly": 0.68,
            "eps_growth_yearly": 50.39
        },
        "20043": {
            "year_quarter": 20043,
            "year": 2004,
            "quarter": 3,
            "eps": 0.54,
            "eps_growth_year": null,
            "eps_4q": 1.89,
            "eps_4q_growth_year": null,
            "roe": 5.34,
            "roe_4q": 21.03,
            "gross_profit": 218963,
            "gross_margin": 32.08,
            "gross_margin_4q_avg": 34.45,
            "net_income": 131716,
            "net_income_4q": null,
            "revenue": 682532,
            "revenue_4q": null,
            "common_shares": 2440457,
            "book_valuer_per_share": 10.38,
            "book_valuer_per_share_4q_avg": 9.78,
            "equity": 2533589,
            "current_ratio": 101.3,
            "debt_ratio": 69.49,
            "inventory_turnover_ratio": 0.12,
            "account_receivable_turnover_ratio": null,
            "reinvestment_rate": 212.69,
            "research_to_sale_ratio": null,
            "price_fair": 62.16,
            "eps_avg_yearly": 1.78,
            "eps_latest_yearly": 2.16,
            "eps_growth_yearly": 214.43
        },
        "20044": {
            "year_quarter": 20044,
            "year": 2004,
            "quarter": 4,
            "eps": 0.98,
            "eps_growth_year": 113.04,
            "eps_4q": 2.48,
            "eps_4q_growth_year": null,
            "roe": 8.94,
            "roe_4q": 24.919999999999998,
            "gross_profit": 438137,
            "gross_margin": 30.13,
            "gross_margin_4q_avg": 33.67,
            "net_income": 239271,
            "net_income_4q": null,
            "revenue": 1454179,
            "revenue_4q": null,
            "common_shares": 2440457,
            "book_valuer_per_share": 11.36,
            "book_valuer_per_share_4q_avg": 10.31,
            "equity": 2819738,
            "current_ratio": 98.5,
            "debt_ratio": 71.82,
            "inventory_turnover_ratio": 0.22,
            "account_receivable_turnover_ratio": null,
            "reinvestment_rate": 237.02,
            "research_to_sale_ratio": null,
            "price_fair": 74.67,
            "eps_avg_yearly": 2.13,
            "eps_latest_yearly": 3.92,
            "eps_growth_yearly": 233.01
        },
        "20051": {
            "year_quarter": 20051,
            "year": 2005,
            "quarter": 1,
            "eps": -1.26,
            "eps_growth_year": -261.54,
            "eps_4q": 0.43,
            "eps_4q_growth_year": null,
            "roe": -11.68,
            "roe_4q": 4.38,
            "gross_profit": 193752,
            "gross_margin": 33.46,
            "gross_margin_4q_avg": 33.94,
            "net_income": -308493,
            "net_income_4q": null,
            "revenue": 579095,
            "revenue_4q": null,
            "common_shares": 2440456,
            "book_valuer_per_share": 10.1,
            "book_valuer_per_share_4q_avg": 10.42,
            "equity": 2464368,
            "current_ratio": 101.85,
            "debt_ratio": 74.58,
            "inventory_turnover_ratio": 0.07,
            "account_receivable_turnover_ratio": null,
            "reinvestment_rate": 551.82,
            "research_to_sale_ratio": null,
            "price_fair": 74.67,
            "eps_avg_yearly": 2.13,
            "eps_latest_yearly": 3.92,
            "eps_growth_yearly": 233.01
        },
        "20052": {
            "year_quarter": 20052,
            "year": 2005,
            "quarter": 2,
            "eps": 0.38,
            "eps_growth_year": 123.53,
            "eps_4q": 0.63,
            "eps_4q_growth_year": -48.69,
            "roe": 3.75,
            "roe_4q": 6.35,
            "gross_profit": 229872,
            "gross_margin": 32.37,
            "gross_margin_4q_avg": 32.01,
            "net_income": 93247,
            "net_income_4q": null,
            "revenue": 710231,
            "revenue_4q": null,
            "common_shares": 2440456,
            "book_valuer_per_share": 10.27,
            "book_valuer_per_share_4q_avg": 10.53,
            "equity": 2507305,
            "current_ratio": 91.88,
            "debt_ratio": 76.11,
            "inventory_turnover_ratio": 0.09,
            "account_receivable_turnover_ratio": null,
            "reinvestment_rate": 509.08,
            "research_to_sale_ratio": null,
            "price_fair": 74.67,
            "eps_avg_yearly": 2.13,
            "eps_latest_yearly": 3.92,
            "eps_growth_yearly": 233.01
        },
        "20053": {
            "year_quarter": 20053,
            "year": 2005,
            "quarter": 3,
            "eps": 0.24,
            "eps_growth_year": -55.56,
            "eps_4q": 0.34,
            "eps_4q_growth_year": -82.06,
            "roe": 2.3,
            "roe_4q": 3.3099999999999996,
            "gross_profit": 183975,
            "gross_margin": 32.96,
            "gross_margin_4q_avg": 32.23,
            "net_income": 58318,
            "net_income_4q": null,
            "revenue": 558218,
            "revenue_4q": null,
            "common_shares": 2440456,
            "book_valuer_per_share": 10.51,
            "book_valuer_per_share_4q_avg": 10.56,
            "equity": 2565623,
            "current_ratio": 91.35,
            "debt_ratio": 71.99,
            "inventory_turnover_ratio": 0.08,
            "account_receivable_turnover_ratio": null,
            "reinvestment_rate": 396.24,
            "research_to_sale_ratio": null,
            "price_fair": 68.8,
            "eps_avg_yearly": 1.97,
            "eps_latest_yearly": 0.96,
            "eps_growth_yearly": 178.67
        },
        "20054": {
            "year_quarter": 20054,
            "year": 2005,
            "quarter": 4,
            "eps": 1.11,
            "eps_growth_year": 13.27,
            "eps_4q": 0.52,
            "eps_4q_growth_year": -79.09,
            "roe": 10.75,
            "roe_4q": 5.120000000000001,
            "gross_profit": 9636,
            "gross_margin": 9.26,
            "gross_margin_4q_avg": 27.01,
            "net_income": 294188,
            "net_income_4q": null,
            "revenue": 104083,
            "revenue_4q": null,
            "common_shares": 2648493,
            "book_valuer_per_share": 10.8,
            "book_valuer_per_share_4q_avg": 10.42,
            "equity": 2905458,
            "current_ratio": 101.2,
            "debt_ratio": 69.1,
            "inventory_turnover_ratio": 0.03,
            "account_receivable_turnover_ratio": null,
            "reinvestment_rate": 444.15,
            "research_to_sale_ratio": null,
            "price_fair": 79.63,
            "eps_avg_yearly": 2.28,
            "eps_latest_yearly": 4.44,
            "eps_growth_yearly": 337.59
        },
        "20061": {
            "year_quarter": 20061,
            "year": 2006,
            "quarter": 1,
            "eps": -0.29,
            "eps_growth_year": null,
            "eps_4q": 1.41,
            "eps_4q_growth_year": 229.94,
            "roe": -2.67,
            "roe_4q": 14.129999999999999,
            "gross_profit": 8762,
            "gross_margin": 23.15,
            "gross_margin_4q_avg": 24.44,
            "net_income": -75906,
            "net_income_4q": null,
            "revenue": 37850,
            "revenue_4q": null,
            "common_shares": 2648493,
            "book_valuer_per_share": 10.52,
            "book_valuer_per_share_4q_avg": 10.53,
            "equity": 2785509,
            "current_ratio": 80.76,
            "debt_ratio": 62.69,
            "inventory_turnover_ratio": 0.02,
            "account_receivable_turnover_ratio": null,
            "reinvestment_rate": 811.19,
            "research_to_sale_ratio": null,
            "price_fair": 86.8,
            "eps_avg_yearly": 2.48,
            "eps_latest_yearly": 4.44,
            "eps_growth_yearly": 436.44
        },
        "20062": {
            "year_quarter": 20062,
            "year": 2006,
            "quarter": 2,
            "eps": -0.24,
            "eps_growth_year": -163.16,
            "eps_4q": 0.8,
            "eps_4q_growth_year": 26.43,
            "roe": -2.34,
            "roe_4q": 8.04,
            "gross_profit": 6347,
            "gross_margin": 21.81,
            "gross_margin_4q_avg": 21.8,
            "net_income": -64082,
            "net_income_4q": null,
            "revenue": 29096,
            "revenue_4q": null,
            "common_shares": 2648493,
            "book_valuer_per_share": 10.17,
            "book_valuer_per_share_4q_avg": 10.5,
            "equity": 2693442,
            "current_ratio": 78.21,
            "debt_ratio": 60.98,
            "inventory_turnover_ratio": 0.02,
            "account_receivable_turnover_ratio": null,
            "reinvestment_rate": null,
            "research_to_sale_ratio": null,
            "price_fair": 89.13,
            "eps_avg_yearly": 2.55,
            "eps_latest_yearly": 4.44,
            "eps_growth_yearly": 410.76
        },
        "20063": {
            "year_quarter": 20063,
            "year": 2006,
            "quarter": 3,
            "eps": -0.41,
            "eps_growth_year": -270.83,
            "eps_4q": 0.11,
            "eps_4q_growth_year": -67.5,
            "roe": -3.38,
            "roe_4q": 2.3599999999999994,
            "gross_profit": -89,
            "gross_margin": -0.52,
            "gross_margin_4q_avg": 13.43,
            "net_income": -116044,
            "net_income_4q": null,
            "revenue": 17217,
            "revenue_4q": null,
            "common_shares": 3464433,
            "book_valuer_per_share": 12.06,
            "book_valuer_per_share_4q_avg": 10.89,
            "equity": 4179599,
            "current_ratio": 84.02,
            "debt_ratio": 45.55,
            "inventory_turnover_ratio": 0.01,
            "account_receivable_turnover_ratio": null,
            "reinvestment_rate": null,
            "research_to_sale_ratio": null,
            "price_fair": 89.13,
            "eps_avg_yearly": 2.55,
            "eps_latest_yearly": 4.44,
            "eps_growth_yearly": 410.76
        },
        "20064": {
            "year_quarter": 20064,
            "year": 2006,
            "quarter": 4,
            "eps": 1.62,
            "eps_growth_year": 45.95,
            "eps_4q": 0.76,
            "eps_4q_growth_year": 47.32,
            "roe": 10.59,
            "roe_4q": 2.2,
            "gross_profit": 177274,
            "gross_margin": 29.83,
            "gross_margin_4q_avg": 18.57,
            "net_income": 483974,
            "net_income_4q": null,
            "revenue": 594300,
            "revenue_4q": null,
            "common_shares": 3464433,
            "book_valuer_per_share": 14.02,
            "book_valuer_per_share_4q_avg": 11.69,
            "equity": 4956964,
            "current_ratio": 133.71,
            "debt_ratio": 49.45,
            "inventory_turnover_ratio": 0.18,
            "account_receivable_turnover_ratio": null,
            "reinvestment_rate": 309.27,
            "research_to_sale_ratio": null,
            "price_fair": 89.13,
            "eps_avg_yearly": 2.55,
            "eps_latest_yearly": 4.44,
            "eps_growth_yearly": 410.76
        },
        "20071": {
            "year_quarter": 20071,
            "year": 2007,
            "quarter": 1,
            "eps": 0.3,
            "eps_growth_year": null,
            "eps_4q": 1.15,
            "eps_4q_growth_year": -18.57,
            "roe": 2.06,
            "roe_4q": 6.93,
            "gross_profit": 0,
            "gross_margin": null,
            "gross_margin_4q_avg": 12.78,
            "net_income": 107165,
            "net_income_4q": null,
            "revenue": 0,
            "revenue_4q": null,
            "common_shares": 3573456,
            "book_valuer_per_share": 15.19,
            "book_valuer_per_share_4q_avg": 12.86,
            "equity": 5429324,
            "current_ratio": 117.16,
            "debt_ratio": 27.27,
            "inventory_turnover_ratio": 0,
            "account_receivable_turnover_ratio": null,
            "reinvestment_rate": 130.66,
            "research_to_sale_ratio": null,
            "price_fair": 82.4,
            "eps_avg_yearly": 2.35,
            "eps_latest_yearly": 1.2,
            "eps_growth_yearly": 305.52
        },
        "20072": {
            "year_quarter": 20072,
            "year": 2007,
            "quarter": 2,
            "eps": 0.7,
            "eps_growth_year": null,
            "eps_4q": 1.98,
            "eps_4q_growth_year": 146.27,
            "roe": 4.71,
            "roe_4q": 13.98,
            "gross_profit": 0,
            "gross_margin": null,
            "gross_margin_4q_avg": 7.33,
            "net_income": 260605,
            "net_income_4q": null,
            "revenue": 0,
            "revenue_4q": null,
            "common_shares": 3827844,
            "book_valuer_per_share": 14.73,
            "book_valuer_per_share_4q_avg": 14,
            "equity": 5638119,
            "current_ratio": 112.38,
            "debt_ratio": 26.98,
            "inventory_turnover_ratio": 0,
            "account_receivable_turnover_ratio": null,
            "reinvestment_rate": 58.41,
            "research_to_sale_ratio": null,
            "price_fair": 84.35,
            "eps_avg_yearly": 2.41,
            "eps_latest_yearly": 2.8,
            "eps_growth_yearly": 334
        },
        "20073": {
            "year_quarter": 20073,
            "year": 2007,
            "quarter": 3,
            "eps": 0.39,
            "eps_growth_year": null,
            "eps_4q": 2.53,
            "eps_4q_growth_year": 2193.68,
            "roe": 2.3,
            "roe_4q": 19.66,
            "gross_profit": 0,
            "gross_margin": null,
            "gross_margin_4q_avg": 7.46,
            "net_income": 155503,
            "net_income_4q": null,
            "revenue": 0,
            "revenue_4q": null,
            "common_shares": 4480319,
            "book_valuer_per_share": 17.53,
            "book_valuer_per_share_4q_avg": 15.37,
            "equity": 7854826,
            "current_ratio": 162.1,
            "debt_ratio": 31.81,
            "inventory_turnover_ratio": 0,
            "account_receivable_turnover_ratio": null,
            "reinvestment_rate": 46.52,
            "research_to_sale_ratio": null,
            "price_fair": 81.04,
            "eps_avg_yearly": 2.32,
            "eps_latest_yearly": 1.56,
            "eps_growth_yearly": 277.21
        },
        "20074": {
            "year_quarter": 20074,
            "year": 2007,
            "quarter": 4,
            "eps": 0.82,
            "eps_growth_year": -49.38,
            "eps_4q": 2.1,
            "eps_4q_growth_year": 174.97,
            "roe": 4.16,
            "roe_4q": 13.23,
            "gross_profit": 1950,
            "gross_margin": 33.25,
            "gross_margin_4q_avg": 8.31,
            "net_income": 335743,
            "net_income_4q": null,
            "revenue": 5865,
            "revenue_4q": null,
            "common_shares": 4480319,
            "book_valuer_per_share": 18.23,
            "book_valuer_per_share_4q_avg": 16.42,
            "equity": 8302412,
            "current_ratio": 194.16,
            "debt_ratio": 53.44,
            "inventory_turnover_ratio": 0,
            "account_receivable_turnover_ratio": null,
            "reinvestment_rate": 69.75,
            "research_to_sale_ratio": null,
            "price_fair": 84.42,
            "eps_avg_yearly": 2.41,
            "eps_latest_yearly": 3.28,
            "eps_growth_yearly": 293.59
        },
        "20081": {
            "year_quarter": 20081,
            "year": 2008,
            "quarter": 1,
            "eps": 0.63,
            "eps_growth_year": 110,
            "eps_4q": 2.24,
            "eps_4q_growth_year": 94.7,
            "roe": 3.41,
            "roe_4q": 14.580000000000002,
            "gross_profit": 384874,
            "gross_margin": 52.95,
            "gross_margin_4q_avg": 21.55,
            "net_income": 290331,
            "net_income_4q": null,
            "revenue": 726804,
            "revenue_4q": null,
            "common_shares": 4480434,
            "book_valuer_per_share": 19.21,
            "book_valuer_per_share_4q_avg": 17.43,
            "equity": 8749213,
            "current_ratio": 206.53,
            "debt_ratio": 53.88,
            "inventory_turnover_ratio": 0.04,
            "account_receivable_turnover_ratio": null,
            "reinvestment_rate": 120.09,
            "research_to_sale_ratio": null,
            "price_fair": 82.32,
            "eps_avg_yearly": 2.35,
            "eps_latest_yearly": 2.52,
            "eps_growth_yearly": 256.49
        },
        "20082": {
            "year_quarter": 20082,
            "year": 2008,
            "quarter": 2,
            "eps": -0.42,
            "eps_growth_year": -160,
            "eps_4q": 1.28,
            "eps_4q_growth_year": -35.14,
            "roe": -2.24,
            "roe_4q": 7.63,
            "gross_profit": -45777,
            "gross_margin": -8.11,
            "gross_margin_4q_avg": 19.52,
            "net_income": -192294,
            "net_income_4q": null,
            "revenue": 564457,
            "revenue_4q": null,
            "common_shares": 4530146,
            "book_valuer_per_share": 18.33,
            "book_valuer_per_share_4q_avg": 18.33,
            "equity": 8441743,
            "current_ratio": 199.53,
            "debt_ratio": 59.28,
            "inventory_turnover_ratio": 0.07,
            "account_receivable_turnover_ratio": null,
            "reinvestment_rate": 155.52,
            "research_to_sale_ratio": null,
            "price_fair": 88.82,
            "eps_avg_yearly": 2.54,
            "eps_latest_yearly": 2.52,
            "eps_growth_yearly": 319.75
        },
        "20083": {
            "year_quarter": 20083,
            "year": 2008,
            "quarter": 3,
            "eps": 0.03,
            "eps_growth_year": -92.31,
            "eps_4q": 0.62,
            "eps_4q_growth_year": -75.37,
            "roe": 0.25,
            "roe_4q": 5.58,
            "gross_profit": 206956,
            "gross_margin": 47.51,
            "gross_margin_4q_avg": 31.4,
            "net_income": 21299,
            "net_income_4q": null,
            "revenue": 435622,
            "revenue_4q": null,
            "common_shares": 5081181,
            "book_valuer_per_share": 16.34,
            "book_valuer_per_share_4q_avg": 18.03,
            "equity": 8446648,
            "current_ratio": 129.23,
            "debt_ratio": 62.15,
            "inventory_turnover_ratio": 0.02,
            "account_receivable_turnover_ratio": null,
            "reinvestment_rate": 198.51,
            "research_to_sale_ratio": null,
            "price_fair": 90.48,
            "eps_avg_yearly": 2.59,
            "eps_latest_yearly": 2.52,
            "eps_growth_yearly": 250.9
        },
        "20084": {
            "year_quarter": 20084,
            "year": 2008,
            "quarter": 4,
            "eps": 0.28,
            "eps_growth_year": -65.85,
            "eps_4q": 0.47,
            "eps_4q_growth_year": -77.6,
            "roe": 1.75,
            "roe_4q": 3.17,
            "gross_profit": 377698,
            "gross_margin": 50.01,
            "gross_margin_4q_avg": 35.59,
            "net_income": 147773,
            "net_income_4q": null,
            "revenue": 755216,
            "revenue_4q": null,
            "common_shares": 5081181,
            "book_valuer_per_share": 16.41,
            "book_valuer_per_share_4q_avg": 17.57,
            "equity": 8478360,
            "current_ratio": 176.55,
            "debt_ratio": 66.18,
            "inventory_turnover_ratio": 0.03,
            "account_receivable_turnover_ratio": 2.14,
            "reinvestment_rate": 188.84,
            "research_to_sale_ratio": null,
            "price_fair": 78.23,
            "eps_avg_yearly": 2.24,
            "eps_latest_yearly": 1.12,
            "eps_growth_yearly": 626.82
        },
        "20091": {
            "year_quarter": 20091,
            "year": 2009,
            "quarter": 1,
            "eps": 0.04,
            "eps_growth_year": -93.65,
            "eps_4q": -0.03,
            "eps_4q_growth_year": -101.28,
            "roe": 0.22,
            "roe_4q": -0.020000000000000462,
            "gross_profit": 102614,
            "gross_margin": 57.34,
            "gross_margin_4q_avg": 36.69,
            "net_income": 19004,
            "net_income_4q": null,
            "revenue": 178953,
            "revenue_4q": null,
            "common_shares": 5044201,
            "book_valuer_per_share": 16.57,
            "book_valuer_per_share_4q_avg": 16.91,
            "equity": 8497475,
            "current_ratio": 187.37,
            "debt_ratio": 65.42,
            "inventory_turnover_ratio": 0.01,
            "account_receivable_turnover_ratio": 0.33,
            "reinvestment_rate": 235.26,
            "research_to_sale_ratio": null,
            "price_fair": 70.16,
            "eps_avg_yearly": 2,
            "eps_latest_yearly": 0.16,
            "eps_growth_yearly": 519.08
        },
        "20092": {
            "year_quarter": 20092,
            "year": 2009,
            "quarter": 2,
            "eps": 0.87,
            "eps_growth_year": null,
            "eps_4q": 1.24,
            "eps_4q_growth_year": -2.92,
            "roe": 4.86,
            "roe_4q": 7.08,
            "gross_profit": 720971,
            "gross_margin": 39.19,
            "gross_margin_4q_avg": 48.51,
            "net_income": 424631,
            "net_income_4q": null,
            "revenue": 1839889,
            "revenue_4q": null,
            "common_shares": 5044201,
            "book_valuer_per_share": 17.51,
            "book_valuer_per_share_4q_avg": 16.71,
            "equity": 8960834,
            "current_ratio": 179.87,
            "debt_ratio": 66.46,
            "inventory_turnover_ratio": 0.08,
            "account_receivable_turnover_ratio": 4.99,
            "reinvestment_rate": 222,
            "research_to_sale_ratio": null,
            "price_fair": 75.32,
            "eps_avg_yearly": 2.15,
            "eps_latest_yearly": 3.48,
            "eps_growth_yearly": 1297.17
        },
        "20093": {
            "year_quarter": 20093,
            "year": 2009,
            "quarter": 3,
            "eps": 0.68,
            "eps_growth_year": 2166.67,
            "eps_4q": 1.84,
            "eps_4q_growth_year": 195.99,
            "roe": 3.8,
            "roe_4q": 10.63,
            "gross_profit": 648861,
            "gross_margin": 43.58,
            "gross_margin_4q_avg": 47.53,
            "net_income": 347368,
            "net_income_4q": null,
            "revenue": 1489012,
            "revenue_4q": null,
            "common_shares": 5249123,
            "book_valuer_per_share": 17.52,
            "book_valuer_per_share_4q_avg": 17,
            "equity": 9324135,
            "current_ratio": 150.62,
            "debt_ratio": 69.54,
            "inventory_turnover_ratio": 0.06,
            "account_receivable_turnover_ratio": 4.79,
            "reinvestment_rate": 307.17,
            "research_to_sale_ratio": null,
            "price_fair": 81.48,
            "eps_avg_yearly": 2.33,
            "eps_latest_yearly": 2.72,
            "eps_growth_yearly": 1303.17
        },
        "20094": {
            "year_quarter": 20094,
            "year": 2009,
            "quarter": 4,
            "eps": 1.19,
            "eps_growth_year": 325,
            "eps_4q": 2.35,
            "eps_4q_growth_year": 399.17,
            "roe": 5.7,
            "roe_4q": 14.58,
            "gross_profit": 1157570,
            "gross_margin": 45.24,
            "gross_margin_4q_avg": 46.34,
            "net_income": 615246,
            "net_income_4q": null,
            "revenue": 2558709,
            "revenue_4q": null,
            "common_shares": 6149123,
            "book_valuer_per_share": 20.01,
            "book_valuer_per_share_4q_avg": 17.9,
            "equity": 12247154,
            "current_ratio": 109.71,
            "debt_ratio": 63.5,
            "inventory_turnover_ratio": 0.12,
            "account_receivable_turnover_ratio": 17.27,
            "reinvestment_rate": 626.21,
            "research_to_sale_ratio": null,
            "price_fair": 82.6,
            "eps_avg_yearly": 2.36,
            "eps_latest_yearly": 4.76,
            "eps_growth_yearly": 1188.17
        },
        "20101": {
            "year_quarter": 20101,
            "year": 2010,
            "quarter": 1,
            "eps": 1.61,
            "eps_growth_year": 3925,
            "eps_4q": 3.88,
            "eps_4q_growth_year": null,
            "roe": 7.66,
            "roe_4q": 22.02,
            "gross_profit": 1496519,
            "gross_margin": 46.64,
            "gross_margin_4q_avg": 43.66,
            "net_income": 985928,
            "net_income_4q": null,
            "revenue": 3208692,
            "revenue_4q": null,
            "common_shares": 6149123,
            "book_valuer_per_share": 21.7,
            "book_valuer_per_share_4q_avg": 19.19,
            "equity": 13486132,
            "current_ratio": 113.65,
            "debt_ratio": 60.11,
            "inventory_turnover_ratio": 0.16,
            "account_receivable_turnover_ratio": 11.16,
            "reinvestment_rate": 488.34,
            "research_to_sale_ratio": null,
            "price_fair": 95.58,
            "eps_avg_yearly": 2.73,
            "eps_latest_yearly": 6.44,
            "eps_growth_yearly": 1092.99
        },
        "20102": {
            "year_quarter": 20102,
            "year": 2010,
            "quarter": 2,
            "eps": 1.33,
            "eps_growth_year": 52.46,
            "eps_4q": 4.4,
            "eps_4q_growth_year": 253.78,
            "roe": 6.25,
            "roe_4q": 23.41,
            "gross_profit": 1105225,
            "gross_margin": 46.89,
            "gross_margin_4q_avg": 45.59,
            "net_income": 846811,
            "net_income_4q": null,
            "revenue": 2357183,
            "revenue_4q": null,
            "common_shares": 6250650,
            "book_valuer_per_share": 21.9,
            "book_valuer_per_share_4q_avg": 20.28,
            "equity": 13615242,
            "current_ratio": 117.13,
            "debt_ratio": 61.02,
            "inventory_turnover_ratio": 0.12,
            "account_receivable_turnover_ratio": 9.12,
            "reinvestment_rate": 418.63,
            "research_to_sale_ratio": null,
            "price_fair": 103.13,
            "eps_avg_yearly": 2.95,
            "eps_latest_yearly": 5.32,
            "eps_growth_yearly": 996.11
        },
        "20103": {
            "year_quarter": 20103,
            "year": 2010,
            "quarter": 3,
            "eps": 1.57,
            "eps_growth_year": 130.29,
            "eps_4q": 5.39,
            "eps_4q_growth_year": 192.68,
            "roe": 7.07,
            "roe_4q": 26.68,
            "gross_profit": 1440158,
            "gross_margin": 46.56,
            "gross_margin_4q_avg": 46.33,
            "net_income": 1002940,
            "net_income_4q": null,
            "revenue": 3093156,
            "revenue_4q": null,
            "common_shares": 6462334,
            "book_valuer_per_share": 22.77,
            "book_valuer_per_share_4q_avg": 21.6,
            "equity": 14739673,
            "current_ratio": 118,
            "debt_ratio": 61.18,
            "inventory_turnover_ratio": 0.14,
            "account_receivable_turnover_ratio": 14.24,
            "reinvestment_rate": 351.01,
            "research_to_sale_ratio": null,
            "price_fair": 112.11,
            "eps_avg_yearly": 3.2,
            "eps_latest_yearly": 6.28,
            "eps_growth_yearly": 925.04
        },
        "20104": {
            "year_quarter": 20104,
            "year": 2010,
            "quarter": 4,
            "eps": 2.09,
            "eps_growth_year": 75.32,
            "eps_4q": 6.5,
            "eps_4q_growth_year": 177.16,
            "roe": 8.58,
            "roe_4q": 29.56,
            "gross_profit": 2254151,
            "gross_margin": 42.32,
            "gross_margin_4q_avg": 45.6,
            "net_income": 1324044,
            "net_income_4q": null,
            "revenue": 5326296,
            "revenue_4q": null,
            "common_shares": 6511776,
            "book_valuer_per_share": 24.91,
            "book_valuer_per_share_4q_avg": 22.82,
            "equity": 16125618,
            "current_ratio": 125.65,
            "debt_ratio": 63.25,
            "inventory_turnover_ratio": 0.21,
            "account_receivable_turnover_ratio": 37.26,
            "reinvestment_rate": 304.67,
            "research_to_sale_ratio": null,
            "price_fair": 125,
            "eps_avg_yearly": 3.57,
            "eps_latest_yearly": 8.36,
            "eps_growth_yearly": 868.43
        },
        "20111": {
            "year_quarter": 20111,
            "year": 2011,
            "quarter": 1,
            "eps": 2.14,
            "eps_growth_year": 32.92,
            "eps_4q": 7.11,
            "eps_4q_growth_year": 83.21,
            "roe": 8.15,
            "roe_4q": 30.05,
            "gross_profit": 2180178,
            "gross_margin": 42.65,
            "gross_margin_4q_avg": 44.61,
            "net_income": 1374150,
            "net_income_4q": null,
            "revenue": 5111645,
            "revenue_4q": null,
            "common_shares": 6515976,
            "book_valuer_per_share": 27.19,
            "book_valuer_per_share_4q_avg": 24.19,
            "equity": 17594868,
            "current_ratio": 134.29,
            "debt_ratio": 64.07,
            "inventory_turnover_ratio": 0.16,
            "account_receivable_turnover_ratio": 73.21,
            "reinvestment_rate": 274.86,
            "research_to_sale_ratio": null,
            "price_fair": 143.4,
            "eps_avg_yearly": 4.1,
            "eps_latest_yearly": 8.56,
            "eps_growth_yearly": 892.39
        },
        "20112": {
            "year_quarter": 20112,
            "year": 2011,
            "quarter": 2,
            "eps": 0.79,
            "eps_growth_year": -40.79,
            "eps_4q": 6.15,
            "eps_4q_growth_year": 39.65,
            "roe": 3.13,
            "roe_4q": 26.93,
            "gross_profit": 1093469,
            "gross_margin": 36.11,
            "gross_margin_4q_avg": 41.91,
            "net_income": 539022,
            "net_income_4q": null,
            "revenue": 3028041,
            "revenue_4q": null,
            "common_shares": 6516794,
            "book_valuer_per_share": 25.71,
            "book_valuer_per_share_4q_avg": 25.15,
            "equity": 16850136,
            "current_ratio": 136.83,
            "debt_ratio": 64.99,
            "inventory_turnover_ratio": 0.11,
            "account_receivable_turnover_ratio": 14.81,
            "reinvestment_rate": 262.65,
            "research_to_sale_ratio": null,
            "price_fair": 144.3,
            "eps_avg_yearly": 4.12,
            "eps_latest_yearly": 3.16,
            "eps_growth_yearly": 836.27
        },
        "20113": {
            "year_quarter": 20113,
            "year": 2011,
            "quarter": 3,
            "eps": 0.64,
            "eps_growth_year": -59.33,
            "eps_4q": 5.34,
            "eps_4q_growth_year": -0.99,
            "roe": 2.57,
            "roe_4q": 22.43,
            "gross_profit": 1002916,
            "gross_margin": 46.38,
            "gross_margin_4q_avg": 41.87,
            "net_income": 439098,
            "net_income_4q": null,
            "revenue": 2162305,
            "revenue_4q": null,
            "common_shares": 6948423,
            "book_valuer_per_share": 24.75,
            "book_valuer_per_share_4q_avg": 25.64,
            "equity": 17291918,
            "current_ratio": 132.37,
            "debt_ratio": 65.36,
            "inventory_turnover_ratio": 0.06,
            "account_receivable_turnover_ratio": 10.63,
            "reinvestment_rate": 267.33,
            "research_to_sale_ratio": null,
            "price_fair": 146.8,
            "eps_avg_yearly": 4.19,
            "eps_latest_yearly": 2.56,
            "eps_growth_yearly": 843.5
        },
        "20114": {
            "year_quarter": 20114,
            "year": 2011,
            "quarter": 4,
            "eps": 0.23,
            "eps_growth_year": -89.14,
            "eps_4q": 3.63,
            "eps_4q_growth_year": -44.16,
            "roe": 0.9,
            "roe_4q": 14.75,
            "gross_profit": 809746,
            "gross_margin": 36.49,
            "gross_margin_4q_avg": 40.41,
            "net_income": 156756,
            "net_income_4q": null,
            "revenue": 2219086,
            "revenue_4q": null,
            "common_shares": 6938063,
            "book_valuer_per_share": 25.02,
            "book_valuer_per_share_4q_avg": 25.67,
            "equity": 17481990,
            "current_ratio": 132.23,
            "debt_ratio": 69.33,
            "inventory_turnover_ratio": 0.06,
            "account_receivable_turnover_ratio": 30.69,
            "reinvestment_rate": 238.55,
            "research_to_sale_ratio": null,
            "price_fair": 140.9,
            "eps_avg_yearly": 4.03,
            "eps_latest_yearly": 0.92,
            "eps_growth_yearly": 793.7
        },
        "20121": {
            "year_quarter": 20121,
            "year": 2012,
            "quarter": 1,
            "eps": 0.01,
            "eps_growth_year": -99.53,
            "eps_4q": 1.47,
            "eps_4q_growth_year": -79.28,
            "roe": 0.04,
            "roe_4q": 6.64,
            "gross_profit": 518240,
            "gross_margin": 56.94,
            "gross_margin_4q_avg": 43.98,
            "net_income": 8228,
            "net_income_4q": null,
            "revenue": 910138,
            "revenue_4q": null,
            "common_shares": 7638272,
            "book_valuer_per_share": 25,
            "book_valuer_per_share_4q_avg": 25.12,
            "equity": 19709479,
            "current_ratio": 142.73,
            "debt_ratio": 67.2,
            "inventory_turnover_ratio": 0.01,
            "account_receivable_turnover_ratio": 12.35,
            "reinvestment_rate": 246.04,
            "research_to_sale_ratio": null,
            "price_fair": 134.7,
            "eps_avg_yearly": 3.85,
            "eps_latest_yearly": 0.04,
            "eps_growth_yearly": 772.99
        },
        "20122": {
            "year_quarter": 20122,
            "year": 2012,
            "quarter": 2,
            "eps": 0.24,
            "eps_growth_year": -69.95,
            "eps_4q": 0.99,
            "eps_4q_growth_year": -83.95,
            "roe": 0.98,
            "roe_4q": 4.49,
            "gross_profit": 727390,
            "gross_margin": 54.29,
            "gross_margin_4q_avg": 48.53,
            "net_income": 190217,
            "net_income_4q": null,
            "revenue": 1339876,
            "revenue_4q": null,
            "common_shares": 7831076,
            "book_valuer_per_share": 24.08,
            "book_valuer_per_share_4q_avg": 24.71,
            "equity": 18983311,
            "current_ratio": 174.75,
            "debt_ratio": 73.6,
            "inventory_turnover_ratio": 0.02,
            "account_receivable_turnover_ratio": 24.49,
            "reinvestment_rate": 221.91,
            "research_to_sale_ratio": null,
            "price_fair": 127.96,
            "eps_avg_yearly": 3.66,
            "eps_latest_yearly": 0.96,
            "eps_growth_yearly": 1334.79
        },
        "20123": {
            "year_quarter": 20123,
            "year": 2012,
            "quarter": 3,
            "eps": -0.09,
            "eps_growth_year": -114.88,
            "eps_4q": 0.35,
            "eps_4q_growth_year": -93.5,
            "roe": -0.42,
            "roe_4q": 1.5,
            "gross_profit": 368718,
            "gross_margin": 75.21,
            "gross_margin_4q_avg": 55.73,
            "net_income": -78653,
            "net_income_4q": null,
            "revenue": 490252,
            "revenue_4q": null,
            "common_shares": 8100532,
            "book_valuer_per_share": 23.19,
            "book_valuer_per_share_4q_avg": 24.32,
            "equity": 18904582,
            "current_ratio": 156.29,
            "debt_ratio": 74.63,
            "inventory_turnover_ratio": 0,
            "account_receivable_turnover_ratio": 3.13,
            "reinvestment_rate": 260.06,
            "research_to_sale_ratio": null,
            "price_fair": 127.96,
            "eps_avg_yearly": 3.66,
            "eps_latest_yearly": 0.96,
            "eps_growth_yearly": 1334.79
        },
        "20124": {
            "year_quarter": 20124,
            "year": 2012,
            "quarter": 4,
            "eps": 1.14,
            "eps_growth_year": 402.42,
            "eps_4q": 1.29,
            "eps_4q_growth_year": -64.45,
            "roe": 4.75,
            "roe_4q": 5.3500000000000005,
            "gross_profit": 1770356,
            "gross_margin": 40.57,
            "gross_margin_4q_avg": 56.75,
            "net_income": 921279,
            "net_income_4q": null,
            "revenue": 4363252,
            "revenue_4q": null,
            "common_shares": 8100532,
            "book_valuer_per_share": 24.34,
            "book_valuer_per_share_4q_avg": 24.15,
            "equity": 19848763,
            "current_ratio": 143.68,
            "debt_ratio": 76.65,
            "inventory_turnover_ratio": 0.06,
            "account_receivable_turnover_ratio": 16.43,
            "reinvestment_rate": 239.94,
            "research_to_sale_ratio": null,
            "price_fair": 134.3,
            "eps_avg_yearly": 3.84,
            "eps_latest_yearly": 0.96,
            "eps_growth_yearly": 1192.03
        },
        "20131": {
            "year_quarter": 20131,
            "year": 2013,
            "quarter": 1,
            "eps": -0.32,
            "eps_growth_year": -3300,
            "eps_4q": 0.95,
            "eps_4q_growth_year": -35.75,
            "roe": -1.88,
            "roe_4q": 3.43,
            "gross_profit": 313362,
            "gross_margin": 69.7,
            "gross_margin_4q_avg": 59.94,
            "net_income": -257466,
            "net_income_4q": null,
            "revenue": 449618,
            "revenue_4q": null,
            "common_shares": 8100532,
            "book_valuer_per_share": 9,
            "book_valuer_per_share_4q_avg": 20.15,
            "equity": 7519162,
            "current_ratio": 111.83,
            "debt_ratio": 90.18,
            "inventory_turnover_ratio": 0,
            "account_receivable_turnover_ratio": 2.5,
            "reinvestment_rate": 57.75,
            "research_to_sale_ratio": null,
            "price_fair": 144.2,
            "eps_avg_yearly": 4.12,
            "eps_latest_yearly": 0.96,
            "eps_growth_yearly": 1310.1
        },
        "20132": {
            "year_quarter": 20132,
            "year": 2013,
            "quarter": 2,
            "eps": -0.41,
            "eps_growth_year": -273.7,
            "eps_4q": 0.3,
            "eps_4q_growth_year": -69.73,
            "roe": -4.68,
            "roe_4q": -2.2299999999999995,
            "gross_profit": 297517,
            "gross_margin": 67.23,
            "gross_margin_4q_avg": 63.18,
            "net_income": -334592,
            "net_income_4q": null,
            "revenue": 442517,
            "revenue_4q": null,
            "common_shares": 8226978,
            "book_valuer_per_share": 7.88,
            "book_valuer_per_share_4q_avg": 16.1,
            "equity": 6764246,
            "current_ratio": 89.95,
            "debt_ratio": 91.18,
            "inventory_turnover_ratio": 0,
            "account_receivable_turnover_ratio": 5.26,
            "reinvestment_rate": 52.33,
            "research_to_sale_ratio": null,
            "price_fair": 146.07,
            "eps_avg_yearly": 4.17,
            "eps_latest_yearly": 0.96,
            "eps_growth_yearly": 727.61
        },
        "20133": {
            "year_quarter": 20133,
            "year": 2013,
            "quarter": 3,
            "eps": 10.34,
            "eps_growth_year": null,
            "eps_4q": 10.69,
            "eps_4q_growth_year": 2984.04,
            "roe": 78.19,
            "roe_4q": 76.38,
            "gross_profit": 9310992,
            "gross_margin": 39.84,
            "gross_margin_4q_avg": 54.34,
            "net_income": 8732455,
            "net_income_4q": null,
            "revenue": 23372420,
            "revenue_4q": null,
            "common_shares": 8442721,
            "book_valuer_per_share": 18.07,
            "book_valuer_per_share_4q_avg": 14.82,
            "equity": 15573423,
            "current_ratio": 105.43,
            "debt_ratio": 74.58,
            "inventory_turnover_ratio": 0.47,
            "account_receivable_turnover_ratio": 259,
            "reinvestment_rate": 9.22,
            "research_to_sale_ratio": null,
            "price_fair": 150.69,
            "eps_avg_yearly": 4.31,
            "eps_latest_yearly": 0.96,
            "eps_growth_yearly": 801.7
        },
        "20134": {
            "year_quarter": 20134,
            "year": 2013,
            "quarter": 4,
            "eps": 2.33,
            "eps_growth_year": 104.76,
            "eps_4q": 11.8,
            "eps_4q_growth_year": 814.51,
            "roe": 12.01,
            "roe_4q": 83.64000000000001,
            "gross_profit": 2636671,
            "gross_margin": 43.03,
            "gross_margin_4q_avg": 54.95,
            "net_income": 2006557,
            "net_income_4q": null,
            "revenue": 6126883,
            "revenue_4q": null,
            "common_shares": 8476278,
            "book_valuer_per_share": 20.46,
            "book_valuer_per_share_4q_avg": 13.85,
            "equity": 17840322,
            "current_ratio": 110.93,
            "debt_ratio": 70.73,
            "inventory_turnover_ratio": 0.15,
            "account_receivable_turnover_ratio": 39.02,
            "reinvestment_rate": -59.02,
            "research_to_sale_ratio": null,
            "price_fair": 165.2,
            "eps_avg_yearly": 4.72,
            "eps_latest_yearly": 9.32,
            "eps_growth_yearly": 746.26
        },
        "20141": {
            "year_quarter": 20141,
            "year": 2014,
            "quarter": 1,
            "eps": -0.05,
            "eps_growth_year": null,
            "eps_4q": 12.04,
            "eps_4q_growth_year": 1173.1,
            "roe": -0.2,
            "roe_4q": 85.32,
            "gross_profit": 421821,
            "gross_margin": 57.34,
            "gross_margin_4q_avg": 51.86,
            "net_income": -36057,
            "net_income_4q": null,
            "revenue": 735629,
            "revenue_4q": null,
            "common_shares": 8589869,
            "book_valuer_per_share": 20.41,
            "book_valuer_per_share_4q_avg": 16.71,
            "equity": 17818790,
            "current_ratio": 109.49,
            "debt_ratio": 71.37,
            "inventory_turnover_ratio": 0.01,
            "account_receivable_turnover_ratio": 3.88,
            "reinvestment_rate": -66.84,
            "research_to_sale_ratio": null,
            "price_fair": 159.18,
            "eps_avg_yearly": 4.55,
            "eps_latest_yearly": 9.32,
            "eps_growth_yearly": 806.77
        },
        "20142": {
            "year_quarter": 20142,
            "year": 2014,
            "quarter": 2,
            "eps": -0.18,
            "eps_growth_year": null,
            "eps_4q": 12,
            "eps_4q_growth_year": 3916.6,
            "roe": -0.89,
            "roe_4q": 89.11,
            "gross_profit": 342671,
            "gross_margin": 41.79,
            "gross_margin_4q_avg": 45.5,
            "net_income": -154932,
            "net_income_4q": null,
            "revenue": 820016,
            "revenue_4q": null,
            "common_shares": 8607271,
            "book_valuer_per_share": 19.23,
            "book_valuer_per_share_4q_avg": 19.54,
            "equity": 16809282,
            "current_ratio": 104.34,
            "debt_ratio": 74.19,
            "inventory_turnover_ratio": 0.02,
            "account_receivable_turnover_ratio": 4.07,
            "reinvestment_rate": -78.87,
            "research_to_sale_ratio": null,
            "price_fair": 156.18,
            "eps_avg_yearly": 4.46,
            "eps_latest_yearly": 9.32,
            "eps_growth_yearly": 904.14
        },
        "20143": {
            "year_quarter": 20143,
            "year": 2014,
            "quarter": 3,
            "eps": -0.13,
            "eps_growth_year": -101.26,
            "eps_4q": 1.93,
            "eps_4q_growth_year": -81.96,
            "roe": -0.64,
            "roe_4q": 10.28,
            "gross_profit": 398197,
            "gross_margin": 41.3,
            "gross_margin_4q_avg": 45.87,
            "net_income": -107417,
            "net_income_4q": null,
            "revenue": 964258,
            "revenue_4q": null,
            "common_shares": 8779416,
            "book_valuer_per_share": 18.73,
            "book_valuer_per_share_4q_avg": 19.71,
            "equity": 16832874,
            "current_ratio": 104,
            "debt_ratio": 75.03,
            "inventory_turnover_ratio": 0.02,
            "account_receivable_turnover_ratio": 3.43,
            "reinvestment_rate": -89.89,
            "research_to_sale_ratio": 0.03,
            "price_fair": 148.23,
            "eps_avg_yearly": 4.24,
            "eps_latest_yearly": 9.32,
            "eps_growth_yearly": 1008.13
        },
        "20144": {
            "year_quarter": 20144,
            "year": 2014,
            "quarter": 4,
            "eps": -0.13,
            "eps_growth_year": -105.7,
            "eps_4q": -0.49,
            "eps_4q_growth_year": -104.11,
            "roe": -0.67,
            "roe_4q": -2.4000000000000004,
            "gross_profit": 615000,
            "gross_margin": 48.6,
            "gross_margin_4q_avg": 47.26,
            "net_income": -113018,
            "net_income_4q": null,
            "revenue": 1265518,
            "revenue_4q": null,
            "common_shares": 8779416,
            "book_valuer_per_share": 18.6,
            "book_valuer_per_share_4q_avg": 19.24,
            "equity": 16700243,
            "current_ratio": 101.74,
            "debt_ratio": 76.33,
            "inventory_turnover_ratio": 0.02,
            "account_receivable_turnover_ratio": 2.25,
            "reinvestment_rate": -108.21,
            "research_to_sale_ratio": 0.05,
            "price_fair": 127.6,
            "eps_avg_yearly": 3.65,
            "eps_latest_yearly": 9.32,
            "eps_growth_yearly": 1133.22
        },
        "20151": {
            "year_quarter": 20151,
            "year": 2015,
            "quarter": 1,
            "eps": -0.1,
            "eps_growth_year": null,
            "eps_4q": -0.54,
            "eps_4q_growth_year": -104.51,
            "roe": -0.54,
            "roe_4q": -2.74,
            "gross_profit": 421598,
            "gross_margin": 45.4,
            "gross_margin_4q_avg": 44.27,
            "net_income": -89458,
            "net_income_4q": null,
            "revenue": 928682,
            "revenue_4q": null,
            "common_shares": 8768816,
            "book_valuer_per_share": 18.48,
            "book_valuer_per_share_4q_avg": 18.76,
            "equity": 16603161,
            "current_ratio": 99.76,
            "debt_ratio": 77.17,
            "inventory_turnover_ratio": 0.02,
            "account_receivable_turnover_ratio": 1.49,
            "reinvestment_rate": -125.25,
            "research_to_sale_ratio": 0.06,
            "price_fair": 98.93,
            "eps_avg_yearly": 2.83,
            "eps_latest_yearly": 9.32,
            "eps_growth_yearly": 1320.5
        },
        "20152": {
            "year_quarter": 20152,
            "year": 2015,
            "quarter": 2,
            "eps": -0.2,
            "eps_growth_year": null,
            "eps_4q": -0.55,
            "eps_4q_growth_year": -104.6,
            "roe": -1.08,
            "roe_4q": -2.93,
            "gross_profit": 384743,
            "gross_margin": 42.99,
            "gross_margin_4q_avg": 44.57,
            "net_income": -173939,
            "net_income_4q": null,
            "revenue": 895039,
            "revenue_4q": null,
            "common_shares": 8768816,
            "book_valuer_per_share": 17.28,
            "book_valuer_per_share_4q_avg": 18.27,
            "equity": 15535761,
            "current_ratio": 96.72,
            "debt_ratio": 78.69,
            "inventory_turnover_ratio": 0.02,
            "account_receivable_turnover_ratio": 1.82,
            "reinvestment_rate": -131.46,
            "research_to_sale_ratio": 0.06,
            "price_fair": 96.6,
            "eps_avg_yearly": 2.76,
            "eps_latest_yearly": 9.32,
            "eps_growth_yearly": 1635.07
        },
        "20153": {
            "year_quarter": 20153,
            "year": 2015,
            "quarter": 3,
            "eps": -0.82,
            "eps_growth_year": null,
            "eps_4q": -1.25,
            "eps_4q_growth_year": -164.59,
            "roe": -4.8,
            "roe_4q": -7.09,
            "gross_profit": 389600,
            "gross_margin": 41.07,
            "gross_margin_4q_avg": 44.52,
            "net_income": -728449,
            "net_income_4q": null,
            "revenue": 948530,
            "revenue_4q": null,
            "common_shares": 8944192,
            "book_valuer_per_share": 16.13,
            "book_valuer_per_share_4q_avg": 17.62,
            "equity": 14808306,
            "current_ratio": 94.79,
            "debt_ratio": 79.73,
            "inventory_turnover_ratio": 0.02,
            "account_receivable_turnover_ratio": 1.59,
            "reinvestment_rate": -159.63,
            "research_to_sale_ratio": 0.06,
            "price_fair": 98.35,
            "eps_avg_yearly": 2.81,
            "eps_latest_yearly": 9.32,
            "eps_growth_yearly": 2062.82
        },
        "20154": {
            "year_quarter": 20154,
            "year": 2015,
            "quarter": 4,
            "eps": -0.42,
            "eps_growth_year": null,
            "eps_4q": -1.54,
            "eps_4q_growth_year": null,
            "roe": -2.55,
            "roe_4q": -8.969999999999999,
            "gross_profit": 411652,
            "gross_margin": 50.57,
            "gross_margin_4q_avg": 45.01,
            "net_income": -373445,
            "net_income_4q": null,
            "revenue": 813962,
            "revenue_4q": null,
            "common_shares": 8944192,
            "book_valuer_per_share": 15.7,
            "book_valuer_per_share_4q_avg": 16.9,
            "equity": 14433059,
            "current_ratio": 102.13,
            "debt_ratio": 80.73,
            "inventory_turnover_ratio": 0.01,
            "account_receivable_turnover_ratio": 1.28,
            "reinvestment_rate": -154.46,
            "research_to_sale_ratio": 0.07,
            "price_fair": 120.4,
            "eps_avg_yearly": 3.44,
            "eps_latest_yearly": 9.32,
            "eps_growth_yearly": 2835.84
        },
        "20161": {
            "year_quarter": 20161,
            "year": 2016,
            "quarter": 1,
            "eps": -0.28,
            "eps_growth_year": null,
            "eps_4q": -1.71,
            "eps_4q_growth_year": null,
            "roe": -1.72,
            "roe_4q": -10.15,
            "gross_profit": 430011,
            "gross_margin": 60.15,
            "gross_margin_4q_avg": 48.7,
            "net_income": -245645,
            "net_income_4q": null,
            "revenue": 714866,
            "revenue_4q": null,
            "common_shares": 8944192,
            "book_valuer_per_share": 15.42,
            "book_valuer_per_share_4q_avg": 16.13,
            "equity": 14187336,
            "current_ratio": 101.53,
            "debt_ratio": 81.31,
            "inventory_turnover_ratio": 0.01,
            "account_receivable_turnover_ratio": 1.17,
            "reinvestment_rate": -159.95,
            "research_to_sale_ratio": 0.07,
            "price_fair": 179.9,
            "eps_avg_yearly": 5.14,
            "eps_latest_yearly": 9.32,
            "eps_growth_yearly": 4445.07
        },
        "20162": {
            "year_quarter": 20162,
            "year": 2016,
            "quarter": 2,
            "eps": -3.7,
            "eps_growth_year": null,
            "eps_4q": -5.22,
            "eps_4q_growth_year": null,
            "roe": -26.38,
            "roe_4q": -35.449999999999996,
            "gross_profit": 401935,
            "gross_margin": 51.67,
            "gross_margin_4q_avg": 50.87,
            "net_income": -3304836,
            "net_income_4q": null,
            "revenue": 777951,
            "revenue_4q": null,
            "common_shares": 8944192,
            "book_valuer_per_share": 11.72,
            "book_valuer_per_share_4q_avg": 14.74,
            "equity": 10864293,
            "current_ratio": 96.07,
            "debt_ratio": 85.78,
            "inventory_turnover_ratio": 0.01,
            "account_receivable_turnover_ratio": 1.32,
            "reinvestment_rate": -247.28,
            "research_to_sale_ratio": 0.11,
            "price_fair": 27.96,
            "eps_avg_yearly": 9.32,
            "eps_latest_yearly": 9.32,
            "eps_growth_yearly": -309.86
        },
        "20163": {
            "year_quarter": 20163,
            "year": 2016,
            "quarter": 3,
            "eps": -0.99,
            "eps_growth_year": null,
            "eps_4q": -5.39,
            "eps_4q_growth_year": null,
            "roe": -8.48,
            "roe_4q": -39.129999999999995,
            "gross_profit": 378256,
            "gross_margin": 45.79,
            "gross_margin_4q_avg": 52.05,
            "net_income": -883950,
            "net_income_4q": null,
            "revenue": 825983,
            "revenue_4q": null,
            "common_shares": 8944192,
            "book_valuer_per_share": 10.73,
            "book_valuer_per_share_4q_avg": 13.39,
            "equity": 9981236,
            "current_ratio": 98.46,
            "debt_ratio": 86.44,
            "inventory_turnover_ratio": 0.01,
            "account_receivable_turnover_ratio": 1.41,
            "reinvestment_rate": -362.79,
            "research_to_sale_ratio": 0.13,
            "price_fair": 27.96,
            "eps_avg_yearly": 9.32,
            "eps_latest_yearly": 9.32,
            "eps_growth_yearly": -309.86
        },
        "20164": {
            "year_quarter": 20164,
            "year": 2016,
            "quarter": 4,
            "eps": -0.58,
            "eps_growth_year": null,
            "eps_4q": -5.56,
            "eps_4q_growth_year": null,
            "roe": -5.3,
            "roe_4q": -41.879999999999995,
            "gross_profit": 583955,
            "gross_margin": 56.26,
            "gross_margin_4q_avg": 53.47,
            "net_income": -515350,
            "net_income_4q": null,
            "revenue": 1037981,
            "revenue_4q": null,
            "common_shares": 8944192,
            "book_valuer_per_share": 10.15,
            "book_valuer_per_share_4q_avg": 12.01,
            "equity": 9466544,
            "current_ratio": 98.3,
            "debt_ratio": 87.54,
            "inventory_turnover_ratio": 0.01,
            "account_receivable_turnover_ratio": 1.62,
            "reinvestment_rate": -549.33,
            "research_to_sale_ratio": 0.1,
            "price_fair": 27.96,
            "eps_avg_yearly": 9.32,
            "eps_latest_yearly": 9.32,
            "eps_growth_yearly": -309.86
        },
        "20171": {
            "year_quarter": 20171,
            "year": 2017,
            "quarter": 1,
            "eps": -0.82,
            "eps_growth_year": null,
            "eps_4q": -6.09,
            "eps_4q_growth_year": null,
            "roe": -7.88,
            "roe_4q": -48.04,
            "gross_profit": 615720,
            "gross_margin": 60.84,
            "gross_margin_4q_avg": 53.64,
            "net_income": -717716,
            "net_income_4q": null,
            "revenue": 1012069,
            "revenue_4q": null,
            "common_shares": 8944192,
            "book_valuer_per_share": 9.33,
            "book_valuer_per_share_4q_avg": 10.48,
            "equity": 8748057,
            "current_ratio": 95.62,
            "debt_ratio": 88.9,
            "inventory_turnover_ratio": 0.01,
            "account_receivable_turnover_ratio": 1.48,
            "reinvestment_rate": -70.73,
            "research_to_sale_ratio": 0.09,
            "price_fair": 27.96,
            "eps_avg_yearly": 9.32,
            "eps_latest_yearly": 9.32,
            "eps_growth_yearly": -309.86
        },
        "20172": {
            "year_quarter": 20172,
            "year": 2017,
            "quarter": 2,
            "eps": -0.35,
            "eps_growth_year": null,
            "eps_4q": -2.75,
            "eps_4q_growth_year": null,
            "roe": -3.54,
            "roe_4q": -25.2,
            "gross_profit": 562773,
            "gross_margin": 46.96,
            "gross_margin_4q_avg": 52.46,
            "net_income": -303997,
            "net_income_4q": null,
            "revenue": 1198392,
            "revenue_4q": null,
            "common_shares": 8944192,
            "book_valuer_per_share": 8.98,
            "book_valuer_per_share_4q_avg": 9.8,
            "equity": 8424063,
            "current_ratio": 89.01,
            "debt_ratio": 89.68,
            "inventory_turnover_ratio": 0.02,
            "account_receivable_turnover_ratio": 1.75,
            "reinvestment_rate": -64.25,
            "research_to_sale_ratio": 0.08,
            "price_fair": 27.96,
            "eps_avg_yearly": 9.32,
            "eps_latest_yearly": 9.32,
            "eps_growth_yearly": -309.86
        },
        "20173": {
            "year_quarter": 20173,
            "year": 2017,
            "quarter": 3,
            "eps": -0.4,
            "eps_growth_year": null,
            "eps_4q": -2.16,
            "eps_4q_growth_year": null,
            "roe": -4.2,
            "roe_4q": -20.92,
            "gross_profit": 761469,
            "gross_margin": 27.47,
            "gross_margin_4q_avg": 47.88,
            "net_income": -346173,
            "net_income_4q": null,
            "revenue": 2771838,
            "revenue_4q": null,
            "common_shares": 8944192,
            "book_valuer_per_share": 8.57,
            "book_valuer_per_share_4q_avg": 9.26,
            "equity": 8078107,
            "current_ratio": 89.3,
            "debt_ratio": 89.93,
            "inventory_turnover_ratio": 0.05,
            "account_receivable_turnover_ratio": 3.98,
            "reinvestment_rate": null,
            "research_to_sale_ratio": 0.03,
            "price_fair": 27.96,
            "eps_avg_yearly": 9.32,
            "eps_latest_yearly": 9.32,
            "eps_growth_yearly": -309.86
        },
        "20174": {
            "year_quarter": 20174,
            "year": 2017,
            "quarter": 4,
            "eps": 0.72,
            "eps_growth_year": null,
            "eps_4q": -0.85,
            "eps_4q_growth_year": null,
            "roe": 7.59,
            "roe_4q": -8.030000000000001,
            "gross_profit": 2131228,
            "gross_margin": 23.09,
            "gross_margin_4q_avg": 39.59,
            "net_income": 658639,
            "net_income_4q": null,
            "revenue": 9230417,
            "revenue_4q": null,
            "common_shares": 8944192,
            "book_valuer_per_share": 9.63,
            "book_valuer_per_share_4q_avg": 9.13,
            "equity": 9266250,
            "current_ratio": 87.65,
            "debt_ratio": 87.5,
            "inventory_turnover_ratio": 0.21,
            "account_receivable_turnover_ratio": 12.45,
            "reinvestment_rate": null,
            "research_to_sale_ratio": 0.01,
            "price_fair": 0,
            "eps_avg_yearly": 0,
            "eps_latest_yearly": 0,
            "eps_growth_yearly": 0
        },
        "20181": {
            "year_quarter": 20181,
            "year": 2018,
            "quarter": 1,
            "eps": 0.21,
            "eps_growth_year": null,
            "eps_4q": 0.18,
            "eps_4q_growth_year": null,
            "roe": 2.3,
            "roe_4q": 2.1500000000000004,
            "gross_profit": 1053112,
            "gross_margin": 27.25,
            "gross_margin_4q_avg": 31.19,
            "net_income": 215189,
            "net_income_4q": null,
            "revenue": 3864817,
            "revenue_4q": null,
            "common_shares": 8944192,
            "book_valuer_per_share": 9.9,
            "book_valuer_per_share_4q_avg": 9.27,
            "equity": 9436934,
            "current_ratio": 87.38,
            "debt_ratio": 87.1,
            "inventory_turnover_ratio": 0.09,
            "account_receivable_turnover_ratio": 6.01,
            "reinvestment_rate": null,
            "research_to_sale_ratio": 0.02,
            "price_fair": 2.52,
            "eps_avg_yearly": 0.84,
            "eps_latest_yearly": 0.84,
            "eps_growth_yearly": -283.33
        },
        "20182": {
            "year_quarter": 20182,
            "year": 2018,
            "quarter": 2,
            "eps": 1.09,
            "eps_growth_year": null,
            "eps_4q": 1.63,
            "eps_4q_growth_year": null,
            "roe": 10.06,
            "roe_4q": 15.75,
            "gross_profit": 1960982,
            "gross_margin": 22.82,
            "gross_margin_4q_avg": 25.16,
            "net_income": 994722,
            "net_income_4q": null,
            "revenue": 8593141,
            "revenue_4q": null,
            "common_shares": 8944192,
            "book_valuer_per_share": 11,
            "book_valuer_per_share_4q_avg": 9.78,
            "equity": 10343667,
            "current_ratio": 84.54,
            "debt_ratio": 84.58,
            "inventory_turnover_ratio": 0.25,
            "account_receivable_turnover_ratio": 17.01,
            "reinvestment_rate": null,
            "research_to_sale_ratio": 0.01,
            "price_fair": 91,
            "eps_avg_yearly": 2.6,
            "eps_latest_yearly": 4.36,
            "eps_growth_yearly": 696.43
        },
        "20183": {
            "year_quarter": 20183,
            "year": 2018,
            "quarter": 3,
            "eps": 2.77,
            "eps_growth_year": null,
            "eps_4q": 4.8,
            "eps_4q_growth_year": null,
            "roe": 21.57,
            "roe_4q": 41.519999999999996,
            "gross_profit": 3604376,
            "gross_margin": 21.95,
            "gross_margin_4q_avg": 23.78,
            "net_income": 2501088,
            "net_income_4q": null,
            "revenue": 16420078,
            "revenue_4q": null,
            "common_shares": 8944192,
            "book_valuer_per_share": 13.77,
            "book_valuer_per_share_4q_avg": 11.08,
            "equity": 12847545,
            "current_ratio": 88.45,
            "debt_ratio": 75.57,
            "inventory_turnover_ratio": 0.75,
            "account_receivable_turnover_ratio": 30.86,
            "reinvestment_rate": null,
            "research_to_sale_ratio": 0,
            "price_fair": 189.93,
            "eps_avg_yearly": 5.43,
            "eps_latest_yearly": 11.08,
            "eps_growth_yearly": 669.79
        },
        "20184": {
            "year_quarter": 20184,
            "year": 2018,
            "quarter": 4,
            "eps": -0.31,
            "eps_growth_year": -142.65,
            "eps_4q": 3.77,
            "eps_4q_growth_year": null,
            "roe": -2.08,
            "roe_4q": 31.850000000000005,
            "gross_profit": 613736,
            "gross_margin": 20,
            "gross_margin_4q_avg": 23.01,
            "net_income": -264970,
            "net_income_4q": null,
            "revenue": 3069298,
            "revenue_4q": null,
            "common_shares": 8944192,
            "book_valuer_per_share": 13.46,
            "book_valuer_per_share_4q_avg": 12.03,
            "equity": 12583335,
            "current_ratio": 95.6,
            "debt_ratio": 75.24,
            "inventory_turnover_ratio": 0.24,
            "account_receivable_turnover_ratio": 5.11,
            "reinvestment_rate": null,
            "research_to_sale_ratio": 0.38,
            "price_fair": 189.93,
            "eps_avg_yearly": 5.43,
            "eps_latest_yearly": 11.08,
            "eps_growth_yearly": 669.79
        },
        "20191": {
            "year_quarter": 20191,
            "year": 2019,
            "quarter": 1,
            "eps": 0.01,
            "eps_growth_year": -95.24,
            "eps_4q": 3.57,
            "eps_4q_growth_year": 1871.43,
            "roe": 0.25,
            "roe_4q": 29.800000000000004,
            "gross_profit": 608552,
            "gross_margin": 43.54,
            "gross_margin_4q_avg": 27.08,
            "net_income": 31742,
            "net_income_4q": null,
            "revenue": 1397569,
            "revenue_4q": null,
            "common_shares": 8944192,
            "book_valuer_per_share": 13.48,
            "book_valuer_per_share_4q_avg": 12.93,
            "equity": 12619532,
            "current_ratio": 89.44,
            "debt_ratio": 76.09,
            "inventory_turnover_ratio": 0.09,
            "account_receivable_turnover_ratio": 2.39,
            "reinvestment_rate": null,
            "research_to_sale_ratio": 0.05,
            "price_fair": 189.93,
            "eps_avg_yearly": 5.43,
            "eps_latest_yearly": 11.08,
            "eps_growth_yearly": 669.79
        },
        "20192": {
            "year_quarter": 20192,
            "year": 2019,
            "quarter": 2,
            "eps": -0.18,
            "eps_growth_year": -116.51,
            "eps_4q": 2.25,
            "eps_4q_growth_year": 38.27,
            "roe": -1.25,
            "roe_4q": 18.490000000000002,
            "gross_profit": 498731,
            "gross_margin": 38.55,
            "gross_margin_4q_avg": 31.01,
            "net_income": -151936,
            "net_income_4q": null,
            "revenue": 1293778,
            "revenue_4q": null,
            "common_shares": 8944192,
            "book_valuer_per_share": 12.5,
            "book_valuer_per_share_4q_avg": 13.3,
            "equity": 11693538,
            "current_ratio": 81.64,
            "debt_ratio": 78.56,
            "inventory_turnover_ratio": 0.09,
            "account_receivable_turnover_ratio": 2.52,
            "reinvestment_rate": null,
            "research_to_sale_ratio": 0.21,
            "price_fair": 189.93,
            "eps_avg_yearly": 5.43,
            "eps_latest_yearly": 11.08,
            "eps_growth_yearly": 669.79
        },
        "20193": {
            "year_quarter": 20193,
            "year": 2019,
            "quarter": 3,
            "eps": 0.54,
            "eps_growth_year": -80.51,
            "eps_4q": 0.07,
            "eps_4q_growth_year": -98.54,
            "roe": 4.25,
            "roe_4q": 1.17,
            "gross_profit": 1189784,
            "gross_margin": 60.76,
            "gross_margin_4q_avg": 40.71,
            "net_income": 508311,
            "net_income_4q": null,
            "revenue": 1958256,
            "revenue_4q": null,
            "common_shares": 9123076,
            "book_valuer_per_share": 12.79,
            "book_valuer_per_share_4q_avg": 13.06,
            "equity": 12201584,
            "current_ratio": 100.2,
            "debt_ratio": 78.1,
            "inventory_turnover_ratio": 0.08,
            "account_receivable_turnover_ratio": 3.27,
            "reinvestment_rate": null,
            "research_to_sale_ratio": 0.16,
            "price_fair": 189.93,
            "eps_avg_yearly": 5.43,
            "eps_latest_yearly": 11.08,
            "eps_growth_yearly": 669.79
        },
        "20194": {
            "year_quarter": 20194,
            "year": 2019,
            "quarter": 4,
            "eps": 0.07,
            "eps_growth_year": null,
            "eps_4q": 0.45,
            "eps_4q_growth_year": -88.16,
            "roe": 0.64,
            "roe_4q": 3.8899999999999997,
            "gross_profit": 492051,
            "gross_margin": 29.36,
            "gross_margin_4q_avg": 43.05,
            "net_income": 78220,
            "net_income_4q": null,
            "revenue": 1675742,
            "revenue_4q": null,
            "common_shares": 9123076,
            "book_valuer_per_share": 12.87,
            "book_valuer_per_share_4q_avg": 12.91,
            "equity": 12283791,
            "current_ratio": 105.62,
            "debt_ratio": 78.09,
            "inventory_turnover_ratio": 0.13,
            "account_receivable_turnover_ratio": 2.48,
            "reinvestment_rate": null,
            "research_to_sale_ratio": 0.47,
            "price_fair": 144.9,
            "eps_avg_yearly": 4.14,
            "eps_latest_yearly": 0.28,
            "eps_growth_yearly": 415.31
        },
        "20201": {
            "year_quarter": 20201,
            "year": 2020,
            "quarter": 1,
            "eps": -0.02,
            "eps_growth_year": -300,
            "eps_4q": 0.41,
            "eps_4q_growth_year": -88.44,
            "roe": -0.12,
            "roe_4q": 3.5199999999999996,
            "gross_profit": 610308,
            "gross_margin": 43.21,
            "gross_margin_4q_avg": 42.97,
            "net_income": -14831,
            "net_income_4q": null,
            "revenue": 1412344,
            "revenue_4q": null,
            "common_shares": 9123076,
            "book_valuer_per_share": 12.86,
            "book_valuer_per_share_4q_avg": 12.76,
            "equity": 12180961,
            "current_ratio": 101.4,
            "debt_ratio": 78.26,
            "inventory_turnover_ratio": 0.08,
            "account_receivable_turnover_ratio": 2.41,
            "reinvestment_rate": null,
            "research_to_sale_ratio": 0.19,
            "price_fair": 144.9,
            "eps_avg_yearly": 4.14,
            "eps_latest_yearly": 0.28,
            "eps_growth_yearly": 415.31
        },
        "20202": {
            "year_quarter": 20202,
            "year": 2020,
            "quarter": 2,
            "eps": 0.09,
            "eps_growth_year": null,
            "eps_4q": 0.68,
            "eps_4q_growth_year": -69.57,
            "roe": 0.68,
            "roe_4q": 5.45,
            "gross_profit": 528980,
            "gross_margin": 38.8,
            "gross_margin_4q_avg": 43.03,
            "net_income": 81289,
            "net_income_4q": null,
            "revenue": 1363395,
            "revenue_4q": null,
            "common_shares": 9123076,
            "book_valuer_per_share": 12.37,
            "book_valuer_per_share_4q_avg": 12.72,
            "equity": 11627275,
            "current_ratio": 97.58,
            "debt_ratio": 79.73,
            "inventory_turnover_ratio": 0.09,
            "account_receivable_turnover_ratio": 2.55,
            "reinvestment_rate": 65.9,
            "research_to_sale_ratio": 0.27,
            "price_fair": 144.9,
            "eps_avg_yearly": 4.14,
            "eps_latest_yearly": 0.28,
            "eps_growth_yearly": 415.31
        },
        "20203": {
            "year_quarter": 20203,
            "year": 2020,
            "quarter": 3,
            "eps": 0.24,
            "eps_growth_year": -55.56,
            "eps_4q": 0.38,
            "eps_4q_growth_year": 439.96,
            "roe": 2.01,
            "roe_4q": 3.21,
            "gross_profit": 918532,
            "gross_margin": 42.89,
            "gross_margin_4q_avg": 38.57,
            "net_income": 236348,
            "net_income_4q": null,
            "revenue": 2141660,
            "revenue_4q": null,
            "common_shares": 9000946,
            "book_valuer_per_share": 12.61,
            "book_valuer_per_share_4q_avg": 12.68,
            "equity": 11869752,
            "current_ratio": 101.82,
            "debt_ratio": 79.09,
            "inventory_turnover_ratio": 0.13,
            "account_receivable_turnover_ratio": 3.96,
            "reinvestment_rate": 38.29,
            "research_to_sale_ratio": 0.12,
            "price_fair": 122.64,
            "eps_avg_yearly": 3.5,
            "eps_latest_yearly": 0.96,
            "eps_growth_yearly": 465.58
        },
        "20204": {
            "year_quarter": 20204,
            "year": 2020,
            "quarter": 4,
            "eps": 0.39,
            "eps_growth_year": 431.4,
            "eps_4q": 0.69,
            "eps_4q_growth_year": 55.17,
            "roe": 3.02,
            "roe_4q": 5.589999999999999,
            "gross_profit": 651064,
            "gross_margin": 35.1,
            "gross_margin_4q_avg": 40,
            "net_income": 364479,
            "net_income_4q": null,
            "revenue": 1854933,
            "revenue_4q": null,
            "common_shares": 9000946,
            "book_valuer_per_share": 13,
            "book_valuer_per_share_4q_avg": 12.71,
            "equity": 12237575,
            "current_ratio": 119.89,
            "debt_ratio": 78.45,
            "inventory_turnover_ratio": 0.14,
            "account_receivable_turnover_ratio": 3.74,
            "reinvestment_rate": 27.14,
            "research_to_sale_ratio": 0.03,
            "price_fair": 111.3,
            "eps_avg_yearly": 3.18,
            "eps_latest_yearly": 1.56,
            "eps_growth_yearly": 429.65
        },
        "20211": {
            "year_quarter": 20211,
            "year": 2021,
            "quarter": 1,
            "eps": 0,
            "eps_growth_year": null,
            "eps_4q": 0.71,
            "eps_4q_growth_year": 71.63,
            "roe": 0.07,
            "roe_4q": 5.779999999999999,
            "gross_profit": 548286,
            "gross_margin": 48.99,
            "gross_margin_4q_avg": 41.45,
            "net_income": 8427,
            "net_income_4q": null,
            "revenue": 1119217,
            "revenue_4q": null,
            "common_shares": 9000946,
            "book_valuer_per_share": 13,
            "book_valuer_per_share_4q_avg": 12.75,
            "equity": 12246058,
            "current_ratio": 118.56,
            "debt_ratio": 78.14,
            "inventory_turnover_ratio": 0.07,
            "account_receivable_turnover_ratio": 2.45,
            "reinvestment_rate": 22.43,
            "research_to_sale_ratio": 0.07,
            "price_fair": 111.3,
            "eps_avg_yearly": 3.18,
            "eps_latest_yearly": 1.56,
            "eps_growth_yearly": 429.65
        },
        "20212": {
            "year_quarter": 20212,
            "year": 2021,
            "quarter": 2,
            "eps": -0.1,
            "eps_growth_year": -211.11,
            "eps_4q": 0.52,
            "eps_4q_growth_year": -23.9,
            "roe": -0.85,
            "roe_4q": 4.25,
            "gross_profit": 393382,
            "gross_margin": 34.75,
            "gross_margin_4q_avg": 40.43,
            "net_income": -103927,
            "net_income_4q": null,
            "revenue": 1132091,
            "revenue_4q": null,
            "common_shares": 9000946,
            "book_valuer_per_share": 12.9,
            "book_valuer_per_share_4q_avg": 12.88,
            "equity": 12136012,
            "current_ratio": 116.55,
            "debt_ratio": 78.29,
            "inventory_turnover_ratio": 0.09,
            "account_receivable_turnover_ratio": 1.59,
            "reinvestment_rate": 17.13,
            "research_to_sale_ratio": 0.05,
            "price_fair": 111.3,
            "eps_avg_yearly": 3.18,
            "eps_latest_yearly": 1.56,
            "eps_growth_yearly": 429.65
        },
        "20213": {
            "year_quarter": 20213,
            "year": 2021,
            "quarter": 3,
            "eps": -0.08,
            "eps_growth_year": -133.33,
            "eps_4q": 0.2,
            "eps_4q_growth_year": -46.87,
            "roe": -0.68,
            "roe_4q": 1.56,
            "gross_profit": 377277,
            "gross_margin": 32.2,
            "gross_margin_4q_avg": 37.76,
            "net_income": -80349,
            "net_income_4q": null,
            "revenue": 1171554,
            "revenue_4q": null,
            "common_shares": 9000946,
            "book_valuer_per_share": 12.19,
            "book_valuer_per_share_4q_avg": 12.77,
            "equity": 11448184,
            "current_ratio": 85.46,
            "debt_ratio": 79.72,
            "inventory_turnover_ratio": 0.09,
            "account_receivable_turnover_ratio": 1.19,
            "reinvestment_rate": 15.8,
            "research_to_sale_ratio": 0.04,
            "price_fair": 111.3,
            "eps_avg_yearly": 3.18,
            "eps_latest_yearly": 1.56,
            "eps_growth_yearly": 429.65
        },
        "20214": {
            "year_quarter": 20214,
            "year": 2021,
            "quarter": 4,
            "eps": 0.26,
            "eps_growth_year": -34.16,
            "eps_4q": 0.07,
            "eps_4q_growth_year": -90.27,
            "roe": 2.07,
            "roe_4q": 0.6099999999999997,
            "gross_profit": 839782,
            "gross_margin": 29.61,
            "gross_margin_4q_avg": 36.39,
            "net_income": 238899,
            "net_income_4q": null,
            "revenue": 2836235,
            "revenue_4q": null,
            "common_shares": 9000946,
            "book_valuer_per_share": 12.46,
            "book_valuer_per_share_4q_avg": 12.64,
            "equity": 11648073,
            "current_ratio": 77.01,
            "debt_ratio": 79.17,
            "inventory_turnover_ratio": 0.24,
            "account_receivable_turnover_ratio": 2.67,
            "reinvestment_rate": 19.75,
            "research_to_sale_ratio": 0.03,
            "price_fair": 111.3,
            "eps_avg_yearly": 3.18,
            "eps_latest_yearly": 1.56,
            "eps_growth_yearly": 429.65
        },
        "20221": {
            "year_quarter": 20221,
            "year": 2022,
            "quarter": 1,
            "eps": -0.01,
            "eps_growth_year": null,
            "eps_4q": 0.06,
            "eps_4q_growth_year": -91.4,
            "roe": -0.06,
            "roe_4q": 0.47999999999999965,
            "gross_profit": 666650,
            "gross_margin": 53.37,
            "gross_margin_4q_avg": 37.48,
            "net_income": -7111,
            "net_income_4q": null,
            "revenue": 1249191,
            "revenue_4q": null,
            "common_shares": 8800946,
            "book_valuer_per_share": 12.47,
            "book_valuer_per_share_4q_avg": 12.51,
            "equity": 11462181,
            "current_ratio": 76.67,
            "debt_ratio": 79.08,
            "inventory_turnover_ratio": 0.07,
            "account_receivable_turnover_ratio": 1.17,
            "reinvestment_rate": 14.55,
            "research_to_sale_ratio": 0.06,
            "price_fair": 127.68,
            "eps_avg_yearly": 3.65,
            "eps_latest_yearly": 1.56,
            "eps_growth_yearly": 572.24
        },
        "20222": {
            "year_quarter": 20222,
            "year": 2022,
            "quarter": 2,
            "eps": 0.08,
            "eps_growth_year": null,
            "eps_4q": 0.25,
            "eps_4q_growth_year": -52.08,
            "roe": 0.59,
            "roe_4q": 1.9199999999999995,
            "gross_profit": 710903,
            "gross_margin": 48.53,
            "gross_margin_4q_avg": 40.93,
            "net_income": 68654,
            "net_income_4q": null,
            "revenue": 1464758,
            "revenue_4q": null,
            "common_shares": 8800946,
            "book_valuer_per_share": 12.36,
            "book_valuer_per_share_4q_avg": 12.37,
            "equity": 11623180,
            "current_ratio": 101.97,
            "debt_ratio": 79.17,
            "inventory_turnover_ratio": 0.09,
            "account_receivable_turnover_ratio": 1.41,
            "reinvestment_rate": 21.39,
            "research_to_sale_ratio": 0.05,
            "price_fair": 121.45,
            "eps_avg_yearly": 3.47,
            "eps_latest_yearly": 1.56,
            "eps_growth_yearly": 296.26
        },
        "20223": {
            "year_quarter": 20223,
            "year": 2022,
            "quarter": 3,
            "eps": -0.03,
            "eps_growth_year": null,
            "eps_4q": 0.3,
            "eps_4q_growth_year": 49.62,
            "roe": -0.14,
            "roe_4q": 2.46,
            "gross_profit": 683131,
            "gross_margin": 47.8,
            "gross_margin_4q_avg": 44.83,
            "net_income": -16040,
            "net_income_4q": null,
            "revenue": 1429031,
            "revenue_4q": null,
            "common_shares": 8800946,
            "book_valuer_per_share": 12.32,
            "book_valuer_per_share_4q_avg": 12.4,
            "equity": 11652158,
            "current_ratio": 89.2,
            "debt_ratio": 79.33,
            "inventory_turnover_ratio": 0.09,
            "account_receivable_turnover_ratio": 1.38,
            "reinvestment_rate": 43.39,
            "research_to_sale_ratio": 0.05,
            "price_fair": 32.67,
            "eps_avg_yearly": 0.93,
            "eps_latest_yearly": 1.56,
            "eps_growth_yearly": 189.51
        },
        "20224": {
            "year_quarter": 20224,
            "year": 2022,
            "quarter": 4,
            "eps": 0.04,
            "eps_growth_year": -82.57,
            "eps_4q": 0.08,
            "eps_4q_growth_year": 25.43,
            "roe": 0.48,
            "roe_4q": 0.8699999999999999,
            "gross_profit": 849106,
            "gross_margin": 49.38,
            "gross_margin_4q_avg": 49.77,
            "net_income": 56059,
            "net_income_4q": null,
            "revenue": 1719403,
            "revenue_4q": null,
            "common_shares": 8800946,
            "book_valuer_per_share": 12.37,
            "book_valuer_per_share_4q_avg": 12.38,
            "equity": 11708560,
            "current_ratio": 79.04,
            "debt_ratio": 79.59,
            "inventory_turnover_ratio": 0.11,
            "account_receivable_turnover_ratio": 1.64,
            "reinvestment_rate": 38.72,
            "research_to_sale_ratio": 0.04,
            "price_fair": 32.67,
            "eps_avg_yearly": 0.93,
            "eps_latest_yearly": 1.56,
            "eps_growth_yearly": 189.51
        },
        "20231": {
            "year_quarter": 20231,
            "year": 2023,
            "quarter": 1,
            "eps": -0.11,
            "eps_growth_year": null,
            "eps_4q": -0.02,
            "eps_4q_growth_year": -124.67,
            "roe": -0.73,
            "roe_4q": 0.19999999999999996,
            "gross_profit": 640595,
            "gross_margin": 53.3,
            "gross_margin_4q_avg": 49.75,
            "net_income": -85493,
            "net_income_4q": null,
            "revenue": 1201806,
            "revenue_4q": null,
            "common_shares": 8800946,
            "book_valuer_per_share": 12.26,
            "book_valuer_per_share_4q_avg": 12.33,
            "equity": 11623080,
            "current_ratio": 78.94,
            "debt_ratio": 79.61,
            "inventory_turnover_ratio": 0.07,
            "account_receivable_turnover_ratio": 1.15,
            "reinvestment_rate": 64.22,
            "research_to_sale_ratio": 0.06,
            "price_fair": 32.67,
            "eps_avg_yearly": 0.93,
            "eps_latest_yearly": 1.56,
            "eps_growth_yearly": 189.51
        },
        "20232": {
            "year_quarter": 20232,
            "year": 2023,
            "quarter": 2,
            "eps": -0.07,
            "eps_growth_year": -187.5,
            "eps_4q": -0.17,
            "eps_4q_growth_year": -168.84,
            "roe": -0.37,
            "roe_4q": -0.7600000000000001,
            "gross_profit": 690068,
            "gross_margin": 36.84,
            "gross_margin_4q_avg": 46.83,
            "net_income": -43391,
            "net_income_4q": null,
            "revenue": 1873256,
            "revenue_4q": null,
            "common_shares": 8800946,
            "book_valuer_per_share": 12.19,
            "book_valuer_per_share_4q_avg": 12.29,
            "equity": 11549412,
            "current_ratio": 73.58,
            "debt_ratio": 79.83,
            "inventory_turnover_ratio": 0.14,
            "account_receivable_turnover_ratio": 1.9,
            "reinvestment_rate": 57.16,
            "research_to_sale_ratio": 0.04,
            "price_fair": 32.67,
            "eps_avg_yearly": 0.93,
            "eps_latest_yearly": 1.56,
            "eps_growth_yearly": 189.51
        },
        "20233": {
            "year_quarter": 20233,
            "year": 2023,
            "quarter": 3,
            "eps": -0.02,
            "eps_growth_year": null,
            "eps_4q": -0.15,
            "eps_4q_growth_year": -151.62,
            "roe": 0.06,
            "roe_4q": -0.56,
            "gross_profit": 746841,
            "gross_margin": 43.64,
            "gross_margin_4q_avg": 45.79,
            "net_income": 6395,
            "net_income_4q": null,
            "revenue": 1711285,
            "revenue_4q": null,
            "common_shares": 8800946,
            "book_valuer_per_share": 12.17,
            "book_valuer_per_share_4q_avg": 12.25,
            "equity": 11553872,
            "current_ratio": 78.94,
            "debt_ratio": 80.3,
            "inventory_turnover_ratio": 0.12,
            "account_receivable_turnover_ratio": 1.69,
            "reinvestment_rate": 116.02,
            "research_to_sale_ratio": 0.04,
            "price_fair": 32.67,
            "eps_avg_yearly": 0.93,
            "eps_latest_yearly": 1.56,
            "eps_growth_yearly": 189.51
        }
    },
    "months": {
        "2001-06": {
            "month": "2001-06",
            "price": "6.30",
            "revenue": 51302
        },
        "2001-07": {
            "month": "2001-07",
            "price": "4.36",
            "revenue": 30758
        },
        "2001-08": {
            "month": "2001-08",
            "price": "5.29",
            "revenue": 31616
        },
        "2001-09": {
            "month": "2001-09",
            "price": "5.06",
            "revenue": 23928
        },
        "2001-10": {
            "month": "2001-10",
            "price": "4.51",
            "revenue": 22364
        },
        "2001-11": {
            "month": "2001-11",
            "price": "4.35",
            "revenue": 0
        },
        "2001-12": {
            "month": "2001-12",
            "price": "4.79",
            "revenue": 1062063
        },
        "2002-01": {
            "month": "2002-01",
            "price": "5.39",
            "revenue": 102506
        },
        "2002-02": {
            "month": "2002-02",
            "price": "8.33",
            "revenue": 70161
        },
        "2002-03": {
            "month": "2002-03",
            "price": "8.75",
            "revenue": 52084
        },
        "2002-04": {
            "month": "2002-04",
            "price": "13.05",
            "revenue": 198846
        },
        "2002-05": {
            "month": "2002-05",
            "price": "13.87",
            "revenue": 92210
        },
        "2002-06": {
            "month": "2002-06",
            "price": "13.48",
            "revenue": 171164
        },
        "2002-07": {
            "month": "2002-07",
            "price": "11.81",
            "revenue": 190458
        },
        "2002-08": {
            "month": "2002-08",
            "price": "10.68",
            "revenue": 73663
        },
        "2002-09": {
            "month": "2002-09",
            "price": "9.44",
            "revenue": 17974
        },
        "2002-10": {
            "month": "2002-10",
            "price": "8.02",
            "revenue": 113405
        },
        "2002-11": {
            "month": "2002-11",
            "price": "8.53",
            "revenue": 168339
        },
        "2002-12": {
            "month": "2002-12",
            "price": "9.39",
            "revenue": 94397
        },
        "2003-01": {
            "month": "2003-01",
            "price": "8.96",
            "revenue": 67489
        },
        "2003-02": {
            "month": "2003-02",
            "price": "8.29",
            "revenue": 27416
        },
        "2003-03": {
            "month": "2003-03",
            "price": "7.38",
            "revenue": 31807
        },
        "2003-04": {
            "month": "2003-04",
            "price": "7.41",
            "revenue": -22
        },
        "2003-05": {
            "month": "2003-05",
            "price": "6.39",
            "revenue": 64934
        },
        "2003-06": {
            "month": "2003-06",
            "price": "7.20",
            "revenue": -22611
        },
        "2003-07": {
            "month": "2003-07",
            "price": "8.84",
            "revenue": 64484
        },
        "2003-08": {
            "month": "2003-08",
            "price": "8.58",
            "revenue": -942657
        },
        "2003-09": {
            "month": "2003-09",
            "price": "7.84",
            "revenue": 93378
        },
        "2003-10": {
            "month": "2003-10",
            "price": "9.52",
            "revenue": 87986
        },
        "2003-11": {
            "month": "2003-11",
            "price": "14.93",
            "revenue": 82850
        },
        "2003-12": {
            "month": "2003-12",
            "price": "16.48",
            "revenue": 457343
        },
        "2004-01": {
            "month": "2004-01",
            "price": "26.70",
            "revenue": 27328
        },
        "2004-02": {
            "month": "2004-02",
            "price": "30.17",
            "revenue": 167785
        },
        "2004-03": {
            "month": "2004-03",
            "price": "32.96",
            "revenue": 479283
        },
        "2004-04": {
            "month": "2004-04",
            "price": "38.77",
            "revenue": 109588
        },
        "2004-05": {
            "month": "2004-05",
            "price": "30.14",
            "revenue": 107312
        },
        "2004-06": {
            "month": "2004-06",
            "price": "29.82",
            "revenue": 109882
        },
        "2004-07": {
            "month": "2004-07",
            "price": "28.61",
            "revenue": 121981
        },
        "2004-08": {
            "month": "2004-08",
            "price": "28.72",
            "revenue": 122789
        },
        "2004-09": {
            "month": "2004-09",
            "price": "31.02",
            "revenue": 437762
        },
        "2004-10": {
            "month": "2004-10",
            "price": "28.56",
            "revenue": 60234
        },
        "2004-11": {
            "month": "2004-11",
            "price": "26.42",
            "revenue": 52264
        },
        "2004-12": {
            "month": "2004-12",
            "price": "29.12",
            "revenue": 1341681
        },
        "2005-01": {
            "month": "2005-01",
            "price": "29.42",
            "revenue": 224467
        },
        "2005-02": {
            "month": "2005-02",
            "price": "27.96",
            "revenue": 143604
        },
        "2005-03": {
            "month": "2005-03",
            "price": "26.41",
            "revenue": 211024
        },
        "2005-04": {
            "month": "2005-04",
            "price": "17.84",
            "revenue": 215685
        },
        "2005-05": {
            "month": "2005-05",
            "price": "14.83",
            "revenue": 186936
        },
        "2005-06": {
            "month": "2005-06",
            "price": "18.19",
            "revenue": 303413
        },
        "2005-07": {
            "month": "2005-07",
            "price": "17.86",
            "revenue": 230735
        },
        "2005-08": {
            "month": "2005-08",
            "price": "15.73",
            "revenue": 199766
        },
        "2005-09": {
            "month": "2005-09",
            "price": "15.02",
            "revenue": 127717
        },
        "2005-10": {
            "month": "2005-10",
            "price": "13.19",
            "revenue": 28084
        },
        "2005-11": {
            "month": "2005-11",
            "price": "11.42",
            "revenue": 26373
        },
        "2005-12": {
            "month": "2005-12",
            "price": "13.18",
            "revenue": 49626
        },
        "2006-01": {
            "month": "2006-01",
            "price": "15.10",
            "revenue": 16758
        },
        "2006-02": {
            "month": "2006-02",
            "price": "14.22",
            "revenue": 8120
        },
        "2006-03": {
            "month": "2006-03",
            "price": "12.73",
            "revenue": 12973
        },
        "2006-04": {
            "month": "2006-04",
            "price": "14.16",
            "revenue": 12648
        },
        "2006-05": {
            "month": "2006-05",
            "price": "22.21",
            "revenue": 17432
        },
        "2006-06": {
            "month": "2006-06",
            "price": "23.05",
            "revenue": -995
        },
        "2006-07": {
            "month": "2006-07",
            "price": "25.08",
            "revenue": -292
        },
        "2006-08": {
            "month": "2006-08",
            "price": "27.64",
            "revenue": -66
        },
        "2006-09": {
            "month": "2006-09",
            "price": "26.91",
            "revenue": 18118
        },
        "2006-10": {
            "month": "2006-10",
            "price": "34.94",
            "revenue": 2329
        },
        "2006-11": {
            "month": "2006-11",
            "price": "49.58",
            "revenue": 0
        },
        "2006-12": {
            "month": "2006-12",
            "price": "50.03",
            "revenue": 591429
        },
        "2007-01": {
            "month": "2007-01",
            "price": "48.31",
            "revenue": 0
        },
        "2007-02": {
            "month": "2007-02",
            "price": "49.76",
            "revenue": 0
        },
        "2007-03": {
            "month": "2007-03",
            "price": "47.00",
            "revenue": 0
        },
        "2007-04": {
            "month": "2007-04",
            "price": "42.39",
            "revenue": 77497
        },
        "2007-05": {
            "month": "2007-05",
            "price": "41.98",
            "revenue": 214654
        },
        "2007-06": {
            "month": "2007-06",
            "price": "37.66",
            "revenue": 811434
        },
        "2007-07": {
            "month": "2007-07",
            "price": "40.88",
            "revenue": 255969
        },
        "2007-08": {
            "month": "2007-08",
            "price": "41.30",
            "revenue": 229388
        },
        "2007-09": {
            "month": "2007-09",
            "price": "37.95",
            "revenue": 306851
        },
        "2007-10": {
            "month": "2007-10",
            "price": "29.59",
            "revenue": 211901
        },
        "2007-11": {
            "month": "2007-11",
            "price": "23.37",
            "revenue": 489848
        },
        "2007-12": {
            "month": "2007-12",
            "price": "23.22",
            "revenue": 699698
        },
        "2008-01": {
            "month": "2008-01",
            "price": "27.31",
            "revenue": 249863
        },
        "2008-02": {
            "month": "2008-02",
            "price": "30.97",
            "revenue": 178474
        },
        "2008-03": {
            "month": "2008-03",
            "price": "39.23",
            "revenue": 298467
        },
        "2008-04": {
            "month": "2008-04",
            "price": "45.52",
            "revenue": 187588
        },
        "2008-05": {
            "month": "2008-05",
            "price": "46.23",
            "revenue": 218915
        },
        "2008-06": {
            "month": "2008-06",
            "price": "36.63",
            "revenue": 157954
        },
        "2008-07": {
            "month": "2008-07",
            "price": "28.74",
            "revenue": 140853
        },
        "2008-08": {
            "month": "2008-08",
            "price": "23.02",
            "revenue": 101749
        },
        "2008-09": {
            "month": "2008-09",
            "price": "15.26",
            "revenue": 193019
        },
        "2008-10": {
            "month": "2008-10",
            "price": "11.88",
            "revenue": 98733
        },
        "2008-11": {
            "month": "2008-11",
            "price": "10.32",
            "revenue": 167851
        },
        "2008-12": {
            "month": "2008-12",
            "price": "9.72",
            "revenue": 490317
        },
        "2009-01": {
            "month": "2009-01",
            "price": "9.98",
            "revenue": 18023
        },
        "2009-02": {
            "month": "2009-02",
            "price": "9.31",
            "revenue": 50455
        },
        "2009-03": {
            "month": "2009-03",
            "price": "10.51",
            "revenue": 105517
        },
        "2009-04": {
            "month": "2009-04",
            "price": "14.82",
            "revenue": 1428
        },
        "2009-05": {
            "month": "2009-05",
            "price": "22.77",
            "revenue": 1429
        },
        "2009-06": {
            "month": "2009-06",
            "price": "25.65",
            "revenue": 1830680
        },
        "2009-07": {
            "month": "2009-07",
            "price": "29.28",
            "revenue": 396995
        },
        "2009-08": {
            "month": "2009-08",
            "price": "23.82",
            "revenue": 112743
        },
        "2009-09": {
            "month": "2009-09",
            "price": "25.51",
            "revenue": 976880
        },
        "2009-10": {
            "month": "2009-10",
            "price": "28.25",
            "revenue": 548102
        },
        "2009-11": {
            "month": "2009-11",
            "price": "25.42",
            "revenue": 763358
        },
        "2009-12": {
            "month": "2009-12",
            "price": "26.32",
            "revenue": 1399106
        },
        "2010-01": {
            "month": "2010-01",
            "price": "28.15",
            "revenue": 1001966
        },
        "2010-02": {
            "month": "2010-02",
            "price": "24.48",
            "revenue": 1038046
        },
        "2010-03": {
            "month": "2010-03",
            "price": "25.86",
            "revenue": 1168679
        },
        "2010-04": {
            "month": "2010-04",
            "price": "28.62",
            "revenue": 600363
        },
        "2010-05": {
            "month": "2010-05",
            "price": "26.06",
            "revenue": 818216
        },
        "2010-06": {
            "month": "2010-06",
            "price": "26.67",
            "revenue": 938602
        },
        "2010-07": {
            "month": "2010-07",
            "price": "29.42",
            "revenue": 787547
        },
        "2010-08": {
            "month": "2010-08",
            "price": "35.11",
            "revenue": 812828
        },
        "2010-09": {
            "month": "2010-09",
            "price": "40.75",
            "revenue": 1492781
        },
        "2010-10": {
            "month": "2010-10",
            "price": "41.94",
            "revenue": 2026215
        },
        "2010-11": {
            "month": "2010-11",
            "price": "43.26",
            "revenue": 1549797
        },
        "2010-12": {
            "month": "2010-12",
            "price": "44.03",
            "revenue": 1750209
        },
        "2011-01": {
            "month": "2011-01",
            "price": "41.33",
            "revenue": 1816067
        },
        "2011-02": {
            "month": "2011-02",
            "price": "38.13",
            "revenue": 1513571
        },
        "2011-03": {
            "month": "2011-03",
            "price": "32.96",
            "revenue": 1782886
        },
        "2011-04": {
            "month": "2011-04",
            "price": "35.34",
            "revenue": 542578
        },
        "2011-05": {
            "month": "2011-05",
            "price": "35.73",
            "revenue": 674086
        },
        "2011-06": {
            "month": "2011-06",
            "price": "36.15",
            "revenue": 1808392
        },
        "2011-07": {
            "month": "2011-07",
            "price": "39.50",
            "revenue": 571607
        },
        "2011-08": {
            "month": "2011-08",
            "price": "31.93",
            "revenue": 788133
        },
        "2011-09": {
            "month": "2011-09",
            "price": "26.15",
            "revenue": 804931
        },
        "2011-10": {
            "month": "2011-10",
            "price": "25.82",
            "revenue": 845924
        },
        "2011-11": {
            "month": "2011-11",
            "price": "25.38",
            "revenue": 392137
        },
        "2011-12": {
            "month": "2011-12",
            "price": "20.93",
            "revenue": 988454
        },
        "2012-01": {
            "month": "2012-01",
            "price": "21.94",
            "revenue": 287535
        },
        "2012-02": {
            "month": "2012-02",
            "price": "26.12",
            "revenue": 355688
        },
        "2012-03": {
            "month": "2012-03",
            "price": "25.68",
            "revenue": 269358
        },
        "2012-04": {
            "month": "2012-04",
            "price": "22.12",
            "revenue": 329058
        },
        "2012-05": {
            "month": "2012-05",
            "price": "20.10",
            "revenue": 600975
        },
        "2012-06": {
            "month": "2012-06",
            "price": "19.57",
            "revenue": 410210
        },
        "2012-07": {
            "month": "2012-07",
            "price": "19.74",
            "revenue": 171957
        },
        "2012-08": {
            "month": "2012-08",
            "price": "19.85",
            "revenue": 167206
        },
        "2012-09": {
            "month": "2012-09",
            "price": "21.26",
            "revenue": 150688
        },
        "2012-10": {
            "month": "2012-10",
            "price": "19.48",
            "revenue": 126427
        },
        "2012-11": {
            "month": "2012-11",
            "price": "18.27",
            "revenue": 529206
        },
        "2012-12": {
            "month": "2012-12",
            "price": "21.68",
            "revenue": 3694003
        },
        "2013-01": {
            "month": "2013-01",
            "price": "27.44",
            "revenue": 137906
        },
        "2013-02": {
            "month": "2013-02",
            "price": "26.99",
            "revenue": 160577
        },
        "2013-03": {
            "month": "2013-03",
            "price": "26.70",
            "revenue": 151135
        },
        "2013-04": {
            "month": "2013-04",
            "price": "25.11",
            "revenue": 155848
        },
        "2013-05": {
            "month": "2013-05",
            "price": "23.84",
            "revenue": 135498
        },
        "2013-06": {
            "month": "2013-06",
            "price": "21.69",
            "revenue": 151171
        },
        "2013-07": {
            "month": "2013-07",
            "price": "24.45",
            "revenue": 139145
        },
        "2013-08": {
            "month": "2013-08",
            "price": "26.19",
            "revenue": 5576799
        },
        "2013-09": {
            "month": "2013-09",
            "price": "26.13",
            "revenue": 17656476
        },
        "2013-10": {
            "month": "2013-10",
            "price": "26.13",
            "revenue": 3877070
        },
        "2013-11": {
            "month": "2013-11",
            "price": "27.15",
            "revenue": 856738
        },
        "2013-12": {
            "month": "2013-12",
            "price": "26.45",
            "revenue": 1326045
        },
        "2014-01": {
            "month": "2014-01",
            "price": "23.46",
            "revenue": 314314
        },
        "2014-02": {
            "month": "2014-02",
            "price": "23.77",
            "revenue": 225176
        },
        "2014-03": {
            "month": "2014-03",
            "price": "23.95",
            "revenue": 196139
        },
        "2014-04": {
            "month": "2014-04",
            "price": "25.85",
            "revenue": 253670
        },
        "2014-05": {
            "month": "2014-05",
            "price": "22.98",
            "revenue": 314438
        },
        "2014-06": {
            "month": "2014-06",
            "price": "21.80",
            "revenue": 251908
        },
        "2014-07": {
            "month": "2014-07",
            "price": "21.01",
            "revenue": 285808
        },
        "2014-08": {
            "month": "2014-08",
            "price": "19.81",
            "revenue": 366234
        },
        "2014-09": {
            "month": "2014-09",
            "price": "18.67",
            "revenue": 312215
        },
        "2014-10": {
            "month": "2014-10",
            "price": "16.98",
            "revenue": 287307
        },
        "2014-11": {
            "month": "2014-11",
            "price": "17.93",
            "revenue": 464986
        },
        "2014-12": {
            "month": "2014-12",
            "price": "18.32",
            "revenue": 520422
        },
        "2015-01": {
            "month": "2015-01",
            "price": "16.38",
            "revenue": 334343
        },
        "2015-02": {
            "month": "2015-02",
            "price": "16.41",
            "revenue": 271628
        },
        "2015-03": {
            "month": "2015-03",
            "price": "16.08",
            "revenue": 319135
        },
        "2015-04": {
            "month": "2015-04",
            "price": "15.71",
            "revenue": 309543
        },
        "2015-05": {
            "month": "2015-05",
            "price": "14.75",
            "revenue": 321017
        },
        "2015-06": {
            "month": "2015-06",
            "price": "13.90",
            "revenue": 261169
        },
        "2015-07": {
            "month": "2015-07",
            "price": "14.05",
            "revenue": 327698
        },
        "2015-08": {
            "month": "2015-08",
            "price": "11.67",
            "revenue": 314737
        },
        "2015-09": {
            "month": "2015-09",
            "price": "11.13",
            "revenue": 302375
        },
        "2015-10": {
            "month": "2015-10",
            "price": "12.32",
            "revenue": 279317
        },
        "2015-11": {
            "month": "2015-11",
            "price": "11.96",
            "revenue": 327498
        },
        "2015-12": {
            "month": "2015-12",
            "price": "11.49",
            "revenue": 203771
        },
        "2016-01": {
            "month": "2016-01",
            "price": "10.27",
            "revenue": 235557
        },
        "2016-02": {
            "month": "2016-02",
            "price": "10.22",
            "revenue": 200746
        },
        "2016-03": {
            "month": "2016-03",
            "price": "11.02",
            "revenue": 274815
        },
        "2016-04": {
            "month": "2016-04",
            "price": "10.26",
            "revenue": 214901
        },
        "2016-05": {
            "month": "2016-05",
            "price": "9.94",
            "revenue": 328920
        },
        "2016-06": {
            "month": "2016-06",
            "price": "10.11",
            "revenue": 230063
        },
        "2016-07": {
            "month": "2016-07",
            "price": "10.46",
            "revenue": 262853
        },
        "2016-08": {
            "month": "2016-08",
            "price": "10.18",
            "revenue": 317123
        },
        "2016-09": {
            "month": "2016-09",
            "price": "10.07",
            "revenue": 242702
        },
        "2016-10": {
            "month": "2016-10",
            "price": "9.40",
            "revenue": 332252
        },
        "2016-11": {
            "month": "2016-11",
            "price": "8.97",
            "revenue": 338413
        },
        "2016-12": {
            "month": "2016-12",
            "price": "9.30",
            "revenue": 362849
        },
        "2017-01": {
            "month": "2017-01",
            "price": "9.46",
            "revenue": 251013
        },
        "2017-02": {
            "month": "2017-02",
            "price": "10.18",
            "revenue": 502204
        },
        "2017-03": {
            "month": "2017-03",
            "price": "10.40",
            "revenue": 252752
        },
        "2017-04": {
            "month": "2017-04",
            "price": "13.33",
            "revenue": 749750
        },
        "2017-05": {
            "month": "2017-05",
            "price": "13.48",
            "revenue": 242720
        },
        "2017-06": {
            "month": "2017-06",
            "price": "14.05",
            "revenue": 211618
        },
        "2017-07": {
            "month": "2017-07",
            "price": "13.67",
            "revenue": 188051
        },
        "2017-08": {
            "month": "2017-08",
            "price": "13.05",
            "revenue": 948572
        },
        "2017-09": {
            "month": "2017-09",
            "price": "13.14",
            "revenue": 1624629
        },
        "2017-10": {
            "month": "2017-10",
            "price": "13.64",
            "revenue": 2660993
        },
        "2017-11": {
            "month": "2017-11",
            "price": "13.37",
            "revenue": 5018995
        },
        "2017-12": {
            "month": "2017-12",
            "price": "12.87",
            "revenue": 1546374
        },
        "2018-01": {
            "month": "2018-01",
            "price": "12.64",
            "revenue": 1046260
        },
        "2018-02": {
            "month": "2018-02",
            "price": "11.86",
            "revenue": 1046363
        },
        "2018-03": {
            "month": "2018-03",
            "price": "11.52",
            "revenue": 1762599
        },
        "2018-04": {
            "month": "2018-04",
            "price": "11.24",
            "revenue": 1634784
        },
        "2018-05": {
            "month": "2018-05",
            "price": "10.85",
            "revenue": 1627117
        },
        "2018-06": {
            "month": "2018-06",
            "price": "11.25",
            "revenue": 5340835
        },
        "2018-07": {
            "month": "2018-07",
            "price": "11.90",
            "revenue": 7698592
        },
        "2018-08": {
            "month": "2018-08",
            "price": "14.60",
            "revenue": 5446505
        },
        "2018-09": {
            "month": "2018-09",
            "price": "17.49",
            "revenue": 3274981
        },
        "2018-10": {
            "month": "2018-10",
            "price": "16.20",
            "revenue": 1534348
        },
        "2018-11": {
            "month": "2018-11",
            "price": "15.97",
            "revenue": 761636
        },
        "2018-12": {
            "month": "2018-12",
            "price": "14.93",
            "revenue": 804919
        },
        "2019-01": {
            "month": "2019-01",
            "price": "14.10",
            "revenue": 551404
        },
        "2019-02": {
            "month": "2019-02",
            "price": "14.75",
            "revenue": 380019
        },
        "2019-03": {
            "month": "2019-03",
            "price": "15.22",
            "revenue": 466003
        },
        "2019-04": {
            "month": "2019-04",
            "price": "13.78",
            "revenue": 406997
        },
        "2019-05": {
            "month": "2019-05",
            "price": "13.32",
            "revenue": 407612
        },
        "2019-06": {
            "month": "2019-06",
            "price": "13.39",
            "revenue": 479312
        },
        "2019-07": {
            "month": "2019-07",
            "price": "13.46",
            "revenue": 505352
        },
        "2019-08": {
            "month": "2019-08",
            "price": "12.45",
            "revenue": 371665
        },
        "2019-09": {
            "month": "2019-09",
            "price": "11.87",
            "revenue": 1086430
        },
        "2019-10": {
            "month": "2019-10",
            "price": "12.20",
            "revenue": 407546
        },
        "2019-11": {
            "month": "2019-11",
            "price": "11.95",
            "revenue": 333261
        },
        "2019-12": {
            "month": "2019-12",
            "price": "11.54",
            "revenue": 929744
        },
        "2020-01": {
            "month": "2020-01",
            "price": "11.19",
            "revenue": 490618
        },
        "2020-02": {
            "month": "2020-02",
            "price": "10.32",
            "revenue": 486994
        },
        "2020-03": {
            "month": "2020-03",
            "price": "9.00",
            "revenue": 446023
        },
        "2020-04": {
            "month": "2020-04",
            "price": "9.77",
            "revenue": 400470
        },
        "2020-05": {
            "month": "2020-05",
            "price": "9.95",
            "revenue": 425094
        },
        "2020-06": {
            "month": "2020-06",
            "price": "10.09",
            "revenue": 515764
        },
        "2020-07": {
            "month": "2020-07",
            "price": "10.18",
            "revenue": 775532
        },
        "2020-08": {
            "month": "2020-08",
            "price": "10.15",
            "revenue": 521498
        },
        "2020-09": {
            "month": "2020-09",
            "price": "10.65",
            "revenue": 855406
        },
        "2020-10": {
            "month": "2020-10",
            "price": "10.43",
            "revenue": 379765
        },
        "2020-11": {
            "month": "2020-11",
            "price": "10.88",
            "revenue": 649202
        },
        "2020-12": {
            "month": "2020-12",
            "price": "11.89",
            "revenue": 854192
        },
        "2021-01": {
            "month": "2021-01",
            "price": "11.46",
            "revenue": 369269
        },
        "2021-02": {
            "month": "2021-02",
            "price": "10.98",
            "revenue": 333617
        },
        "2021-03": {
            "month": "2021-03",
            "price": "11.22",
            "revenue": 398647
        },
        "2021-04": {
            "month": "2021-04",
            "price": "12.33",
            "revenue": 430805
        },
        "2021-05": {
            "month": "2021-05",
            "price": "11.32",
            "revenue": 315109
        },
        "2021-06": {
            "month": "2021-06",
            "price": "11.05",
            "revenue": 403861
        },
        "2021-07": {
            "month": "2021-07",
            "price": "11.14",
            "revenue": 280984
        },
        "2021-08": {
            "month": "2021-08",
            "price": "11.07",
            "revenue": 633699
        },
        "2021-09": {
            "month": "2021-09",
            "price": "10.35",
            "revenue": 256871
        },
        "2021-10": {
            "month": "2021-10",
            "price": "10.32",
            "revenue": 455088
        },
        "2021-11": {
            "month": "2021-11",
            "price": "10.33",
            "revenue": 605010
        },
        "2021-12": {
            "month": "2021-12",
            "price": "10.15",
            "revenue": 1778207
        },
        "2022-01": {
            "month": "2022-01",
            "price": "10.95",
            "revenue": 425847
        },
        "2022-02": {
            "month": "2022-02",
            "price": "11.03",
            "revenue": 433067
        },
        "2022-03": {
            "month": "2022-03",
            "price": "10.47",
            "revenue": 390277
        },
        "2022-04": {
            "month": "2022-04",
            "price": "10.22",
            "revenue": 383801
        },
        "2022-05": {
            "month": "2022-05",
            "price": "9.54",
            "revenue": 604114
        },
        "2022-06": {
            "month": "2022-06",
            "price": "9.51",
            "revenue": 476990
        },
        "2022-07": {
            "month": "2022-07",
            "price": "9.13",
            "revenue": 429425
        },
        "2022-08": {
            "month": "2022-08",
            "price": "9.46",
            "revenue": 612376
        },
        "2022-09": {
            "month": "2022-09",
            "price": "9.90",
            "revenue": 387083
        },
        "2022-10": {
            "month": "2022-10",
            "price": "9.31",
            "revenue": 501495
        },
        "2022-11": {
            "month": "2022-11",
            "price": "9.19",
            "revenue": 437452
        },
        "2022-12": {
            "month": "2022-12",
            "price": "9.16",
            "revenue": 765805
        },
        "2023-01": {
            "month": "2023-01",
            "price": "9.05",
            "revenue": 363465
        },
        "2023-02": {
            "month": "2023-02",
            "price": "9.21",
            "revenue": 387887
        },
        "2023-03": {
            "month": "2023-03",
            "price": "9.25",
            "revenue": 450454
        },
        "2023-04": {
            "month": "2023-04",
            "price": "9.18",
            "revenue": 532371
        },
        "2023-05": {
            "month": "2023-05",
            "price": "9.24",
            "revenue": 549282
        },
        "2023-06": {
            "month": "2023-06",
            "price": "9.15",
            "revenue": 791603
        },
        "2023-07": {
            "month": "2023-07",
            "price": "9.05",
            "revenue": 685364
        },
        "2023-08": {
            "month": "2023-08",
            "price": "8.87",
            "revenue": 544921
        },
        "2023-09": {
            "month": "2023-09",
            "price": "8.74",
            "revenue": 481000
        },
        "2023-10": {
            "month": "2023-10",
            "price": "8.70",
            "revenue": 495567
        },
        "2023-11": {
            "month": "2023-11",
            "price": "9.29",
            "revenue": 790786
        },
        "2023-12": {
            "month": "2023-12",
            "price": "9.96",
            "revenue": 1395353
        }
    }
}
