{
    "summary": {
        "stock_name": "華固",
        "stock_id": "2548",
        "category": "建材營造",
        "main_business": "委託營造廠商興建商業大樓、國民住宅及廠辦之出租及出售<br>室內裝潢業務及建材.機械買賣及進出口貿易業務<br>委託營造廠興建一般工業用地之廠房倉庫出租等業務",
        "website_url": "https://www.huaku.com.tw",
        "ceo": "洪嘉昇",
        "pe_ratio": 8,
        "report_year_from": 2001,
        "report_year_to": 2023,
        "age": 22,
        "eps_negative_percentage": 0,
        "eps_growth_avg": {
            "last_all": 8.7,
            "last_2y": -1.72,
            "last_4y": 6.89,
            "last_8y": 5.6,
            "last_12y": 6.89,
            "last_16y": 7.77,
            "last_20y": 8.7,
            "at_2006_last_3y": 33.39,
            "at_2007_last_3y": 61.08,
            "at_2008_last_3y": 37.64,
            "at_2009_last_3y": 10.62,
            "at_2010_last_3y": 6.71,
            "at_2011_last_3y": -0.53,
            "at_2012_last_3y": -12.53,
            "at_2013_last_3y": 9.78,
            "at_2014_last_3y": 1.06,
            "at_2015_last_3y": 18.52,
            "at_2016_last_3y": 26.75,
            "at_2017_last_3y": 3.99,
            "at_2018_last_3y": 2.42,
            "at_2019_last_3y": 5.22,
            "at_2020_last_3y": 4.58,
            "at_2021_last_3y": 8.3,
            "at_2022_last_3y": 23.71,
            "at_2023_last_3y": 23.71,
            "at_2006_last_all": 9.41,
            "at_2007_last_all": 15.82,
            "at_2008_last_all": 14.45,
            "at_2009_last_all": 11.64,
            "at_2010_last_all": 8.21,
            "at_2011_last_all": 9.28,
            "at_2012_last_all": 4.64,
            "at_2013_last_all": 11.02,
            "at_2014_last_all": 6.01,
            "at_2015_last_all": 11.92,
            "at_2016_last_all": 10.54,
            "at_2017_last_all": 9.26,
            "at_2018_last_all": 5.16,
            "at_2019_last_all": 10.43,
            "at_2020_last_all": 9.28,
            "at_2021_last_all": 9.07,
            "at_2022_last_all": 8.7,
            "at_2023_last_all": 8.7
        },
        "latest_eps": 12.5,
        "latest_price": 96.7,
        "latest_roe": 17.37,
        "latest_gross_margin": 37.66,
        "latest_equity": 20494544,
        "latest_revenue": 4713599,
        "latest_gross_profit": 1775209,
        "latest_net_income": 1177550,
        "latest_debt_ratio": 50.63,
        "latest_current_ratio": 214.02,
        "latest_account_receivable_turnover_ratio": 32.7,
        "latest_inventory_turnover_ratio": 0.09,
        "latest_reinvestment_rate": 0.29,
        "latest_research_to_sale_ratio": null
    },
    "eps_dividends": {
        "1999": {
            "cash": 0,
            "stock": 2,
            "eps": 0
        },
        "2000": {
            "cash": 0,
            "stock": 3,
            "eps": 0
        },
        "2001": {
            "cash": 2,
            "stock": 2,
            "eps": 2.6
        },
        "2002": {
            "cash": 1,
            "stock": 1,
            "eps": 0.35
        },
        "2003": {
            "cash": 1,
            "stock": 0,
            "eps": 0.13
        },
        "2004": {
            "cash": 0,
            "stock": 1,
            "eps": 3.33
        },
        "2005": {
            "cash": 2,
            "stock": 1,
            "eps": 7.84
        },
        "2006": {
            "cash": 4,
            "stock": 1,
            "eps": 7.56
        },
        "2007": {
            "cash": 4,
            "stock": 2,
            "eps": 11.18
        },
        "2008": {
            "cash": 6,
            "stock": 2,
            "eps": 11.88
        },
        "2009": {
            "cash": 5,
            "stock": 0,
            "eps": 10.92
        },
        "2010": {
            "cash": 6,
            "stock": 1,
            "eps": 8.82
        },
        "2011": {
            "cash": 12,
            "stock": 0,
            "eps": 10.49
        },
        "2012": {
            "cash": 0,
            "stock": 0,
            "eps": 6.11
        },
        "2013": {
            "cash": 5,
            "stock": 0,
            "eps": 11.07
        },
        "2014": {
            "cash": 6,
            "stock": 0,
            "eps": 5.08
        },
        "2015": {
            "cash": 5,
            "stock": 0,
            "eps": 9.59
        },
        "2016": {
            "cash": 6,
            "stock": 0,
            "eps": 8.74
        },
        "2017": {
            "cash": 6,
            "stock": 0,
            "eps": 7.88
        },
        "2018": {
            "cash": 5,
            "stock": 0,
            "eps": 3.12
        },
        "2019": {
            "cash": 5,
            "stock": 0,
            "eps": 11.35
        },
        "2020": {
            "cash": 8,
            "stock": 0,
            "eps": 10.05
        },
        "2021": {
            "cash": 7,
            "stock": 0,
            "eps": 10.56
        },
        "2022": {
            "cash": 8,
            "stock": 0,
            "eps": 10.69
        },
        "2023": {
            "cash": 8,
            "stock": 0,
            "eps": 4.28
        }
    },
    "dividends": {
        "1999-03-30": {
            "cash": 0,
            "stock": 2
        },
        "2000-03-30": {
            "cash": 0,
            "stock": 2.5
        },
        "2001-04-10": {
            "cash": 2,
            "stock": 2
        },
        "2002-05-17": {
            "cash": 1.2,
            "stock": 1
        },
        "2003-04-17": {
            "cash": 0.5,
            "stock": 0
        },
        "2004-03-19": {
            "cash": 0.2,
            "stock": 0.8
        },
        "2005-03-25": {
            "cash": 2.01,
            "stock": 0.5
        },
        "2006-03-01": {
            "cash": 3.6,
            "stock": 1
        },
        "2007-03-28": {
            "cash": 4,
            "stock": 1.6
        },
        "2008-03-26": {
            "cash": 5.5,
            "stock": 1.5
        },
        "2009-02-25": {
            "cash": 4.91,
            "stock": 0
        },
        "2010-03-10": {
            "cash": 6,
            "stock": 0.6
        },
        "2011-01-01": {
            "cash": 5.6,
            "stock": 0.2
        },
        "2011-03-23": {
            "cash": 6.2,
            "stock": 0.3
        },
        "2013-04-03": {
            "cash": 5,
            "stock": 0
        },
        "2014-06-11": {
            "cash": 5.5,
            "stock": 0
        },
        "2015-08-14": {
            "cash": 5,
            "stock": 0
        },
        "2016-08-04": {
            "cash": 5.5,
            "stock": 0
        },
        "2017-08-10": {
            "cash": 5.6,
            "stock": 0
        },
        "2018-07-20": {
            "cash": 5.2,
            "stock": 0
        },
        "2019-07-19": {
            "cash": 5,
            "stock": 0
        },
        "2020-06-30": {
            "cash": 7.5,
            "stock": 0
        },
        "2021-06-30": {
            "cash": 7,
            "stock": 0
        },
        "2022-07-15": {
            "cash": 7.5,
            "stock": 0
        },
        "2023-06-16": {
            "cash": 7.5,
            "stock": 0
        }
    },
    "prices": {
        "200101": "無",
        "200102": "無",
        "200103": "無",
        "200104": "無",
        "200105": "無",
        "200106": "無",
        "200107": "無",
        "200108": "無",
        "200109": "無",
        "200110": "無",
        "200111": "無",
        "200112": "無",
        "200201": "無",
        "200202": "無",
        "200203": "無",
        "200204": "無",
        "200205": "無",
        "200206": "無",
        "200207": "無",
        "200208": "9.81",
        "200209": "8.74",
        "200210": "7.78",
        "200211": "6.78",
        "200212": "7.22",
        "200301": "7.49",
        "200302": "6.98",
        "200303": "6.55",
        "200304": "6.37",
        "200305": "5.52",
        "200306": "6.08",
        "200307": "7.00",
        "200308": "7.47",
        "200309": "8.51",
        "200310": "11.77",
        "200311": "11.71",
        "200312": "11.76",
        "200401": "18.29",
        "200402": "23.12",
        "200403": "28.11",
        "200404": "27.70",
        "200405": "22.60",
        "200406": "25.66",
        "200407": "25.22",
        "200408": "25.96",
        "200409": "31.81",
        "200410": "29.05",
        "200411": "27.29",
        "200412": "31.87",
        "200501": "36.60",
        "200502": "37.48",
        "200503": "37.92",
        "200504": "32.59",
        "200505": "33.42",
        "200506": "35.82",
        "200507": "37.99",
        "200508": "35.48",
        "200509": "37.12",
        "200510": "35.15",
        "200511": "32.57",
        "200512": "35.50",
        "200601": "36.64",
        "200602": "37.15",
        "200603": "36.13",
        "200604": "45.00",
        "200605": "64.72",
        "200606": "64.95",
        "200607": "69.02",
        "200608": "60.49",
        "200609": "62.54",
        "200610": "69.56",
        "200611": "75.59",
        "200612": "73.45",
        "200701": "63.46",
        "200702": "64.32",
        "200703": "62.95",
        "200704": "66.54",
        "200705": "69.84",
        "200706": "72.94",
        "200707": "79.19",
        "200708": "60.67",
        "200709": "59.44",
        "200710": "58.25",
        "200711": "64.54",
        "200712": "59.91",
        "200801": "80.03",
        "200802": "94.06",
        "200803": "105.04",
        "200804": "122.02",
        "200805": "123.74",
        "200806": "105.06",
        "200807": "84.54",
        "200808": "73.35",
        "200809": "50.95",
        "200810": "32.28",
        "200811": "32.61",
        "200812": "33.51",
        "200901": "36.29",
        "200902": "34.96",
        "200903": "40.96",
        "200904": "52.78",
        "200905": "76.44",
        "200906": "80.16",
        "200907": "82.18",
        "200908": "72.84",
        "200909": "78.89",
        "200910": "84.36",
        "200911": "79.10",
        "200912": "81.15",
        "201001": "86.51",
        "201002": "79.08",
        "201003": "83.03",
        "201004": "87.73",
        "201005": "81.70",
        "201006": "83.86",
        "201007": "75.65",
        "201008": "80.45",
        "201009": "85.83",
        "201010": "85.95",
        "201011": "87.73",
        "201012": "90.13",
        "201101": "94.91",
        "201102": "93.81",
        "201103": "81.56",
        "201104": "83.68",
        "201105": "87.29",
        "201106": "90.59",
        "201107": "86.97",
        "201108": "74.20",
        "201109": "67.00",
        "201110": "67.65",
        "201111": "67.85",
        "201112": "61.05",
        "201201": "65.01",
        "201202": "73.40",
        "201203": "76.97",
        "201204": "72.18",
        "201205": "68.56",
        "201206": "67.72",
        "201207": "64.37",
        "201208": "66.47",
        "201209": "71.72",
        "201210": "65.44",
        "201211": "62.36",
        "201212": "67.14",
        "201301": "72.50",
        "201302": "74.14",
        "201303": "74.45",
        "201304": "79.24",
        "201305": "90.31",
        "201306": "89.06",
        "201307": "94.99",
        "201308": "93.60",
        "201309": "87.48",
        "201310": "86.28",
        "201311": "87.13",
        "201312": "86.40",
        "201401": "77.11",
        "201402": "77.95",
        "201403": "73.64",
        "201404": "76.49",
        "201405": "74.65",
        "201406": "72.89",
        "201407": "70.11",
        "201408": "70.23",
        "201409": "65.76",
        "201410": "52.20",
        "201411": "50.60",
        "201412": "59.66",
        "201501": "58.47",
        "201502": "57.13",
        "201503": "60.84",
        "201504": "67.50",
        "201505": "70.28",
        "201506": "67.24",
        "201507": "61.53",
        "201508": "53.89",
        "201509": "56.30",
        "201510": "58.76",
        "201511": "62.50",
        "201512": "59.19",
        "201601": "53.81",
        "201602": "53.15",
        "201603": "58.78",
        "201604": "58.05",
        "201605": "54.19",
        "201606": "56.83",
        "201607": "54.43",
        "201608": "53.54",
        "201609": "53.04",
        "201610": "55.72",
        "201611": "55.66",
        "201612": "60.26",
        "201701": "60.79",
        "201702": "66.25",
        "201703": "67.86",
        "201704": "68.37",
        "201705": "68.65",
        "201706": "68.64",
        "201707": "67.63",
        "201708": "62.19",
        "201709": "64.63",
        "201710": "68.01",
        "201711": "69.61",
        "201712": "68.98",
        "201801": "70.46",
        "201802": "71.03",
        "201803": "72.37",
        "201804": "69.62",
        "201805": "69.74",
        "201806": "71.02",
        "201807": "64.70",
        "201808": "64.73",
        "201809": "65.36",
        "201810": "65.15",
        "201811": "65.12",
        "201812": "65.79",
        "201901": "71.73",
        "201902": "70.52",
        "201903": "71.60",
        "201904": "75.00",
        "201905": "80.74",
        "201906": "84.65",
        "201907": "81.88",
        "201908": "80.53",
        "201909": "80.50",
        "201910": "83.19",
        "201911": "90.60",
        "201912": "93.72",
        "202001": "91.95",
        "202002": "87.83",
        "202003": "84.21",
        "202004": "86.29",
        "202005": "91.88",
        "202006": "90.34",
        "202007": "85.13",
        "202008": "87.61",
        "202009": "88.19",
        "202010": "86.42",
        "202011": "87.97",
        "202012": "87.77",
        "202101": "87.52",
        "202102": "87.01",
        "202103": "91.89",
        "202104": "93.75",
        "202105": "92.32",
        "202106": "87.87",
        "202107": "84.92",
        "202108": "85.23",
        "202109": "89.39",
        "202110": "89.60",
        "202111": "92.24",
        "202112": "91.96",
        "202201": "90.67",
        "202202": "91.45",
        "202203": "90.61",
        "202204": "91.19",
        "202205": "92.84",
        "202206": "92.19",
        "202207": "87.00",
        "202208": "91.14",
        "202209": "91.87",
        "202210": "87.16",
        "202211": "86.71",
        "202212": "88.27",
        "202301": "88.55",
        "202302": "90.25",
        "202303": "91.55",
        "202304": "93.89",
        "202305": "96.30"
    },
    "quarters": {
        "20011": {
            "year_quarter": 20011,
            "year": 2001,
            "quarter": 1,
            "eps": 1.31,
            "eps_growth_year": 156.86,
            "eps_4q": 6.31,
            "eps_4q_growth_year": null,
            "roe": 7.23,
            "roe_4q": 7.23,
            "gross_profit": 135940,
            "gross_margin": 28.31,
            "gross_margin_4q_avg": 28.31,
            "net_income": 112240,
            "revenue": 480163,
            "common_shares": 858000,
            "book_valuer_per_share": 18.88,
            "book_valuer_per_share_4q_avg": 18.88,
            "equity": 1619934,
            "current_ratio": 150.65,
            "debt_ratio": 64.61,
            "inventory_turnover_ratio": 0.08,
            "account_receivable_turnover_ratio": null,
            "reinvestment_rate": null,
            "research_to_sale_ratio": null,
            "price_fair": 0,
            "eps_avg_yearly": 0,
            "eps_latest_yearly": 0,
            "eps_growth_yearly": 0
        },
        "20012": {
            "year_quarter": 20012,
            "year": 2001,
            "quarter": 2,
            "eps": -0.02,
            "eps_growth_year": -101.37,
            "eps_4q": 3.99,
            "eps_4q_growth_year": 53,
            "roe": -0.14,
            "roe_4q": 7.090000000000001,
            "gross_profit": 27072,
            "gross_margin": 29.52,
            "gross_margin_4q_avg": 28.92,
            "net_income": -2070,
            "revenue": 91694,
            "common_shares": 1036000,
            "book_valuer_per_share": 13.81,
            "book_valuer_per_share_4q_avg": 16.35,
            "equity": 1430758,
            "current_ratio": 142.57,
            "debt_ratio": 66.43,
            "inventory_turnover_ratio": 0.02,
            "account_receivable_turnover_ratio": null,
            "reinvestment_rate": null,
            "research_to_sale_ratio": null,
            "price_fair": 0,
            "eps_avg_yearly": 0,
            "eps_latest_yearly": 0,
            "eps_growth_yearly": 0
        },
        "20013": {
            "year_quarter": 20013,
            "year": 2001,
            "quarter": 3,
            "eps": -0.33,
            "eps_growth_year": -111.7,
            "eps_4q": 1.32,
            "eps_4q_growth_year": -75.57,
            "roe": -2.38,
            "roe_4q": 4.710000000000001,
            "gross_profit": -5,
            "gross_margin": null,
            "gross_margin_4q_avg": 19.28,
            "net_income": -33711,
            "revenue": 0,
            "common_shares": 1036000,
            "book_valuer_per_share": 13.48,
            "book_valuer_per_share_4q_avg": 15.39,
            "equity": 1397046,
            "current_ratio": 137.57,
            "debt_ratio": 69.8,
            "inventory_turnover_ratio": 0,
            "account_receivable_turnover_ratio": null,
            "reinvestment_rate": null,
            "research_to_sale_ratio": null,
            "price_fair": 0,
            "eps_avg_yearly": 0,
            "eps_latest_yearly": 0,
            "eps_growth_yearly": 0
        },
        "20014": {
            "year_quarter": 20014,
            "year": 2001,
            "quarter": 4,
            "eps": 1.64,
            "eps_growth_year": 130.99,
            "eps_4q": 2.38,
            "eps_4q_growth_year": -56.04,
            "roe": 11.58,
            "roe_4q": 16.29,
            "gross_profit": 218515,
            "gross_margin": 22.19,
            "gross_margin_4q_avg": 20.01,
            "net_income": 169501,
            "revenue": 984826,
            "common_shares": 1036000,
            "book_valuer_per_share": 14.73,
            "book_valuer_per_share_4q_avg": 15.23,
            "equity": 1529905,
            "current_ratio": 150.3,
            "debt_ratio": 63.65,
            "inventory_turnover_ratio": 0.19,
            "account_receivable_turnover_ratio": null,
            "reinvestment_rate": null,
            "research_to_sale_ratio": null,
            "price_fair": 0,
            "eps_avg_yearly": 0,
            "eps_latest_yearly": 0,
            "eps_growth_yearly": 0
        },
        "20021": {
            "year_quarter": 20021,
            "year": 2002,
            "quarter": 1,
            "eps": 0.62,
            "eps_growth_year": -52.67,
            "eps_4q": 1.97,
            "eps_4q_growth_year": -68.85,
            "roe": 3.95,
            "roe_4q": 13.010000000000002,
            "gross_profit": 95271,
            "gross_margin": 7.92,
            "gross_margin_4q_avg": 14.91,
            "net_income": 61581,
            "revenue": 1202396,
            "common_shares": 1036000,
            "book_valuer_per_share": 15.31,
            "book_valuer_per_share_4q_avg": 14.33,
            "equity": 1585776,
            "current_ratio": 147.47,
            "debt_ratio": 65.24,
            "inventory_turnover_ratio": 0.28,
            "account_receivable_turnover_ratio": null,
            "reinvestment_rate": null,
            "research_to_sale_ratio": null,
            "price_fair": 7.44,
            "eps_avg_yearly": 2.48,
            "eps_latest_yearly": 2.48,
            "eps_growth_yearly": -248.78
        },
        "20022": {
            "year_quarter": 20022,
            "year": 2002,
            "quarter": 2,
            "eps": -0.13,
            "eps_growth_year": null,
            "eps_4q": 1.79,
            "eps_4q_growth_year": -55.12,
            "roe": -0.98,
            "roe_4q": 12.170000000000002,
            "gross_profit": 23614,
            "gross_margin": 11.45,
            "gross_margin_4q_avg": 10.39,
            "net_income": -14777,
            "revenue": 206299,
            "common_shares": 1020000,
            "book_valuer_per_share": 14.14,
            "book_valuer_per_share_4q_avg": 14.42,
            "equity": 1442464,
            "current_ratio": 164.73,
            "debt_ratio": 57.01,
            "inventory_turnover_ratio": 0.05,
            "account_receivable_turnover_ratio": null,
            "reinvestment_rate": null,
            "research_to_sale_ratio": null,
            "price_fair": 7.44,
            "eps_avg_yearly": 2.48,
            "eps_latest_yearly": 2.48,
            "eps_growth_yearly": -248.78
        },
        "20023": {
            "year_quarter": 20023,
            "year": 2002,
            "quarter": 3,
            "eps": -0.13,
            "eps_growth_year": null,
            "eps_4q": 1.79,
            "eps_4q_growth_year": 35.24,
            "roe": -1.02,
            "roe_4q": 13.530000000000001,
            "gross_profit": 23800,
            "gross_margin": 15.45,
            "gross_margin_4q_avg": 14.25,
            "net_income": -14662,
            "revenue": 154040,
            "common_shares": 1126000,
            "book_valuer_per_share": 12.68,
            "book_valuer_per_share_4q_avg": 14.22,
            "equity": 1427802,
            "current_ratio": 165.87,
            "debt_ratio": 56.76,
            "inventory_turnover_ratio": 0.04,
            "account_receivable_turnover_ratio": null,
            "reinvestment_rate": null,
            "research_to_sale_ratio": null,
            "price_fair": 7.44,
            "eps_avg_yearly": 2.48,
            "eps_latest_yearly": 2.48,
            "eps_growth_yearly": -248.78
        },
        "20024": {
            "year_quarter": 20024,
            "year": 2002,
            "quarter": 4,
            "eps": -0.01,
            "eps_growth_year": -100.61,
            "eps_4q": 0.28,
            "eps_4q_growth_year": -88.25,
            "roe": -0.06,
            "roe_4q": 1.8900000000000001,
            "gross_profit": 39062,
            "gross_margin": 9.88,
            "gross_margin_4q_avg": 11.18,
            "net_income": -847,
            "revenue": 395537,
            "common_shares": 1126000,
            "book_valuer_per_share": 12.7,
            "book_valuer_per_share_4q_avg": 13.71,
            "equity": 1430032,
            "current_ratio": 159.68,
            "debt_ratio": 59.06,
            "inventory_turnover_ratio": 0.12,
            "account_receivable_turnover_ratio": null,
            "reinvestment_rate": null,
            "research_to_sale_ratio": null,
            "price_fair": 7.44,
            "eps_avg_yearly": 2.48,
            "eps_latest_yearly": 2.48,
            "eps_growth_yearly": -248.78
        },
        "20031": {
            "year_quarter": 20031,
            "year": 2003,
            "quarter": 1,
            "eps": -0.17,
            "eps_growth_year": -127.42,
            "eps_4q": -0.44,
            "eps_4q_growth_year": -122.6,
            "roe": -1.32,
            "roe_4q": -3.3800000000000003,
            "gross_profit": 6987,
            "gross_margin": 3.84,
            "gross_margin_4q_avg": 10.16,
            "net_income": -18771,
            "revenue": 181800,
            "common_shares": 1126000,
            "book_valuer_per_share": 12.55,
            "book_valuer_per_share_4q_avg": 13.02,
            "equity": 1412963,
            "current_ratio": 102.56,
            "debt_ratio": 59.31,
            "inventory_turnover_ratio": 0.07,
            "account_receivable_turnover_ratio": null,
            "reinvestment_rate": null,
            "research_to_sale_ratio": null,
            "price_fair": 7.44,
            "eps_avg_yearly": 2.48,
            "eps_latest_yearly": 2.48,
            "eps_growth_yearly": -248.78
        },
        "20032": {
            "year_quarter": 20032,
            "year": 2003,
            "quarter": 2,
            "eps": -0.1,
            "eps_growth_year": null,
            "eps_4q": -0.4,
            "eps_4q_growth_year": -122.32,
            "roe": -0.78,
            "roe_4q": -3.18,
            "gross_profit": 32427,
            "gross_margin": 5.61,
            "gross_margin_4q_avg": 8.7,
            "net_income": -10719,
            "revenue": 578054,
            "common_shares": 1126000,
            "book_valuer_per_share": 11.94,
            "book_valuer_per_share_4q_avg": 12.47,
            "equity": 1344610,
            "current_ratio": 98.88,
            "debt_ratio": 59.36,
            "inventory_turnover_ratio": 0.31,
            "account_receivable_turnover_ratio": null,
            "reinvestment_rate": 149.03,
            "research_to_sale_ratio": null,
            "price_fair": 7.44,
            "eps_avg_yearly": 2.48,
            "eps_latest_yearly": 2.48,
            "eps_growth_yearly": -248.78
        },
        "20033": {
            "year_quarter": 20033,
            "year": 2003,
            "quarter": 3,
            "eps": 0.53,
            "eps_growth_year": null,
            "eps_4q": 0.25,
            "eps_4q_growth_year": -85.77,
            "roe": 4.25,
            "roe_4q": 2.0899999999999994,
            "gross_profit": 53909,
            "gross_margin": 6.61,
            "gross_margin_4q_avg": 6.49,
            "net_income": 58419,
            "revenue": 815047,
            "common_shares": 1126000,
            "book_valuer_per_share": 12.47,
            "book_valuer_per_share_4q_avg": 12.42,
            "equity": 1404321,
            "current_ratio": 99.79,
            "debt_ratio": 50.29,
            "inventory_turnover_ratio": 0.58,
            "account_receivable_turnover_ratio": null,
            "reinvestment_rate": 138.65,
            "research_to_sale_ratio": null,
            "price_fair": 7.44,
            "eps_avg_yearly": 2.48,
            "eps_latest_yearly": 2.48,
            "eps_growth_yearly": -248.78
        },
        "20034": {
            "year_quarter": 20034,
            "year": 2003,
            "quarter": 4,
            "eps": -0.13,
            "eps_growth_year": null,
            "eps_4q": 0.13,
            "eps_4q_growth_year": -53.53,
            "roe": -1.04,
            "roe_4q": 1.1099999999999997,
            "gross_profit": 10073,
            "gross_margin": 16.43,
            "gross_margin_4q_avg": 8.12,
            "net_income": -14611,
            "revenue": 61295,
            "common_shares": 1126000,
            "book_valuer_per_share": 12.41,
            "book_valuer_per_share_4q_avg": 12.34,
            "equity": 1397705,
            "current_ratio": 102.26,
            "debt_ratio": 53.19,
            "inventory_turnover_ratio": 0.04,
            "account_receivable_turnover_ratio": null,
            "reinvestment_rate": 149.57,
            "research_to_sale_ratio": null,
            "price_fair": 7.44,
            "eps_avg_yearly": 2.48,
            "eps_latest_yearly": 2.48,
            "eps_growth_yearly": -248.78
        },
        "20041": {
            "year_quarter": 20041,
            "year": 2004,
            "quarter": 1,
            "eps": 0.44,
            "eps_growth_year": null,
            "eps_4q": 0.74,
            "eps_4q_growth_year": null,
            "roe": 3.39,
            "roe_4q": 5.819999999999999,
            "gross_profit": 76401,
            "gross_margin": 19.85,
            "gross_margin_4q_avg": 12.13,
            "net_income": 48292,
            "revenue": 384881,
            "common_shares": 1126000,
            "book_valuer_per_share": 12.86,
            "book_valuer_per_share_4q_avg": 12.42,
            "equity": 1447823,
            "current_ratio": 94.21,
            "debt_ratio": 55.55,
            "inventory_turnover_ratio": 0.21,
            "account_receivable_turnover_ratio": null,
            "reinvestment_rate": 150.68,
            "research_to_sale_ratio": null,
            "price_fair": 7.44,
            "eps_avg_yearly": 2.48,
            "eps_latest_yearly": 2.48,
            "eps_growth_yearly": -248.78
        },
        "20042": {
            "year_quarter": 20042,
            "year": 2004,
            "quarter": 2,
            "eps": 1.3,
            "eps_growth_year": null,
            "eps_4q": 2.12,
            "eps_4q_growth_year": null,
            "roe": 9.48,
            "roe_4q": 16.080000000000002,
            "gross_profit": 280830,
            "gross_margin": 30.62,
            "gross_margin_4q_avg": 18.38,
            "net_income": 145194,
            "revenue": 917118,
            "common_shares": 1126000,
            "book_valuer_per_share": 14.35,
            "book_valuer_per_share_4q_avg": 13.02,
            "equity": 1616180,
            "current_ratio": 123.14,
            "debt_ratio": 72.17,
            "inventory_turnover_ratio": 0.22,
            "account_receivable_turnover_ratio": null,
            "reinvestment_rate": 146.5,
            "research_to_sale_ratio": null,
            "price_fair": 134.4,
            "eps_avg_yearly": 3.84,
            "eps_latest_yearly": 5.2,
            "eps_growth_yearly": 266.52
        },
        "20043": {
            "year_quarter": 20043,
            "year": 2004,
            "quarter": 3,
            "eps": 1.19,
            "eps_growth_year": 124.53,
            "eps_4q": 2.66,
            "eps_4q_growth_year": 943.97,
            "roe": 8,
            "roe_4q": 19.830000000000002,
            "gross_profit": 219021,
            "gross_margin": 34.14,
            "gross_margin_4q_avg": 25.26,
            "net_income": 144829,
            "revenue": 641461,
            "common_shares": 1325211,
            "book_valuer_per_share": 15.12,
            "book_valuer_per_share_4q_avg": 13.69,
            "equity": 2003497,
            "current_ratio": 125.58,
            "debt_ratio": 67.17,
            "inventory_turnover_ratio": 0.1,
            "account_receivable_turnover_ratio": null,
            "reinvestment_rate": 166.72,
            "research_to_sale_ratio": null,
            "price_fair": 145.13,
            "eps_avg_yearly": 4.15,
            "eps_latest_yearly": 4.76,
            "eps_growth_yearly": 166.4
        },
        "20044": {
            "year_quarter": 20044,
            "year": 2004,
            "quarter": 4,
            "eps": 0.4,
            "eps_growth_year": null,
            "eps_4q": 3.11,
            "eps_4q_growth_year": 2292.42,
            "roe": 2.42,
            "roe_4q": 23.29,
            "gross_profit": 137762,
            "gross_margin": 36.78,
            "gross_margin_4q_avg": 30.35,
            "net_income": 49933,
            "revenue": 374542,
            "common_shares": 1358485,
            "book_valuer_per_share": 15.68,
            "book_valuer_per_share_4q_avg": 14.5,
            "equity": 2129653,
            "current_ratio": 145.02,
            "debt_ratio": 71.24,
            "inventory_turnover_ratio": 0.04,
            "account_receivable_turnover_ratio": null,
            "reinvestment_rate": 1.9,
            "research_to_sale_ratio": null,
            "price_fair": 122.85,
            "eps_avg_yearly": 3.51,
            "eps_latest_yearly": 1.6,
            "eps_growth_yearly": 58.41
        },
        "20051": {
            "year_quarter": 20051,
            "year": 2005,
            "quarter": 1,
            "eps": 2.49,
            "eps_growth_year": 465.91,
            "eps_4q": 4.99,
            "eps_4q_growth_year": 572.52,
            "roe": 14.69,
            "roe_4q": 34.59,
            "gross_profit": 380375,
            "gross_margin": 18.46,
            "gross_margin_4q_avg": 30,
            "net_income": 339057,
            "revenue": 2060581,
            "common_shares": 1366405,
            "book_valuer_per_share": 18.2,
            "book_valuer_per_share_4q_avg": 15.84,
            "equity": 2486769,
            "current_ratio": 167.81,
            "debt_ratio": 61.11,
            "inventory_turnover_ratio": 0.28,
            "account_receivable_turnover_ratio": null,
            "reinvestment_rate": 0.81,
            "research_to_sale_ratio": null,
            "price_fair": 168,
            "eps_avg_yearly": 4.8,
            "eps_latest_yearly": 9.96,
            "eps_growth_yearly": 464.73
        },
        "20052": {
            "year_quarter": 20052,
            "year": 2005,
            "quarter": 2,
            "eps": 2.8,
            "eps_growth_year": 115.38,
            "eps_4q": 6.69,
            "eps_4q_growth_year": 215.01,
            "roe": 14.97,
            "roe_4q": 40.08,
            "gross_profit": 544574,
            "gross_margin": 29.94,
            "gross_margin_4q_avg": 29.83,
            "net_income": 383964,
            "revenue": 1818609,
            "common_shares": 1405697,
            "book_valuer_per_share": 18.79,
            "book_valuer_per_share_4q_avg": 16.95,
            "equity": 2641751,
            "current_ratio": 159.35,
            "debt_ratio": 62.89,
            "inventory_turnover_ratio": 0.21,
            "account_receivable_turnover_ratio": null,
            "reinvestment_rate": 0.52,
            "research_to_sale_ratio": null,
            "price_fair": 205.33,
            "eps_avg_yearly": 5.87,
            "eps_latest_yearly": 11.2,
            "eps_growth_yearly": 395.57
        },
        "20053": {
            "year_quarter": 20053,
            "year": 2005,
            "quarter": 3,
            "eps": 1.7,
            "eps_growth_year": 42.86,
            "eps_4q": 6.93,
            "eps_4q_growth_year": 160.51,
            "roe": 8.8,
            "roe_4q": 40.88,
            "gross_profit": 380867,
            "gross_margin": 29.92,
            "gross_margin_4q_avg": 28.78,
            "net_income": 251297,
            "revenue": 1272973,
            "common_shares": 1558040,
            "book_valuer_per_share": 19.72,
            "book_valuer_per_share_4q_avg": 18.1,
            "equity": 3071681,
            "current_ratio": 156.13,
            "debt_ratio": 62.17,
            "inventory_turnover_ratio": 0.13,
            "account_receivable_turnover_ratio": null,
            "reinvestment_rate": 0.38,
            "research_to_sale_ratio": null,
            "price_fair": 210,
            "eps_avg_yearly": 6,
            "eps_latest_yearly": 6.8,
            "eps_growth_yearly": 316.61
        },
        "20054": {
            "year_quarter": 20054,
            "year": 2005,
            "quarter": 4,
            "eps": 0.85,
            "eps_growth_year": 112.5,
            "eps_4q": 7.38,
            "eps_4q_growth_year": 137.19,
            "roe": 4.04,
            "roe_4q": 42.5,
            "gross_profit": 189945,
            "gross_margin": 26.69,
            "gross_margin_4q_avg": 26.25,
            "net_income": 126885,
            "revenue": 711577,
            "common_shares": 1558040,
            "book_valuer_per_share": 20.53,
            "book_valuer_per_share_4q_avg": 19.31,
            "equity": 3208136,
            "current_ratio": 154.82,
            "debt_ratio": 63.49,
            "inventory_turnover_ratio": 0.07,
            "account_receivable_turnover_ratio": null,
            "reinvestment_rate": 1.65,
            "research_to_sale_ratio": null,
            "price_fair": 198.63,
            "eps_avg_yearly": 5.68,
            "eps_latest_yearly": 3.4,
            "eps_growth_yearly": 252.04
        },
        "20061": {
            "year_quarter": 20061,
            "year": 2006,
            "quarter": 1,
            "eps": 2.88,
            "eps_growth_year": 15.66,
            "eps_4q": 7.78,
            "eps_4q_growth_year": 56.01,
            "roe": 13.07,
            "roe_4q": 40.88,
            "gross_profit": 589795,
            "gross_margin": 26.35,
            "gross_margin_4q_avg": 28.23,
            "net_income": 447999,
            "revenue": 2238213,
            "common_shares": 1558040,
            "book_valuer_per_share": 23.4,
            "book_valuer_per_share_4q_avg": 20.61,
            "equity": 3646566,
            "current_ratio": 156.48,
            "debt_ratio": 62.31,
            "inventory_turnover_ratio": 0.2,
            "account_receivable_turnover_ratio": null,
            "reinvestment_rate": 0.25,
            "research_to_sale_ratio": null,
            "price_fair": 238.18,
            "eps_avg_yearly": 6.81,
            "eps_latest_yearly": 11.52,
            "eps_growth_yearly": 402.55
        },
        "20062": {
            "year_quarter": 20062,
            "year": 2006,
            "quarter": 2,
            "eps": 1.86,
            "eps_growth_year": -33.57,
            "eps_4q": 7.18,
            "eps_4q_growth_year": 7.31,
            "roe": 8.26,
            "roe_4q": 34.17,
            "gross_profit": 434409,
            "gross_margin": 24.65,
            "gross_margin_4q_avg": 26.9,
            "net_income": 288738,
            "revenue": 1762332,
            "common_shares": 1558040,
            "book_valuer_per_share": 21.47,
            "book_valuer_per_share_4q_avg": 21.28,
            "equity": 3344847,
            "current_ratio": 142.98,
            "debt_ratio": 68.26,
            "inventory_turnover_ratio": 0.14,
            "account_receivable_turnover_ratio": null,
            "reinvestment_rate": 0.17,
            "research_to_sale_ratio": null,
            "price_fair": 240.64,
            "eps_avg_yearly": 6.88,
            "eps_latest_yearly": 7.44,
            "eps_growth_yearly": 342.08
        },
        "20063": {
            "year_quarter": 20063,
            "year": 2006,
            "quarter": 3,
            "eps": 1.37,
            "eps_growth_year": -19.41,
            "eps_4q": 6.38,
            "eps_4q_growth_year": -7.98,
            "roe": 6.82,
            "roe_4q": 32.19,
            "gross_profit": 341672,
            "gross_margin": 27.32,
            "gross_margin_4q_avg": 26.25,
            "net_income": 236347,
            "revenue": 1250619,
            "common_shares": 1728844,
            "book_valuer_per_share": 20.71,
            "book_valuer_per_share_4q_avg": 21.53,
            "equity": 3581193,
            "current_ratio": 150.28,
            "debt_ratio": 65.06,
            "inventory_turnover_ratio": 0.09,
            "account_receivable_turnover_ratio": null,
            "reinvestment_rate": 0.13,
            "research_to_sale_ratio": null,
            "price_fair": 235.76,
            "eps_avg_yearly": 6.74,
            "eps_latest_yearly": 5.48,
            "eps_growth_yearly": 297.33
        },
        "20064": {
            "year_quarter": 20064,
            "year": 2006,
            "quarter": 4,
            "eps": 1.45,
            "eps_growth_year": 70.59,
            "eps_4q": 7.07,
            "eps_4q_growth_year": -4.16,
            "roe": 6.76,
            "roe_4q": 34.91,
            "gross_profit": 343586,
            "gross_margin": 30.4,
            "gross_margin_4q_avg": 27.18,
            "net_income": 251069,
            "revenue": 1130297,
            "common_shares": 1728844,
            "book_valuer_per_share": 22.17,
            "book_valuer_per_share_4q_avg": 21.94,
            "equity": 3844643,
            "current_ratio": 151.69,
            "debt_ratio": 65.18,
            "inventory_turnover_ratio": 0.08,
            "account_receivable_turnover_ratio": null,
            "reinvestment_rate": 0.77,
            "research_to_sale_ratio": null,
            "price_fair": 232.78,
            "eps_avg_yearly": 6.65,
            "eps_latest_yearly": 5.8,
            "eps_growth_yearly": 272.43
        },
        "20071": {
            "year_quarter": 20071,
            "year": 2007,
            "quarter": 1,
            "eps": 2.33,
            "eps_growth_year": -19.1,
            "eps_4q": 6.82,
            "eps_4q_growth_year": -12.37,
            "roe": 9.98,
            "roe_4q": 31.82,
            "gross_profit": 494753,
            "gross_margin": 31.19,
            "gross_margin_4q_avg": 28.39,
            "net_income": 403056,
            "revenue": 1586128,
            "common_shares": 1728844,
            "book_valuer_per_share": 24.5,
            "book_valuer_per_share_4q_avg": 22.21,
            "equity": 4235319,
            "current_ratio": 148.98,
            "debt_ratio": 65.85,
            "inventory_turnover_ratio": 0.1,
            "account_receivable_turnover_ratio": null,
            "reinvestment_rate": -36.36,
            "research_to_sale_ratio": null,
            "price_fair": 240.57,
            "eps_avg_yearly": 6.87,
            "eps_latest_yearly": 9.32,
            "eps_growth_yearly": 269.95
        },
        "20072": {
            "year_quarter": 20072,
            "year": 2007,
            "quarter": 2,
            "eps": 2.01,
            "eps_growth_year": 8.06,
            "eps_4q": 7.18,
            "eps_4q_growth_year": -0.06,
            "roe": 8.58,
            "roe_4q": 32.14,
            "gross_profit": 427866,
            "gross_margin": 33.17,
            "gross_margin_4q_avg": 30.52,
            "net_income": 346341,
            "revenue": 1290059,
            "common_shares": 1728844,
            "book_valuer_per_share": 22.19,
            "book_valuer_per_share_4q_avg": 22.39,
            "equity": 3837058,
            "current_ratio": 140.84,
            "debt_ratio": 69.53,
            "inventory_turnover_ratio": 0.07,
            "account_receivable_turnover_ratio": null,
            "reinvestment_rate": -32.81,
            "research_to_sale_ratio": null,
            "price_fair": 243.71,
            "eps_avg_yearly": 6.96,
            "eps_latest_yearly": 8.04,
            "eps_growth_yearly": 244.96
        },
        "20073": {
            "year_quarter": 20073,
            "year": 2007,
            "quarter": 3,
            "eps": 3.09,
            "eps_growth_year": 125.55,
            "eps_4q": 8.06,
            "eps_4q_growth_year": 26.34,
            "roe": 15.01,
            "roe_4q": 40.33,
            "gross_profit": 774406,
            "gross_margin": 31.15,
            "gross_margin_4q_avg": 31.48,
            "net_income": 622602,
            "revenue": 2486397,
            "common_shares": 2017459,
            "book_valuer_per_share": 22.11,
            "book_valuer_per_share_4q_avg": 22.74,
            "equity": 4459660,
            "current_ratio": 134.37,
            "debt_ratio": 71.8,
            "inventory_turnover_ratio": 0.13,
            "account_receivable_turnover_ratio": null,
            "reinvestment_rate": -28.35,
            "research_to_sale_ratio": null,
            "price_fair": 257.2,
            "eps_avg_yearly": 7.35,
            "eps_latest_yearly": 12.36,
            "eps_growth_yearly": 242.82
        },
        "20074": {
            "year_quarter": 20074,
            "year": 2007,
            "quarter": 4,
            "eps": 3.75,
            "eps_growth_year": 158.62,
            "eps_4q": 10.56,
            "eps_4q_growth_year": 49.36,
            "roe": 15.6,
            "roe_4q": 49.17,
            "gross_profit": 876218,
            "gross_margin": 34.59,
            "gross_margin_4q_avg": 32.53,
            "net_income": 755573,
            "revenue": 2533226,
            "common_shares": 2017459,
            "book_valuer_per_share": 25.85,
            "book_valuer_per_share_4q_avg": 23.66,
            "equity": 5227679,
            "current_ratio": 135.81,
            "debt_ratio": 72.84,
            "inventory_turnover_ratio": 0.1,
            "account_receivable_turnover_ratio": null,
            "reinvestment_rate": -22.98,
            "research_to_sale_ratio": null,
            "price_fair": 275.05,
            "eps_avg_yearly": 7.86,
            "eps_latest_yearly": 15,
            "eps_growth_yearly": 232.33
        },
        "20081": {
            "year_quarter": 20081,
            "year": 2008,
            "quarter": 1,
            "eps": 3.35,
            "eps_growth_year": 43.78,
            "eps_4q": 11.91,
            "eps_4q_growth_year": 74.77,
            "roe": 12.13,
            "roe_4q": 51.32,
            "gross_profit": 942319,
            "gross_margin": 39.51,
            "gross_margin_4q_avg": 34.61,
            "net_income": 674952,
            "revenue": 2384860,
            "common_shares": 2017459,
            "book_valuer_per_share": 29.2,
            "book_valuer_per_share_4q_avg": 24.84,
            "equity": 5902631,
            "current_ratio": 142.45,
            "debt_ratio": 69.31,
            "inventory_turnover_ratio": 0.08,
            "account_receivable_turnover_ratio": null,
            "reinvestment_rate": -20.88,
            "research_to_sale_ratio": null,
            "price_fair": 287.18,
            "eps_avg_yearly": 8.21,
            "eps_latest_yearly": 13.4,
            "eps_growth_yearly": 215.14
        },
        "20082": {
            "year_quarter": 20082,
            "year": 2008,
            "quarter": 2,
            "eps": 2.94,
            "eps_growth_year": 46.27,
            "eps_4q": 13.12,
            "eps_4q_growth_year": 82.79,
            "roe": 10.57,
            "roe_4q": 53.31,
            "gross_profit": 793899,
            "gross_margin": 36.69,
            "gross_margin_4q_avg": 35.49,
            "net_income": 592877,
            "revenue": 2163596,
            "common_shares": 2017459,
            "book_valuer_per_share": 26.28,
            "book_valuer_per_share_4q_avg": 25.86,
            "equity": 5313875,
            "current_ratio": 128.2,
            "debt_ratio": 77.37,
            "inventory_turnover_ratio": 0.07,
            "account_receivable_turnover_ratio": null,
            "reinvestment_rate": -19.17,
            "research_to_sale_ratio": null,
            "price_fair": 301.53,
            "eps_avg_yearly": 8.62,
            "eps_latest_yearly": 11.76,
            "eps_growth_yearly": 163.21
        },
        "20083": {
            "year_quarter": 20083,
            "year": 2008,
            "quarter": 3,
            "eps": 3.39,
            "eps_growth_year": 9.71,
            "eps_4q": 12.09,
            "eps_4q_growth_year": 50.03,
            "roe": 13.82,
            "roe_4q": 52.120000000000005,
            "gross_profit": 998988,
            "gross_margin": 37.68,
            "gross_margin_4q_avg": 37.12,
            "net_income": 789055,
            "revenue": 2651523,
            "common_shares": 2332077,
            "book_valuer_per_share": 26.12,
            "book_valuer_per_share_4q_avg": 26.86,
            "equity": 6102928,
            "current_ratio": 136.67,
            "debt_ratio": 75.85,
            "inventory_turnover_ratio": 0.07,
            "account_receivable_turnover_ratio": null,
            "reinvestment_rate": -17.24,
            "research_to_sale_ratio": null,
            "price_fair": 320.78,
            "eps_avg_yearly": 9.17,
            "eps_latest_yearly": 13.56,
            "eps_growth_yearly": 169.16
        },
        "20084": {
            "year_quarter": 20084,
            "year": 2008,
            "quarter": 4,
            "eps": 2.2,
            "eps_growth_year": -41.33,
            "eps_4q": 11.01,
            "eps_4q_growth_year": 4.26,
            "roe": 8.08,
            "roe_4q": 44.6,
            "gross_profit": 773384,
            "gross_margin": 25.26,
            "gross_margin_4q_avg": 34.79,
            "net_income": 513522,
            "revenue": 3062048,
            "common_shares": 2332077,
            "book_valuer_per_share": 28.29,
            "book_valuer_per_share_4q_avg": 27.47,
            "equity": 6610913,
            "current_ratio": 152.73,
            "debt_ratio": 68.86,
            "inventory_turnover_ratio": 0.11,
            "account_receivable_turnover_ratio": null,
            "reinvestment_rate": 0.1,
            "research_to_sale_ratio": null,
            "price_fair": 336.53,
            "eps_avg_yearly": 9.62,
            "eps_latest_yearly": 8.8,
            "eps_growth_yearly": 176.98
        },
        "20091": {
            "year_quarter": 20091,
            "year": 2009,
            "quarter": 1,
            "eps": 3.29,
            "eps_growth_year": -1.79,
            "eps_4q": 11.43,
            "eps_4q_growth_year": -4.07,
            "roe": 10.95,
            "roe_4q": 43.42,
            "gross_profit": 1002588,
            "gross_margin": 36.52,
            "gross_margin_4q_avg": 34.04,
            "net_income": 765728,
            "revenue": 2745060,
            "common_shares": 2332077,
            "book_valuer_per_share": 31.58,
            "book_valuer_per_share_4q_avg": 28.07,
            "equity": 7376675,
            "current_ratio": 163.93,
            "debt_ratio": 64.29,
            "inventory_turnover_ratio": 0.09,
            "account_receivable_turnover_ratio": null,
            "reinvestment_rate": 0.17,
            "research_to_sale_ratio": null,
            "price_fair": 343.53,
            "eps_avg_yearly": 9.82,
            "eps_latest_yearly": 13.16,
            "eps_growth_yearly": 58.74
        },
        "20092": {
            "year_quarter": 20092,
            "year": 2009,
            "quarter": 2,
            "eps": 1.53,
            "eps_growth_year": -47.96,
            "eps_4q": 10.4,
            "eps_4q_growth_year": -20.72,
            "roe": 4.99,
            "roe_4q": 37.84,
            "gross_profit": 877626,
            "gross_margin": 39.03,
            "gross_margin_4q_avg": 34.62,
            "net_income": 356690,
            "revenue": 2248793,
            "common_shares": 2377630,
            "book_valuer_per_share": 29.14,
            "book_valuer_per_share_4q_avg": 28.78,
            "equity": 6927533,
            "current_ratio": 157.78,
            "debt_ratio": 65.8,
            "inventory_turnover_ratio": 0.07,
            "account_receivable_turnover_ratio": 64.28,
            "reinvestment_rate": 0.07,
            "research_to_sale_ratio": null,
            "price_fair": 332.41,
            "eps_avg_yearly": 9.5,
            "eps_latest_yearly": 6.12,
            "eps_growth_yearly": 42.25
        },
        "20093": {
            "year_quarter": 20093,
            "year": 2009,
            "quarter": 3,
            "eps": 3.49,
            "eps_growth_year": 2.95,
            "eps_4q": 10.43,
            "eps_4q_growth_year": -13.74,
            "roe": 11.12,
            "roe_4q": 35.14,
            "gross_profit": 1016475,
            "gross_margin": 32.84,
            "gross_margin_4q_avg": 33.41,
            "net_income": 822861,
            "revenue": 3094792,
            "common_shares": 2394328,
            "book_valuer_per_share": 32.88,
            "book_valuer_per_share_4q_avg": 30.47,
            "equity": 7873602,
            "current_ratio": 158.14,
            "debt_ratio": 62.83,
            "inventory_turnover_ratio": 0.11,
            "account_receivable_turnover_ratio": 44.57,
            "reinvestment_rate": 0.07,
            "research_to_sale_ratio": null,
            "price_fair": 348.08,
            "eps_avg_yearly": 9.95,
            "eps_latest_yearly": 13.96,
            "eps_growth_yearly": 84.1
        },
        "20094": {
            "year_quarter": 20094,
            "year": 2009,
            "quarter": 4,
            "eps": 2.61,
            "eps_growth_year": 18.64,
            "eps_4q": 10.82,
            "eps_4q_growth_year": -1.76,
            "roe": 7.49,
            "roe_4q": 34.55,
            "gross_profit": 729872,
            "gross_margin": 56.51,
            "gross_margin_4q_avg": 41.23,
            "net_income": 618951,
            "revenue": 1291563,
            "common_shares": 2416946,
            "book_valuer_per_share": 35.83,
            "book_valuer_per_share_4q_avg": 32.36,
            "equity": 8660362,
            "current_ratio": 205.81,
            "debt_ratio": 48.35,
            "inventory_turnover_ratio": 0.03,
            "account_receivable_turnover_ratio": 22.42,
            "reinvestment_rate": -0.18,
            "research_to_sale_ratio": null,
            "price_fair": 363.48,
            "eps_avg_yearly": 10.39,
            "eps_latest_yearly": 10.44,
            "eps_growth_yearly": 90.3
        },
        "20101": {
            "year_quarter": 20101,
            "year": 2010,
            "quarter": 1,
            "eps": null,
            "eps_growth_year": null,
            "eps_4q": null,
            "eps_4q_growth_year": null,
            "roe": null,
            "roe_4q": 23.6,
            "gross_profit": 800417,
            "gross_margin": null,
            "gross_margin_4q_avg": 32.1,
            "net_income": 633947,
            "revenue": 2736187,
            "common_shares": 2438994,
            "book_valuer_per_share": 38.79,
            "book_valuer_per_share_4q_avg": 34.16,
            "equity": 9459858,
            "current_ratio": 222.9,
            "debt_ratio": 44.7,
            "inventory_turnover_ratio": null,
            "account_receivable_turnover_ratio": null,
            "reinvestment_rate": null,
            "research_to_sale_ratio": null,
            "price_fair": 360.83,
            "eps_avg_yearly": 10.31,
            "eps_latest_yearly": 10.44,
            "eps_growth_yearly": 32.63
        },
        "20102": {
            "year_quarter": 20102,
            "year": 2010,
            "quarter": 2,
            "eps": 2.67,
            "eps_growth_year": 74.59,
            "eps_4q": 8.24,
            "eps_4q_growth_year": -20.75,
            "roe": 7.6,
            "roe_4q": 26.21,
            "gross_profit": 920978,
            "gross_margin": 42.86,
            "gross_margin_4q_avg": 33.05,
            "net_income": 691155,
            "revenue": 2148697,
            "common_shares": 2443314,
            "book_valuer_per_share": 35.74,
            "book_valuer_per_share_4q_avg": 35.81,
            "equity": 8727126,
            "current_ratio": 160.6,
            "debt_ratio": 61.98,
            "inventory_turnover_ratio": 0.07,
            "account_receivable_turnover_ratio": 62.89,
            "reinvestment_rate": 1.35,
            "research_to_sale_ratio": null,
            "price_fair": 368,
            "eps_avg_yearly": 10.51,
            "eps_latest_yearly": 10.44,
            "eps_growth_yearly": 45.08
        },
        "20103": {
            "year_quarter": 20103,
            "year": 2010,
            "quarter": 3,
            "eps": 1.93,
            "eps_growth_year": -44.75,
            "eps_4q": 6.97,
            "eps_4q_growth_year": -33.14,
            "roe": 5.55,
            "roe_4q": 20.64,
            "gross_profit": 742144,
            "gross_margin": 34.59,
            "gross_margin_4q_avg": 33.49,
            "net_income": 500958,
            "revenue": 2145499,
            "common_shares": 2599779,
            "book_valuer_per_share": 35.9,
            "book_valuer_per_share_4q_avg": 36.57,
            "equity": 9327414,
            "current_ratio": 192.6,
            "debt_ratio": 52.58,
            "inventory_turnover_ratio": 0.07,
            "account_receivable_turnover_ratio": 41.93,
            "reinvestment_rate": 1.56,
            "research_to_sale_ratio": null,
            "price_fair": 373.6,
            "eps_avg_yearly": 10.67,
            "eps_latest_yearly": 7.72,
            "eps_growth_yearly": 44.69
        },
        "20104": {
            "year_quarter": 20104,
            "year": 2010,
            "quarter": 4,
            "eps": 4.22,
            "eps_growth_year": 61.7,
            "eps_4q": 8.79,
            "eps_4q_growth_year": -18.69,
            "roe": 11.1,
            "roe_4q": 24.25,
            "gross_profit": 1181826,
            "gross_margin": 42.15,
            "gross_margin_4q_avg": 29.9,
            "net_income": 1099940,
            "revenue": 2803892,
            "common_shares": 2607884,
            "book_valuer_per_share": 40.28,
            "book_valuer_per_share_4q_avg": 37.68,
            "equity": 10497319,
            "current_ratio": 188.07,
            "debt_ratio": 53.83,
            "inventory_turnover_ratio": 0.09,
            "account_receivable_turnover_ratio": 114.48,
            "reinvestment_rate": 0.81,
            "research_to_sale_ratio": null,
            "price_fair": 401.3,
            "eps_avg_yearly": 11.47,
            "eps_latest_yearly": 16.88,
            "eps_growth_yearly": 76.92
        },
        "20111": {
            "year_quarter": 20111,
            "year": 2011,
            "quarter": 1,
            "eps": 3.93,
            "eps_growth_year": null,
            "eps_4q": 12.71,
            "eps_4q_growth_year": null,
            "roe": 9.29,
            "roe_4q": 33.54,
            "gross_profit": 1153504,
            "gross_margin": 41.2,
            "gross_margin_4q_avg": 40.2,
            "net_income": 1023324,
            "revenue": 2799874,
            "common_shares": 2609350,
            "book_valuer_per_share": 44.2,
            "book_valuer_per_share_4q_avg": 39.03,
            "equity": 11524990,
            "current_ratio": 185.06,
            "debt_ratio": 54.39,
            "inventory_turnover_ratio": 0.08,
            "account_receivable_turnover_ratio": 247.6,
            "reinvestment_rate": 2.02,
            "research_to_sale_ratio": null,
            "price_fair": 417.3,
            "eps_avg_yearly": 11.92,
            "eps_latest_yearly": 15.72,
            "eps_growth_yearly": 57.62
        },
        "20112": {
            "year_quarter": 20112,
            "year": 2011,
            "quarter": 2,
            "eps": 2.21,
            "eps_growth_year": -17.16,
            "eps_4q": 11.97,
            "eps_4q_growth_year": 45.18,
            "roe": 5.35,
            "roe_4q": 31.29,
            "gross_profit": 736694,
            "gross_margin": 38.75,
            "gross_margin_4q_avg": 39.17,
            "net_income": 595279,
            "revenue": 1900947,
            "common_shares": 2613475,
            "book_valuer_per_share": 40.32,
            "book_valuer_per_share_4q_avg": 40.18,
            "equity": 10730702,
            "current_ratio": 165.86,
            "debt_ratio": 60.87,
            "inventory_turnover_ratio": 0.05,
            "account_receivable_turnover_ratio": 15.69,
            "reinvestment_rate": 0.69,
            "research_to_sale_ratio": null,
            "price_fair": 419.3,
            "eps_avg_yearly": 11.98,
            "eps_latest_yearly": 8.84,
            "eps_growth_yearly": 49.04
        },
        "20113": {
            "year_quarter": 20113,
            "year": 2011,
            "quarter": 3,
            "eps": 2.34,
            "eps_growth_year": 21.22,
            "eps_4q": 12.36,
            "eps_4q_growth_year": 77.33,
            "roe": 5.71,
            "roe_4q": 31.449999999999996,
            "gross_profit": 837328,
            "gross_margin": 39.53,
            "gross_margin_4q_avg": 40.41,
            "net_income": 635537,
            "revenue": 2118428,
            "common_shares": 2713850,
            "book_valuer_per_share": 41.71,
            "book_valuer_per_share_4q_avg": 41.63,
            "equity": 11529891,
            "current_ratio": 178.7,
            "debt_ratio": 56.54,
            "inventory_turnover_ratio": 0.05,
            "account_receivable_turnover_ratio": 17.4,
            "reinvestment_rate": 0.67,
            "research_to_sale_ratio": null,
            "price_fair": 411.8,
            "eps_avg_yearly": 11.77,
            "eps_latest_yearly": 9.36,
            "eps_growth_yearly": 35.37
        },
        "20114": {
            "year_quarter": 20114,
            "year": 2011,
            "quarter": 4,
            "eps": 2.01,
            "eps_growth_year": -52.32,
            "eps_4q": 10.32,
            "eps_4q_growth_year": 17.32,
            "roe": 4.59,
            "roe_4q": 24.939999999999998,
            "gross_profit": 678711,
            "gross_margin": 40.42,
            "gross_margin_4q_avg": 39.98,
            "net_income": 542443,
            "revenue": 1679280,
            "common_shares": 2713850,
            "book_valuer_per_share": 43.86,
            "book_valuer_per_share_4q_avg": 42.52,
            "equity": 12113266,
            "current_ratio": 223.25,
            "debt_ratio": 50.71,
            "inventory_turnover_ratio": 0.04,
            "account_receivable_turnover_ratio": 205.18,
            "reinvestment_rate": 0.44,
            "research_to_sale_ratio": null,
            "price_fair": 394.4,
            "eps_avg_yearly": 11.27,
            "eps_latest_yearly": 8.04,
            "eps_growth_yearly": 25.23
        },
        "20121": {
            "year_quarter": 20121,
            "year": 2012,
            "quarter": 1,
            "eps": 0.63,
            "eps_growth_year": -83.97,
            "eps_4q": 7.18,
            "eps_4q_growth_year": -43.53,
            "roe": 1.41,
            "roe_4q": 17.060000000000002,
            "gross_profit": 259629,
            "gross_margin": 37.36,
            "gross_margin_4q_avg": 39.02,
            "net_income": 171515,
            "revenue": 694940,
            "common_shares": 2713850,
            "book_valuer_per_share": 44.43,
            "book_valuer_per_share_4q_avg": 42.58,
            "equity": 12259627,
            "current_ratio": 212.81,
            "debt_ratio": 51.74,
            "inventory_turnover_ratio": 0.02,
            "account_receivable_turnover_ratio": 70.25,
            "reinvestment_rate": 0.49,
            "research_to_sale_ratio": null,
            "price_fair": 195.82,
            "eps_avg_yearly": 10.49,
            "eps_latest_yearly": 2.52,
            "eps_growth_yearly": 8.66
        },
        "20122": {
            "year_quarter": 20122,
            "year": 2012,
            "quarter": 2,
            "eps": 0.25,
            "eps_growth_year": -88.85,
            "eps_4q": 5.13,
            "eps_4q_growth_year": -57.11,
            "roe": 0.58,
            "roe_4q": 12.29,
            "gross_profit": 280067,
            "gross_margin": 36.19,
            "gross_margin_4q_avg": 38.38,
            "net_income": 66370,
            "revenue": 773871,
            "common_shares": 2713850,
            "book_valuer_per_share": 39.1,
            "book_valuer_per_share_4q_avg": 42.28,
            "equity": 10814805,
            "current_ratio": 171.99,
            "debt_ratio": 61.39,
            "inventory_turnover_ratio": 0.02,
            "account_receivable_turnover_ratio": 68,
            "reinvestment_rate": 0.4,
            "research_to_sale_ratio": null,
            "price_fair": 29.17,
            "eps_avg_yearly": 9.72,
            "eps_latest_yearly": 1,
            "eps_growth_yearly": -5.07
        },
        "20123": {
            "year_quarter": 20123,
            "year": 2012,
            "quarter": 3,
            "eps": 0.17,
            "eps_growth_year": -92.74,
            "eps_4q": 3.01,
            "eps_4q_growth_year": -75.64,
            "roe": 0.42,
            "roe_4q": 7,
            "gross_profit": 221638,
            "gross_margin": 43.68,
            "gross_margin_4q_avg": 39.41,
            "net_income": 45139,
            "revenue": 507422,
            "common_shares": 2768127,
            "book_valuer_per_share": 38.45,
            "book_valuer_per_share_4q_avg": 41.46,
            "equity": 10841024,
            "current_ratio": 166.28,
            "debt_ratio": 64.85,
            "inventory_turnover_ratio": 0.01,
            "account_receivable_turnover_ratio": 51.1,
            "reinvestment_rate": 0.42,
            "research_to_sale_ratio": null,
            "price_fair": 26.41,
            "eps_avg_yearly": 8.8,
            "eps_latest_yearly": 0.68,
            "eps_growth_yearly": -18.59
        },
        "20124": {
            "year_quarter": 20124,
            "year": 2012,
            "quarter": 4,
            "eps": 5.06,
            "eps_growth_year": 151.28,
            "eps_4q": 6.1,
            "eps_4q_growth_year": -40.92,
            "roe": 12.03,
            "roe_4q": 14.44,
            "gross_profit": 1523877,
            "gross_margin": 42.81,
            "gross_margin_4q_avg": 40.01,
            "net_income": 1396832,
            "revenue": 3559826,
            "common_shares": 2768127,
            "book_valuer_per_share": 43.49,
            "book_valuer_per_share_4q_avg": 41.37,
            "equity": 12373705,
            "current_ratio": 204.42,
            "debt_ratio": 54.07,
            "inventory_turnover_ratio": 0.08,
            "account_receivable_turnover_ratio": 345.82,
            "reinvestment_rate": 0.4,
            "research_to_sale_ratio": null,
            "price_fair": 336.7,
            "eps_avg_yearly": 9.62,
            "eps_latest_yearly": 20.24,
            "eps_growth_yearly": 813.29
        },
        "20131": {
            "year_quarter": 20131,
            "year": 2013,
            "quarter": 1,
            "eps": 11.32,
            "eps_growth_year": 1696.83,
            "eps_4q": 16.8,
            "eps_4q_growth_year": 133.96,
            "roe": 23.14,
            "roe_4q": 36.17,
            "gross_profit": 3300080,
            "gross_margin": 40.17,
            "gross_margin_4q_avg": 40.71,
            "net_income": 3129806,
            "revenue": 8214878,
            "common_shares": 2768127,
            "book_valuer_per_share": 51.79,
            "book_valuer_per_share_4q_avg": 43.21,
            "equity": 14678912,
            "current_ratio": 344.02,
            "debt_ratio": 34.42,
            "inventory_turnover_ratio": 0.22,
            "account_receivable_turnover_ratio": 145.17,
            "reinvestment_rate": 0.34,
            "research_to_sale_ratio": null,
            "price_fair": 417,
            "eps_avg_yearly": 11.91,
            "eps_latest_yearly": 45.28,
            "eps_growth_yearly": 834.48
        },
        "20132": {
            "year_quarter": 20132,
            "year": 2013,
            "quarter": 2,
            "eps": -0.4,
            "eps_growth_year": -262.17,
            "eps_4q": 16.15,
            "eps_4q_growth_year": 214.7,
            "roe": -0.8,
            "roe_4q": 34.79,
            "gross_profit": 64087,
            "gross_margin": 31.16,
            "gross_margin_4q_avg": 39.46,
            "net_income": -111996,
            "revenue": 205645,
            "common_shares": 2768127,
            "book_valuer_per_share": 46.46,
            "book_valuer_per_share_4q_avg": 45.05,
            "equity": 13209322,
            "current_ratio": 185.13,
            "debt_ratio": 54.92,
            "inventory_turnover_ratio": 0.01,
            "account_receivable_turnover_ratio": 3.02,
            "reinvestment_rate": 0.4,
            "research_to_sale_ratio": null,
            "price_fair": 432.6,
            "eps_avg_yearly": 12.36,
            "eps_latest_yearly": 45.28,
            "eps_growth_yearly": 915.13
        },
        "20133": {
            "year_quarter": 20133,
            "year": 2013,
            "quarter": 3,
            "eps": -0.31,
            "eps_growth_year": -282.79,
            "eps_4q": 15.68,
            "eps_4q_growth_year": 420.62,
            "roe": -0.66,
            "roe_4q": 33.71,
            "gross_profit": 36946,
            "gross_margin": 34.12,
            "gross_margin_4q_avg": 37.07,
            "net_income": -86901,
            "revenue": 108277,
            "common_shares": 2768127,
            "book_valuer_per_share": 46.11,
            "book_valuer_per_share_4q_avg": 46.96,
            "equity": 13104489,
            "current_ratio": 187.4,
            "debt_ratio": 57.83,
            "inventory_turnover_ratio": 0,
            "account_receivable_turnover_ratio": 1.3,
            "reinvestment_rate": 0.46,
            "research_to_sale_ratio": null,
            "price_fair": 427.93,
            "eps_avg_yearly": 12.23,
            "eps_latest_yearly": 45.28,
            "eps_growth_yearly": 948.69
        },
        "20134": {
            "year_quarter": 20134,
            "year": 2013,
            "quarter": 4,
            "eps": 0.46,
            "eps_growth_year": -90.89,
            "eps_4q": 11.08,
            "eps_4q_growth_year": 81.8,
            "roe": 1.51,
            "roe_4q": 23.19,
            "gross_profit": 497411,
            "gross_margin": 28.58,
            "gross_margin_4q_avg": 33.51,
            "net_income": 199929,
            "revenue": 1740614,
            "common_shares": 2768127,
            "book_valuer_per_share": 46.67,
            "book_valuer_per_share_4q_avg": 47.76,
            "equity": 13341726,
            "current_ratio": 181.21,
            "debt_ratio": 58.62,
            "inventory_turnover_ratio": 0.05,
            "account_receivable_turnover_ratio": 18.06,
            "reinvestment_rate": 0.57,
            "research_to_sale_ratio": null,
            "price_fair": 433.62,
            "eps_avg_yearly": 12.39,
            "eps_latest_yearly": 45.28,
            "eps_growth_yearly": 1044.11
        },
        "20141": {
            "year_quarter": 20141,
            "year": 2014,
            "quarter": 1,
            "eps": -0.29,
            "eps_growth_year": -102.56,
            "eps_4q": -0.53,
            "eps_4q_growth_year": -103.16,
            "roe": -0.48,
            "roe_4q": -0.43000000000000005,
            "gross_profit": 117703,
            "gross_margin": 29.96,
            "gross_margin_4q_avg": 30.96,
            "net_income": -64170,
            "revenue": 392832,
            "common_shares": 2768127,
            "book_valuer_per_share": 46.36,
            "book_valuer_per_share_4q_avg": 46.4,
            "equity": 13268689,
            "current_ratio": 176.04,
            "debt_ratio": 60.14,
            "inventory_turnover_ratio": 0.01,
            "account_receivable_turnover_ratio": 6.7,
            "reinvestment_rate": 0.62,
            "research_to_sale_ratio": null,
            "price_fair": 433.62,
            "eps_avg_yearly": 12.39,
            "eps_latest_yearly": 45.28,
            "eps_growth_yearly": 1044.11
        },
        "20142": {
            "year_quarter": 20142,
            "year": 2014,
            "quarter": 2,
            "eps": -0.95,
            "eps_growth_year": null,
            "eps_4q": -1.08,
            "eps_4q_growth_year": -106.69,
            "roe": -2.02,
            "roe_4q": -1.65,
            "gross_profit": 88414,
            "gross_margin": 26.89,
            "gross_margin_4q_avg": 29.89,
            "net_income": -249307,
            "revenue": 328757,
            "common_shares": 2768127,
            "book_valuer_per_share": 39.82,
            "book_valuer_per_share_4q_avg": 44.74,
            "equity": 11462803,
            "current_ratio": 151.33,
            "debt_ratio": 68.62,
            "inventory_turnover_ratio": 0.01,
            "account_receivable_turnover_ratio": 8.58,
            "reinvestment_rate": -0.67,
            "research_to_sale_ratio": null,
            "price_fair": 433.62,
            "eps_avg_yearly": 12.39,
            "eps_latest_yearly": 45.28,
            "eps_growth_yearly": 1044.11
        },
        "20143": {
            "year_quarter": 20143,
            "year": 2014,
            "quarter": 3,
            "eps": 0.51,
            "eps_growth_year": null,
            "eps_4q": -0.27,
            "eps_4q_growth_year": -101.72,
            "roe": 1.25,
            "roe_4q": 0.26,
            "gross_profit": 331360,
            "gross_margin": 46.56,
            "gross_margin_4q_avg": 33,
            "net_income": 143376,
            "revenue": 711728,
            "common_shares": 2768127,
            "book_valuer_per_share": 40.46,
            "book_valuer_per_share_4q_avg": 43.33,
            "equity": 11542715,
            "current_ratio": 153.48,
            "debt_ratio": 69.4,
            "inventory_turnover_ratio": 0.01,
            "account_receivable_turnover_ratio": 44.34,
            "reinvestment_rate": -1.06,
            "research_to_sale_ratio": null,
            "price_fair": 449.96,
            "eps_avg_yearly": 12.86,
            "eps_latest_yearly": 45.28,
            "eps_growth_yearly": 1159.6
        },
        "20144": {
            "year_quarter": 20144,
            "year": 2014,
            "quarter": 4,
            "eps": 5.81,
            "eps_growth_year": 1162.19,
            "eps_4q": 5.08,
            "eps_4q_growth_year": -54.13,
            "roe": 13.01,
            "roe_4q": 11.76,
            "gross_profit": 1837669,
            "gross_margin": 36.69,
            "gross_margin_4q_avg": 35.03,
            "net_income": 1609040,
            "revenue": 5008511,
            "common_shares": 2768127,
            "book_valuer_per_share": 46.41,
            "book_valuer_per_share_4q_avg": 43.26,
            "equity": 13199972,
            "current_ratio": 172.35,
            "debt_ratio": 62.22,
            "inventory_turnover_ratio": 0.11,
            "account_receivable_turnover_ratio": 105.88,
            "reinvestment_rate": -0.49,
            "research_to_sale_ratio": null,
            "price_fair": 472.22,
            "eps_avg_yearly": 13.49,
            "eps_latest_yearly": 23.24,
            "eps_growth_yearly": 1527.83
        },
        "20151": {
            "year_quarter": 20151,
            "year": 2015,
            "quarter": 1,
            "eps": 4.22,
            "eps_growth_year": null,
            "eps_4q": 9.59,
            "eps_4q_growth_year": null,
            "roe": 8.49,
            "roe_4q": 20.73,
            "gross_profit": 1363487,
            "gross_margin": 52.74,
            "gross_margin_4q_avg": 40.72,
            "net_income": 1169817,
            "revenue": 2585117,
            "common_shares": 2768127,
            "book_valuer_per_share": 50.59,
            "book_valuer_per_share_4q_avg": 44.32,
            "equity": 14355067,
            "current_ratio": 176.49,
            "debt_ratio": 60.11,
            "inventory_turnover_ratio": 0.04,
            "account_receivable_turnover_ratio": 33.34,
            "reinvestment_rate": -1.76,
            "research_to_sale_ratio": null,
            "price_fair": 476.28,
            "eps_avg_yearly": 13.61,
            "eps_latest_yearly": 16.88,
            "eps_growth_yearly": 1519.63
        },
        "20152": {
            "year_quarter": 20152,
            "year": 2015,
            "quarter": 2,
            "eps": 2.6,
            "eps_growth_year": null,
            "eps_4q": 13.13,
            "eps_4q_growth_year": null,
            "roe": 5.14,
            "roe_4q": 27.89,
            "gross_profit": 892380,
            "gross_margin": 52.79,
            "gross_margin_4q_avg": 47.2,
            "net_income": 719666,
            "revenue": 1690567,
            "common_shares": 2768127,
            "book_valuer_per_share": 48.12,
            "book_valuer_per_share_4q_avg": 46.4,
            "equity": 13668789,
            "current_ratio": 167.23,
            "debt_ratio": 62.56,
            "inventory_turnover_ratio": 0.03,
            "account_receivable_turnover_ratio": 19.57,
            "reinvestment_rate": -0.23,
            "research_to_sale_ratio": null,
            "price_fair": 481.74,
            "eps_avg_yearly": 13.76,
            "eps_latest_yearly": 10.4,
            "eps_growth_yearly": 1521.78
        },
        "20153": {
            "year_quarter": 20153,
            "year": 2015,
            "quarter": 3,
            "eps": 1.3,
            "eps_growth_year": 154.9,
            "eps_4q": 13.93,
            "eps_4q_growth_year": null,
            "roe": 2.62,
            "roe_4q": 29.259999999999998,
            "gross_profit": 468640,
            "gross_margin": 43.11,
            "gross_margin_4q_avg": 46.33,
            "net_income": 363598,
            "revenue": 1087118,
            "common_shares": 2768127,
            "book_valuer_per_share": 49.6,
            "book_valuer_per_share_4q_avg": 48.68,
            "equity": 14095736,
            "current_ratio": 173.49,
            "debt_ratio": 61.71,
            "inventory_turnover_ratio": 0.02,
            "account_receivable_turnover_ratio": 10.19,
            "reinvestment_rate": -0.13,
            "research_to_sale_ratio": null,
            "price_fair": 467.18,
            "eps_avg_yearly": 13.35,
            "eps_latest_yearly": 5.2,
            "eps_growth_yearly": 1499.43
        },
        "20154": {
            "year_quarter": 20154,
            "year": 2015,
            "quarter": 4,
            "eps": 1.47,
            "eps_growth_year": -74.75,
            "eps_4q": 9.59,
            "eps_4q_growth_year": 88.57,
            "roe": 2.87,
            "roe_4q": 19.119999999999997,
            "gross_profit": 666512,
            "gross_margin": 30.53,
            "gross_margin_4q_avg": 44.79,
            "net_income": 408977,
            "revenue": 2183347,
            "common_shares": 2768127,
            "book_valuer_per_share": 50.88,
            "book_valuer_per_share_4q_avg": 49.8,
            "equity": 14417726,
            "current_ratio": 173.75,
            "debt_ratio": 61.18,
            "inventory_turnover_ratio": 0.05,
            "account_receivable_turnover_ratio": 25.62,
            "reinvestment_rate": -0.06,
            "research_to_sale_ratio": null,
            "price_fair": 459.62,
            "eps_avg_yearly": 13.13,
            "eps_latest_yearly": 5.88,
            "eps_growth_yearly": 1510.3
        },
        "20161": {
            "year_quarter": 20161,
            "year": 2016,
            "quarter": 1,
            "eps": -0.13,
            "eps_growth_year": -103.08,
            "eps_4q": 5.23,
            "eps_4q_growth_year": -45.43,
            "roe": -0.24,
            "roe_4q": 10.39,
            "gross_profit": 78350,
            "gross_margin": 31.01,
            "gross_margin_4q_avg": 39.36,
            "net_income": -35078,
            "revenue": 252661,
            "common_shares": 2768127,
            "book_valuer_per_share": 50.75,
            "book_valuer_per_share_4q_avg": 49.84,
            "equity": 14374452,
            "current_ratio": 169.81,
            "debt_ratio": 61.63,
            "inventory_turnover_ratio": 0.01,
            "account_receivable_turnover_ratio": 3.75,
            "reinvestment_rate": -0.16,
            "research_to_sale_ratio": null,
            "price_fair": 500.89,
            "eps_avg_yearly": 14.31,
            "eps_latest_yearly": 5.88,
            "eps_growth_yearly": 1708.62
        },
        "20162": {
            "year_quarter": 20162,
            "year": 2016,
            "quarter": 2,
            "eps": -0.16,
            "eps_growth_year": -106.15,
            "eps_4q": 2.48,
            "eps_4q_growth_year": -81.15,
            "roe": -0.28,
            "roe_4q": 4.970000000000001,
            "gross_profit": 224165,
            "gross_margin": 27.93,
            "gross_margin_4q_avg": 33.15,
            "net_income": -37687,
            "revenue": 802566,
            "common_shares": 2768127,
            "book_valuer_per_share": 44.99,
            "book_valuer_per_share_4q_avg": 49.06,
            "equity": 12761199,
            "current_ratio": 154.02,
            "debt_ratio": 66.73,
            "inventory_turnover_ratio": 0.02,
            "account_receivable_turnover_ratio": 12.51,
            "reinvestment_rate": -0.12,
            "research_to_sale_ratio": null,
            "price_fair": 559.13,
            "eps_avg_yearly": 15.98,
            "eps_latest_yearly": 5.88,
            "eps_growth_yearly": 1952.36
        },
        "20163": {
            "year_quarter": 20163,
            "year": 2016,
            "quarter": 3,
            "eps": 4.09,
            "eps_growth_year": 214.62,
            "eps_4q": 5.26,
            "eps_4q_growth_year": -62.23,
            "roe": 8.52,
            "roe_4q": 10.870000000000001,
            "gross_profit": 1527736,
            "gross_margin": 29.96,
            "gross_margin_4q_avg": 29.86,
            "net_income": 1134041,
            "revenue": 5099361,
            "common_shares": 2768127,
            "book_valuer_per_share": 48.96,
            "book_valuer_per_share_4q_avg": 48.9,
            "equity": 13852375,
            "current_ratio": 172.28,
            "debt_ratio": 61.83,
            "inventory_turnover_ratio": 0.11,
            "account_receivable_turnover_ratio": 92.51,
            "reinvestment_rate": -0.11,
            "research_to_sale_ratio": null,
            "price_fair": 635.6,
            "eps_avg_yearly": 18.16,
            "eps_latest_yearly": 5.88,
            "eps_growth_yearly": 2249.56
        },
        "20164": {
            "year_quarter": 20164,
            "year": 2016,
            "quarter": 4,
            "eps": 4.94,
            "eps_growth_year": 236.34,
            "eps_4q": 8.73,
            "eps_4q_growth_year": -8.93,
            "roe": 9.44,
            "roe_4q": 17.44,
            "gross_profit": 1792683,
            "gross_margin": 31.82,
            "gross_margin_4q_avg": 30.18,
            "net_income": 1371519,
            "revenue": 5634399,
            "common_shares": 2768127,
            "book_valuer_per_share": 53.84,
            "book_valuer_per_share_4q_avg": 49.64,
            "equity": 15203797,
            "current_ratio": 191.49,
            "debt_ratio": 55.8,
            "inventory_turnover_ratio": 0.13,
            "account_receivable_turnover_ratio": 142.76,
            "reinvestment_rate": -0.13,
            "research_to_sale_ratio": null,
            "price_fair": 633.2,
            "eps_avg_yearly": 18.09,
            "eps_latest_yearly": 19.76,
            "eps_growth_yearly": 617.73
        },
        "20171": {
            "year_quarter": 20171,
            "year": 2017,
            "quarter": 1,
            "eps": 0.27,
            "eps_growth_year": null,
            "eps_4q": 9.13,
            "eps_4q_growth_year": 74.5,
            "roe": 0.55,
            "roe_4q": 18.229999999999997,
            "gross_profit": 179806,
            "gross_margin": 30.53,
            "gross_margin_4q_avg": 30.06,
            "net_income": 83358,
            "revenue": 588877,
            "common_shares": 2768127,
            "book_valuer_per_share": 53.93,
            "book_valuer_per_share_4q_avg": 50.43,
            "equity": 15225154,
            "current_ratio": 190.11,
            "debt_ratio": 55.51,
            "inventory_turnover_ratio": 0.01,
            "account_receivable_turnover_ratio": 10.74,
            "reinvestment_rate": -0.19,
            "research_to_sale_ratio": null,
            "price_fair": 412.2,
            "eps_avg_yearly": 11.78,
            "eps_latest_yearly": 1.08,
            "eps_growth_yearly": 493.02
        },
        "20172": {
            "year_quarter": 20172,
            "year": 2017,
            "quarter": 2,
            "eps": 0.89,
            "eps_growth_year": null,
            "eps_4q": 10.18,
            "eps_4q_growth_year": 311.21,
            "roe": 1.77,
            "roe_4q": 20.28,
            "gross_profit": 502078,
            "gross_margin": 39.17,
            "gross_margin_4q_avg": 32.87,
            "net_income": 258515,
            "revenue": 1281877,
            "common_shares": 2768127,
            "book_valuer_per_share": 49.28,
            "book_valuer_per_share_4q_avg": 51.5,
            "equity": 13957810,
            "current_ratio": 170.75,
            "debt_ratio": 61.43,
            "inventory_turnover_ratio": 0.03,
            "account_receivable_turnover_ratio": 6.78,
            "reinvestment_rate": 2.32,
            "research_to_sale_ratio": null,
            "price_fair": 376.25,
            "eps_avg_yearly": 10.75,
            "eps_latest_yearly": 3.56,
            "eps_growth_yearly": 546.21
        },
        "20173": {
            "year_quarter": 20173,
            "year": 2017,
            "quarter": 3,
            "eps": 6.27,
            "eps_growth_year": 53.3,
            "eps_4q": 12.36,
            "eps_4q_growth_year": 134.88,
            "roe": 11.73,
            "roe_4q": 23.490000000000002,
            "gross_profit": 2327715,
            "gross_margin": 30.79,
            "gross_margin_4q_avg": 33.08,
            "net_income": 1740117,
            "revenue": 7560326,
            "common_shares": 2768127,
            "book_valuer_per_share": 55.61,
            "book_valuer_per_share_4q_avg": 53.17,
            "equity": 15719086,
            "current_ratio": 213.59,
            "debt_ratio": 54.73,
            "inventory_turnover_ratio": 0.19,
            "account_receivable_turnover_ratio": 27.1,
            "reinvestment_rate": 1.81,
            "research_to_sale_ratio": null,
            "price_fair": 431.98,
            "eps_avg_yearly": 12.34,
            "eps_latest_yearly": 25.08,
            "eps_growth_yearly": 754.18
        },
        "20174": {
            "year_quarter": 20174,
            "year": 2017,
            "quarter": 4,
            "eps": 0.45,
            "eps_growth_year": -90.83,
            "eps_4q": 7.87,
            "eps_4q_growth_year": -9.8,
            "roe": 0.77,
            "roe_4q": 14.82,
            "gross_profit": 182163,
            "gross_margin": 19.28,
            "gross_margin_4q_avg": 29.94,
            "net_income": 120806,
            "revenue": 944762,
            "common_shares": 2768127,
            "book_valuer_per_share": 56.04,
            "book_valuer_per_share_4q_avg": 53.72,
            "equity": 15835659,
            "current_ratio": 214.94,
            "debt_ratio": 53.84,
            "inventory_turnover_ratio": 0.03,
            "account_receivable_turnover_ratio": 3.25,
            "reinvestment_rate": 1.7,
            "research_to_sale_ratio": null,
            "price_fair": 395.08,
            "eps_avg_yearly": 11.29,
            "eps_latest_yearly": 1.8,
            "eps_growth_yearly": 641.63
        },
        "20181": {
            "year_quarter": 20181,
            "year": 2018,
            "quarter": 1,
            "eps": 0.77,
            "eps_growth_year": 185.19,
            "eps_4q": 8.37,
            "eps_4q_growth_year": -8.34,
            "roe": 1.33,
            "roe_4q": 15.6,
            "gross_profit": 228308,
            "gross_margin": 30.2,
            "gross_margin_4q_avg": 29.86,
            "net_income": 212702,
            "revenue": 756046,
            "common_shares": 2768127,
            "book_valuer_per_share": 56.88,
            "book_valuer_per_share_4q_avg": 54.45,
            "equity": 16042404,
            "current_ratio": 204.14,
            "debt_ratio": 54.99,
            "inventory_turnover_ratio": 0.02,
            "account_receivable_turnover_ratio": 2.85,
            "reinvestment_rate": 1.64,
            "research_to_sale_ratio": null,
            "price_fair": 368.96,
            "eps_avg_yearly": 10.54,
            "eps_latest_yearly": 3.08,
            "eps_growth_yearly": 609.16
        },
        "20182": {
            "year_quarter": 20182,
            "year": 2018,
            "quarter": 2,
            "eps": 1.18,
            "eps_growth_year": 32.58,
            "eps_4q": 8.66,
            "eps_4q_growth_year": -14.9,
            "roe": 2.12,
            "roe_4q": 15.950000000000001,
            "gross_profit": 501171,
            "gross_margin": 35.19,
            "gross_margin_4q_avg": 28.87,
            "net_income": 327589,
            "revenue": 1424278,
            "common_shares": 2768127,
            "book_valuer_per_share": 52.85,
            "book_valuer_per_share_4q_avg": 55.35,
            "equity": 14792584,
            "current_ratio": 180.82,
            "debt_ratio": 60.03,
            "inventory_turnover_ratio": 0.03,
            "account_receivable_turnover_ratio": 5.69,
            "reinvestment_rate": 1.57,
            "research_to_sale_ratio": null,
            "price_fair": 351.98,
            "eps_avg_yearly": 10.06,
            "eps_latest_yearly": 4.72,
            "eps_growth_yearly": 576.15
        },
        "20183": {
            "year_quarter": 20183,
            "year": 2018,
            "quarter": 3,
            "eps": 0.22,
            "eps_growth_year": -96.49,
            "eps_4q": 2.62,
            "eps_4q_growth_year": -78.78,
            "roe": 0.43,
            "roe_4q": 4.65,
            "gross_profit": 180368,
            "gross_margin": 25.14,
            "gross_margin_4q_avg": 27.45,
            "net_income": 63417,
            "revenue": 717511,
            "common_shares": 2768127,
            "book_valuer_per_share": 53.01,
            "book_valuer_per_share_4q_avg": 54.7,
            "equity": 14832253,
            "current_ratio": 179.67,
            "debt_ratio": 61.78,
            "inventory_turnover_ratio": 0.02,
            "account_receivable_turnover_ratio": 2.7,
            "reinvestment_rate": 1.64,
            "research_to_sale_ratio": null,
            "price_fair": 327.28,
            "eps_avg_yearly": 9.35,
            "eps_latest_yearly": 0.88,
            "eps_growth_yearly": 506.8
        },
        "20184": {
            "year_quarter": 20184,
            "year": 2018,
            "quarter": 4,
            "eps": 0.95,
            "eps_growth_year": 110.46,
            "eps_4q": 3.12,
            "eps_4q_growth_year": -60.36,
            "roe": 1.78,
            "roe_4q": 5.66,
            "gross_profit": 451586,
            "gross_margin": 25.95,
            "gross_margin_4q_avg": 29.12,
            "net_income": 265931,
            "revenue": 1740181,
            "common_shares": 2768127,
            "book_valuer_per_share": 54,
            "book_valuer_per_share_4q_avg": 54.19,
            "equity": 15109764,
            "current_ratio": 173.13,
            "debt_ratio": 63.15,
            "inventory_turnover_ratio": 0.04,
            "account_receivable_turnover_ratio": 6.07,
            "reinvestment_rate": 1.89,
            "research_to_sale_ratio": null,
            "price_fair": 274.94,
            "eps_avg_yearly": 7.86,
            "eps_latest_yearly": 3.8,
            "eps_growth_yearly": 289.14
        },
        "20191": {
            "year_quarter": 20191,
            "year": 2019,
            "quarter": 1,
            "eps": 0.37,
            "eps_growth_year": -51.95,
            "eps_4q": 2.72,
            "eps_4q_growth_year": -67.49,
            "roe": 0.67,
            "roe_4q": 5,
            "gross_profit": 263065,
            "gross_margin": 27.33,
            "gross_margin_4q_avg": 28.4,
            "net_income": 101812,
            "revenue": 962651,
            "common_shares": 2768127,
            "book_valuer_per_share": 54.42,
            "book_valuer_per_share_4q_avg": 53.57,
            "equity": 15228858,
            "current_ratio": 173.77,
            "debt_ratio": 62.51,
            "inventory_turnover_ratio": 0.02,
            "account_receivable_turnover_ratio": 3.41,
            "reinvestment_rate": 2.17,
            "research_to_sale_ratio": null,
            "price_fair": 233.48,
            "eps_avg_yearly": 6.67,
            "eps_latest_yearly": 1.48,
            "eps_growth_yearly": 278.77
        },
        "20192": {
            "year_quarter": 20192,
            "year": 2019,
            "quarter": 2,
            "eps": 1.67,
            "eps_growth_year": 41.53,
            "eps_4q": 3.22,
            "eps_4q_growth_year": -62.88,
            "roe": 3.14,
            "roe_4q": 6.02,
            "gross_profit": 760888,
            "gross_margin": 28.29,
            "gross_margin_4q_avg": 26.68,
            "net_income": 463209,
            "revenue": 2689274,
            "common_shares": 2768127,
            "book_valuer_per_share": 51.06,
            "book_valuer_per_share_4q_avg": 53.12,
            "equity": 14271970,
            "current_ratio": 155.83,
            "debt_ratio": 67.65,
            "inventory_turnover_ratio": 0.06,
            "account_receivable_turnover_ratio": 8.44,
            "reinvestment_rate": 2.27,
            "research_to_sale_ratio": null,
            "price_fair": 223.46,
            "eps_avg_yearly": 6.38,
            "eps_latest_yearly": 6.68,
            "eps_growth_yearly": 398.69
        },
        "20193": {
            "year_quarter": 20193,
            "year": 2019,
            "quarter": 3,
            "eps": 9.11,
            "eps_growth_year": 4040.91,
            "eps_4q": 12.11,
            "eps_4q_growth_year": 361.76,
            "roe": 16.25,
            "roe_4q": 21.840000000000003,
            "gross_profit": 3466397,
            "gross_margin": 26.4,
            "gross_margin_4q_avg": 26.99,
            "net_income": 2521513,
            "revenue": 13130388,
            "common_shares": 2768127,
            "book_valuer_per_share": 60.12,
            "book_valuer_per_share_4q_avg": 54.9,
            "equity": 16771210,
            "current_ratio": 207.03,
            "debt_ratio": 55.84,
            "inventory_turnover_ratio": 0.32,
            "account_receivable_turnover_ratio": 39.03,
            "reinvestment_rate": 1.64,
            "research_to_sale_ratio": null,
            "price_fair": 307.57,
            "eps_avg_yearly": 8.79,
            "eps_latest_yearly": 36.44,
            "eps_growth_yearly": 551.16
        },
        "20194": {
            "year_quarter": 20194,
            "year": 2019,
            "quarter": 4,
            "eps": 0.2,
            "eps_growth_year": -79.06,
            "eps_4q": 11.35,
            "eps_4q_growth_year": 263.72,
            "roe": 0.33,
            "roe_4q": 20.39,
            "gross_profit": 283067,
            "gross_margin": 9.32,
            "gross_margin_4q_avg": 22.84,
            "net_income": 55604,
            "revenue": 3037487,
            "common_shares": 2768127,
            "book_valuer_per_share": 60.31,
            "book_valuer_per_share_4q_avg": 56.48,
            "equity": 16822524,
            "current_ratio": 218.26,
            "debt_ratio": 53.49,
            "inventory_turnover_ratio": 0.1,
            "account_receivable_turnover_ratio": 11.52,
            "reinvestment_rate": 1.74,
            "research_to_sale_ratio": null,
            "price_fair": 293.89,
            "eps_avg_yearly": 8.4,
            "eps_latest_yearly": 0.8,
            "eps_growth_yearly": 517.04
        },
        "20201": {
            "year_quarter": 20201,
            "year": 2020,
            "quarter": 1,
            "eps": 0.56,
            "eps_growth_year": 51.35,
            "eps_4q": 11.54,
            "eps_4q_growth_year": 324.24,
            "roe": 0.91,
            "roe_4q": 20.63,
            "gross_profit": 244509,
            "gross_margin": 23.98,
            "gross_margin_4q_avg": 22,
            "net_income": 154156,
            "revenue": 1019451,
            "common_shares": 2768127,
            "book_valuer_per_share": 60.85,
            "book_valuer_per_share_4q_avg": 58.09,
            "equity": 16969882,
            "current_ratio": 216.04,
            "debt_ratio": 53.09,
            "inventory_turnover_ratio": 0.03,
            "account_receivable_turnover_ratio": 3.28,
            "reinvestment_rate": 1.78,
            "research_to_sale_ratio": null,
            "price_fair": 278.5,
            "eps_avg_yearly": 7.96,
            "eps_latest_yearly": 2.24,
            "eps_growth_yearly": 531.53
        },
        "20202": {
            "year_quarter": 20202,
            "year": 2020,
            "quarter": 2,
            "eps": 5.92,
            "eps_growth_year": 254.49,
            "eps_4q": 15.79,
            "eps_4q_growth_year": 391.01,
            "roe": 9.78,
            "roe_4q": 27.27,
            "gross_profit": 2181866,
            "gross_margin": 32,
            "gross_margin_4q_avg": 22.93,
            "net_income": 1638179,
            "revenue": 6817457,
            "common_shares": 2768127,
            "book_valuer_per_share": 59.24,
            "book_valuer_per_share_4q_avg": 60.13,
            "equity": 16524562,
            "current_ratio": 243.68,
            "debt_ratio": 53.21,
            "inventory_turnover_ratio": 0.17,
            "account_receivable_turnover_ratio": 18.44,
            "reinvestment_rate": 1.54,
            "research_to_sale_ratio": null,
            "price_fair": 315.19,
            "eps_avg_yearly": 9.01,
            "eps_latest_yearly": 23.68,
            "eps_growth_yearly": 751.34
        },
        "20203": {
            "year_quarter": 20203,
            "year": 2020,
            "quarter": 3,
            "eps": 1.54,
            "eps_growth_year": -83.1,
            "eps_4q": 8.22,
            "eps_4q_growth_year": -32.14,
            "roe": 2.54,
            "roe_4q": 13.56,
            "gross_profit": 685348,
            "gross_margin": 34.09,
            "gross_margin_4q_avg": 24.85,
            "net_income": 425501,
            "revenue": 2010460,
            "common_shares": 2768127,
            "book_valuer_per_share": 60.81,
            "book_valuer_per_share_4q_avg": 60.3,
            "equity": 16960682,
            "current_ratio": 240.44,
            "debt_ratio": 52.04,
            "inventory_turnover_ratio": 0.05,
            "account_receivable_turnover_ratio": 5.02,
            "reinvestment_rate": 1.89,
            "research_to_sale_ratio": null,
            "price_fair": 308.96,
            "eps_avg_yearly": 8.83,
            "eps_latest_yearly": 6.16,
            "eps_growth_yearly": 685.88
        },
        "20204": {
            "year_quarter": 20204,
            "year": 2020,
            "quarter": 4,
            "eps": 2.03,
            "eps_growth_year": 920.09,
            "eps_4q": 10.05,
            "eps_4q_growth_year": -11.49,
            "roe": 3.22,
            "roe_4q": 16.45,
            "gross_profit": 689690,
            "gross_margin": 46.25,
            "gross_margin_4q_avg": 34.08,
            "net_income": 554933,
            "revenue": 1491126,
            "common_shares": 2768127,
            "book_valuer_per_share": 62.87,
            "book_valuer_per_share_4q_avg": 60.94,
            "equity": 17527537,
            "current_ratio": 234.85,
            "debt_ratio": 51.58,
            "inventory_turnover_ratio": 0.03,
            "account_receivable_turnover_ratio": 4.36,
            "reinvestment_rate": 2.07,
            "research_to_sale_ratio": null,
            "price_fair": 283.5,
            "eps_avg_yearly": 8.1,
            "eps_latest_yearly": 8.12,
            "eps_growth_yearly": 688.64
        },
        "20211": {
            "year_quarter": 20211,
            "year": 2021,
            "quarter": 1,
            "eps": 0.69,
            "eps_growth_year": 23.21,
            "eps_4q": 10.19,
            "eps_4q_growth_year": -11.77,
            "roe": 1.15,
            "roe_4q": 16.689999999999998,
            "gross_profit": 334362,
            "gross_margin": 29.07,
            "gross_margin_4q_avg": 35.35,
            "net_income": 192167,
            "revenue": 1150283,
            "common_shares": 2768127,
            "book_valuer_per_share": 56.55,
            "book_valuer_per_share_4q_avg": 59.87,
            "equity": 15777761,
            "current_ratio": 196.05,
            "debt_ratio": 57.4,
            "inventory_turnover_ratio": 0.03,
            "account_receivable_turnover_ratio": 4.63,
            "reinvestment_rate": 2.02,
            "research_to_sale_ratio": null,
            "price_fair": 287.18,
            "eps_avg_yearly": 8.21,
            "eps_latest_yearly": 2.76,
            "eps_growth_yearly": 695.77
        },
        "20212": {
            "year_quarter": 20212,
            "year": 2021,
            "quarter": 2,
            "eps": 1.19,
            "eps_growth_year": -79.9,
            "eps_4q": 5.45,
            "eps_4q_growth_year": -65.48,
            "roe": 2.06,
            "roe_4q": 8.969999999999999,
            "gross_profit": 573938,
            "gross_margin": 33.65,
            "gross_margin_4q_avg": 35.77,
            "net_income": 328300,
            "revenue": 1705796,
            "common_shares": 2768127,
            "book_valuer_per_share": 57.73,
            "book_valuer_per_share_4q_avg": 59.49,
            "equity": 16103426,
            "current_ratio": 197.16,
            "debt_ratio": 58.59,
            "inventory_turnover_ratio": 0.04,
            "account_receivable_turnover_ratio": 8.31,
            "reinvestment_rate": 0.12,
            "research_to_sale_ratio": null,
            "price_fair": 289.8,
            "eps_avg_yearly": 8.28,
            "eps_latest_yearly": 4.76,
            "eps_growth_yearly": 656.48
        },
        "20213": {
            "year_quarter": 20213,
            "year": 2021,
            "quarter": 3,
            "eps": 4.17,
            "eps_growth_year": 170.78,
            "eps_4q": 8.08,
            "eps_4q_growth_year": -1.64,
            "roe": 6.92,
            "roe_4q": 13.350000000000001,
            "gross_profit": 1653601,
            "gross_margin": 29.28,
            "gross_margin_4q_avg": 34.56,
            "net_income": 1153515,
            "revenue": 5647122,
            "common_shares": 2768127,
            "book_valuer_per_share": 61.9,
            "book_valuer_per_share_4q_avg": 59.76,
            "equity": 17256327,
            "current_ratio": 196.78,
            "debt_ratio": 57.32,
            "inventory_turnover_ratio": 0.13,
            "account_receivable_turnover_ratio": 17.99,
            "reinvestment_rate": 0.25,
            "research_to_sale_ratio": null,
            "price_fair": 271.43,
            "eps_avg_yearly": 7.76,
            "eps_latest_yearly": 16.68,
            "eps_growth_yearly": 567.96
        },
        "20214": {
            "year_quarter": 20214,
            "year": 2021,
            "quarter": 4,
            "eps": 4.51,
            "eps_growth_year": 121.72,
            "eps_4q": 10.56,
            "eps_4q_growth_year": 5.04,
            "roe": 6.98,
            "roe_4q": 17.11,
            "gross_profit": 1799501,
            "gross_margin": 35.68,
            "gross_margin_4q_avg": 31.92,
            "net_income": 1247823,
            "revenue": 5044056,
            "common_shares": 2768127,
            "book_valuer_per_share": 66.43,
            "book_valuer_per_share_4q_avg": 60.65,
            "equity": 18512851,
            "current_ratio": 195.02,
            "debt_ratio": 56.57,
            "inventory_turnover_ratio": 0.1,
            "account_receivable_turnover_ratio": 15.29,
            "reinvestment_rate": 0.24,
            "research_to_sale_ratio": null,
            "price_fair": 306.95,
            "eps_avg_yearly": 8.77,
            "eps_latest_yearly": 18.04,
            "eps_growth_yearly": 593.21
        },
        "20221": {
            "year_quarter": 20221,
            "year": 2022,
            "quarter": 1,
            "eps": 2.48,
            "eps_growth_year": 259.42,
            "eps_4q": 12.34,
            "eps_4q_growth_year": 21.13,
            "roe": 3.64,
            "roe_4q": 19.599999999999998,
            "gross_profit": 1033676,
            "gross_margin": 36.46,
            "gross_margin_4q_avg": 33.77,
            "net_income": 686040,
            "revenue": 2834721,
            "common_shares": 2768127,
            "book_valuer_per_share": 68.95,
            "book_valuer_per_share_4q_avg": 63.75,
            "equity": 19181159,
            "current_ratio": 189.25,
            "debt_ratio": 57.02,
            "inventory_turnover_ratio": 0.05,
            "account_receivable_turnover_ratio": 13.5,
            "reinvestment_rate": 0.26,
            "research_to_sale_ratio": null,
            "price_fair": 321.91,
            "eps_avg_yearly": 9.2,
            "eps_latest_yearly": 9.92,
            "eps_growth_yearly": 564.18
        },
        "20222": {
            "year_quarter": 20222,
            "year": 2022,
            "quarter": 2,
            "eps": 7.45,
            "eps_growth_year": 526.05,
            "eps_4q": 18.6,
            "eps_4q_growth_year": 241.17,
            "roe": 10.76,
            "roe_4q": 28.300000000000004,
            "gross_profit": 3046382,
            "gross_margin": 30.83,
            "gross_margin_4q_avg": 33.06,
            "net_income": 2063137,
            "revenue": 9880441,
            "common_shares": 2768127,
            "book_valuer_per_share": 68.89,
            "book_valuer_per_share_4q_avg": 66.54,
            "equity": 19166190,
            "current_ratio": 202.37,
            "debt_ratio": 51.95,
            "inventory_turnover_ratio": 0.2,
            "account_receivable_turnover_ratio": 51.51,
            "reinvestment_rate": 0.23,
            "research_to_sale_ratio": null,
            "price_fair": 376.78,
            "eps_avg_yearly": 10.77,
            "eps_latest_yearly": 29.8,
            "eps_growth_yearly": 600.96
        },
        "20223": {
            "year_quarter": 20223,
            "year": 2022,
            "quarter": 3,
            "eps": 0.97,
            "eps_growth_year": -76.74,
            "eps_4q": 15.41,
            "eps_4q_growth_year": 90.65,
            "roe": 1.41,
            "roe_4q": 22.79,
            "gross_profit": 568131,
            "gross_margin": 32.39,
            "gross_margin_4q_avg": 33.84,
            "net_income": 271499,
            "revenue": 1754056,
            "common_shares": 2768127,
            "book_valuer_per_share": 69.87,
            "book_valuer_per_share_4q_avg": 68.54,
            "equity": 19441303,
            "current_ratio": 220.49,
            "debt_ratio": 50.4,
            "inventory_turnover_ratio": 0.04,
            "account_receivable_turnover_ratio": 10.97,
            "reinvestment_rate": 0.29,
            "research_to_sale_ratio": null,
            "price_fair": 383.34,
            "eps_avg_yearly": 10.95,
            "eps_latest_yearly": 3.88,
            "eps_growth_yearly": 599.56
        },
        "20224": {
            "year_quarter": 20224,
            "year": 2022,
            "quarter": 4,
            "eps": -0.21,
            "eps_growth_year": -104.61,
            "eps_4q": 10.69,
            "eps_4q_growth_year": 1.27,
            "roe": -0.34,
            "roe_4q": 15.47,
            "gross_profit": 91481,
            "gross_margin": 23.83,
            "gross_margin_4q_avg": 30.88,
            "net_income": -66663,
            "revenue": 383961,
            "common_shares": 2768127,
            "book_valuer_per_share": 69.66,
            "book_valuer_per_share_4q_avg": 69.34,
            "equity": 19371502,
            "current_ratio": 202.58,
            "debt_ratio": 53.39,
            "inventory_turnover_ratio": 0.01,
            "account_receivable_turnover_ratio": 2.54,
            "reinvestment_rate": 0.31,
            "research_to_sale_ratio": null,
            "price_fair": 400.03,
            "eps_avg_yearly": 11.43,
            "eps_latest_yearly": 3.88,
            "eps_growth_yearly": 551.04
        },
        "20231": {
            "year_quarter": 20231,
            "year": 2023,
            "quarter": 1,
            "eps": 4.28,
            "eps_growth_year": 72.58,
            "eps_4q": 12.5,
            "eps_4q_growth_year": 1.29,
            "roe": 5.91,
            "roe_4q": 17.740000000000002,
            "gross_profit": 1775209,
            "gross_margin": 37.66,
            "gross_margin_4q_avg": 31.18,
            "net_income": 1177550,
            "revenue": 4713599,
            "common_shares": 2768127,
            "book_valuer_per_share": 73.95,
            "book_valuer_per_share_4q_avg": 70.59,
            "equity": 20494544,
            "current_ratio": 214.02,
            "debt_ratio": 50.63,
            "inventory_turnover_ratio": 0.09,
            "account_receivable_turnover_ratio": 32.7,
            "reinvestment_rate": 0.29,
            "research_to_sale_ratio": null,
            "price_fair": 424.9,
            "eps_avg_yearly": 12.14,
            "eps_latest_yearly": 3.88,
            "eps_growth_yearly": 607.85
        }
    },
    "months": {
        "2002-08": {
            "month": "2002-08",
            "price": "9.81",
            "revenue": 0
        },
        "2002-09": {
            "month": "2002-09",
            "price": "8.74",
            "revenue": 154041
        },
        "2002-10": {
            "month": "2002-10",
            "price": "7.78",
            "revenue": 159524
        },
        "2002-11": {
            "month": "2002-11",
            "price": "6.78",
            "revenue": 69509
        },
        "2002-12": {
            "month": "2002-12",
            "price": "7.22",
            "revenue": 166504
        },
        "2003-01": {
            "month": "2003-01",
            "price": "7.49",
            "revenue": 79387
        },
        "2003-02": {
            "month": "2003-02",
            "price": "6.98",
            "revenue": 36674
        },
        "2003-03": {
            "month": "2003-03",
            "price": "6.55",
            "revenue": 65739
        },
        "2003-04": {
            "month": "2003-04",
            "price": "6.37",
            "revenue": 161916
        },
        "2003-05": {
            "month": "2003-05",
            "price": "5.52",
            "revenue": 236843
        },
        "2003-06": {
            "month": "2003-06",
            "price": "6.08",
            "revenue": 179296
        },
        "2003-07": {
            "month": "2003-07",
            "price": "7.00",
            "revenue": 168465
        },
        "2003-08": {
            "month": "2003-08",
            "price": "7.47",
            "revenue": 314548
        },
        "2003-09": {
            "month": "2003-09",
            "price": "8.51",
            "revenue": 332033
        },
        "2003-10": {
            "month": "2003-10",
            "price": "11.77",
            "revenue": 36941
        },
        "2003-11": {
            "month": "2003-11",
            "price": "11.71",
            "revenue": 18667
        },
        "2003-12": {
            "month": "2003-12",
            "price": "11.76",
            "revenue": 5687
        },
        "2004-01": {
            "month": "2004-01",
            "price": "18.29",
            "revenue": 259494
        },
        "2004-02": {
            "month": "2004-02",
            "price": "23.12",
            "revenue": 87633
        },
        "2004-03": {
            "month": "2004-03",
            "price": "28.11",
            "revenue": 37754
        },
        "2004-04": {
            "month": "2004-04",
            "price": "27.70",
            "revenue": 5687
        },
        "2004-05": {
            "month": "2004-05",
            "price": "22.60",
            "revenue": 438306
        },
        "2004-06": {
            "month": "2004-06",
            "price": "25.66",
            "revenue": 467389
        },
        "2004-07": {
            "month": "2004-07",
            "price": "25.22",
            "revenue": 325154
        },
        "2004-08": {
            "month": "2004-08",
            "price": "25.96",
            "revenue": 144404
        },
        "2004-09": {
            "month": "2004-09",
            "price": "31.81",
            "revenue": 177640
        },
        "2004-10": {
            "month": "2004-10",
            "price": "29.05",
            "revenue": 24869
        },
        "2004-11": {
            "month": "2004-11",
            "price": "27.29",
            "revenue": 152747
        },
        "2004-12": {
            "month": "2004-12",
            "price": "31.87",
            "revenue": 197007
        },
        "2005-01": {
            "month": "2005-01",
            "price": "36.60",
            "revenue": 1760946
        },
        "2005-02": {
            "month": "2005-02",
            "price": "37.48",
            "revenue": 92059
        },
        "2005-03": {
            "month": "2005-03",
            "price": "37.92",
            "revenue": 198068
        },
        "2005-04": {
            "month": "2005-04",
            "price": "32.59",
            "revenue": 80510
        },
        "2005-05": {
            "month": "2005-05",
            "price": "33.42",
            "revenue": 350111
        },
        "2005-06": {
            "month": "2005-06",
            "price": "35.82",
            "revenue": 1387987
        },
        "2005-07": {
            "month": "2005-07",
            "price": "37.99",
            "revenue": 349942
        },
        "2005-08": {
            "month": "2005-08",
            "price": "35.48",
            "revenue": 433283
        },
        "2005-09": {
            "month": "2005-09",
            "price": "37.12",
            "revenue": 489748
        },
        "2005-10": {
            "month": "2005-10",
            "price": "35.15",
            "revenue": 182772
        },
        "2005-11": {
            "month": "2005-11",
            "price": "32.57",
            "revenue": 232124
        },
        "2005-12": {
            "month": "2005-12",
            "price": "35.50",
            "revenue": 305664
        },
        "2006-01": {
            "month": "2006-01",
            "price": "36.64",
            "revenue": 886543
        },
        "2006-02": {
            "month": "2006-02",
            "price": "37.15",
            "revenue": 135449
        },
        "2006-03": {
            "month": "2006-03",
            "price": "36.13",
            "revenue": 509961
        },
        "2006-04": {
            "month": "2006-04",
            "price": "45.00",
            "revenue": 1388771
        },
        "2006-05": {
            "month": "2006-05",
            "price": "64.72",
            "revenue": 641054
        },
        "2006-06": {
            "month": "2006-06",
            "price": "64.95",
            "revenue": 438767
        },
        "2006-07": {
            "month": "2006-07",
            "price": "69.02",
            "revenue": 399966
        },
        "2006-08": {
            "month": "2006-08",
            "price": "60.49",
            "revenue": 444937
        },
        "2006-09": {
            "month": "2006-09",
            "price": "62.54",
            "revenue": 405945
        },
        "2006-10": {
            "month": "2006-10",
            "price": "69.56",
            "revenue": 392166
        },
        "2006-11": {
            "month": "2006-11",
            "price": "75.59",
            "revenue": 369716
        },
        "2006-12": {
            "month": "2006-12",
            "price": "73.45",
            "revenue": 366273
        },
        "2007-01": {
            "month": "2007-01",
            "price": "63.46",
            "revenue": 607717
        },
        "2007-02": {
            "month": "2007-02",
            "price": "64.32",
            "revenue": 473286
        },
        "2007-03": {
            "month": "2007-03",
            "price": "62.95",
            "revenue": 505125
        },
        "2007-04": {
            "month": "2007-04",
            "price": "66.54",
            "revenue": 293965
        },
        "2007-05": {
            "month": "2007-05",
            "price": "69.84",
            "revenue": 666508
        },
        "2007-06": {
            "month": "2007-06",
            "price": "72.94",
            "revenue": 389577
        },
        "2007-07": {
            "month": "2007-07",
            "price": "79.19",
            "revenue": 823139
        },
        "2007-08": {
            "month": "2007-08",
            "price": "60.67",
            "revenue": 741807
        },
        "2007-09": {
            "month": "2007-09",
            "price": "59.44",
            "revenue": 861460
        },
        "2007-10": {
            "month": "2007-10",
            "price": "58.25",
            "revenue": 838448
        },
        "2007-11": {
            "month": "2007-11",
            "price": "64.54",
            "revenue": 1077645
        },
        "2007-12": {
            "month": "2007-12",
            "price": "59.91",
            "revenue": 617133
        },
        "2008-01": {
            "month": "2008-01",
            "price": "80.03",
            "revenue": 836433
        },
        "2008-02": {
            "month": "2008-02",
            "price": "94.06",
            "revenue": 659124
        },
        "2008-03": {
            "month": "2008-03",
            "price": "105.04",
            "revenue": 753382
        },
        "2008-04": {
            "month": "2008-04",
            "price": "122.02",
            "revenue": 945992
        },
        "2008-05": {
            "month": "2008-05",
            "price": "123.74",
            "revenue": 488441
        },
        "2008-06": {
            "month": "2008-06",
            "price": "105.06",
            "revenue": 657057
        },
        "2008-07": {
            "month": "2008-07",
            "price": "84.54",
            "revenue": 1119368
        },
        "2008-08": {
            "month": "2008-08",
            "price": "73.35",
            "revenue": 839242
        },
        "2008-09": {
            "month": "2008-09",
            "price": "50.95",
            "revenue": 687851
        },
        "2008-10": {
            "month": "2008-10",
            "price": "32.28",
            "revenue": 1314819
        },
        "2008-11": {
            "month": "2008-11",
            "price": "32.61",
            "revenue": 911090
        },
        "2008-12": {
            "month": "2008-12",
            "price": "33.51",
            "revenue": 820016
        },
        "2009-01": {
            "month": "2009-01",
            "price": "36.29",
            "revenue": 1127962
        },
        "2009-02": {
            "month": "2009-02",
            "price": "34.96",
            "revenue": 1258164
        },
        "2009-03": {
            "month": "2009-03",
            "price": "40.96",
            "revenue": 336353
        },
        "2009-04": {
            "month": "2009-04",
            "price": "52.78",
            "revenue": 611135
        },
        "2009-05": {
            "month": "2009-05",
            "price": "76.44",
            "revenue": 390254
        },
        "2009-06": {
            "month": "2009-06",
            "price": "80.16",
            "revenue": 1240954
        },
        "2009-07": {
            "month": "2009-07",
            "price": "82.18",
            "revenue": 999250
        },
        "2009-08": {
            "month": "2009-08",
            "price": "72.84",
            "revenue": 791135
        },
        "2009-09": {
            "month": "2009-09",
            "price": "78.89",
            "revenue": 1304408
        },
        "2009-10": {
            "month": "2009-10",
            "price": "84.36",
            "revenue": 496328
        },
        "2009-11": {
            "month": "2009-11",
            "price": "79.10",
            "revenue": 396481
        },
        "2009-12": {
            "month": "2009-12",
            "price": "81.15",
            "revenue": 398753
        },
        "2010-01": {
            "month": "2010-01",
            "price": "86.51",
            "revenue": 1745416
        },
        "2010-02": {
            "month": "2010-02",
            "price": "79.08",
            "revenue": 583152
        },
        "2010-03": {
            "month": "2010-03",
            "price": "83.03",
            "revenue": 407618
        },
        "2010-04": {
            "month": "2010-04",
            "price": "87.73",
            "revenue": 1035968
        },
        "2010-05": {
            "month": "2010-05",
            "price": "81.70",
            "revenue": 651262
        },
        "2010-06": {
            "month": "2010-06",
            "price": "83.86",
            "revenue": 461468
        },
        "2010-07": {
            "month": "2010-07",
            "price": "75.65",
            "revenue": 1040015
        },
        "2010-08": {
            "month": "2010-08",
            "price": "80.45",
            "revenue": 476058
        },
        "2010-09": {
            "month": "2010-09",
            "price": "85.83",
            "revenue": 629426
        },
        "2010-10": {
            "month": "2010-10",
            "price": "85.95",
            "revenue": 868438
        },
        "2010-11": {
            "month": "2010-11",
            "price": "87.73",
            "revenue": 861753
        },
        "2010-12": {
            "month": "2010-12",
            "price": "90.13",
            "revenue": 1073701
        },
        "2011-01": {
            "month": "2011-01",
            "price": "94.91",
            "revenue": 1936730
        },
        "2011-02": {
            "month": "2011-02",
            "price": "93.81",
            "revenue": 354518
        },
        "2011-03": {
            "month": "2011-03",
            "price": "81.56",
            "revenue": 508626
        },
        "2011-04": {
            "month": "2011-04",
            "price": "83.68",
            "revenue": 720298
        },
        "2011-05": {
            "month": "2011-05",
            "price": "87.29",
            "revenue": 618493
        },
        "2011-06": {
            "month": "2011-06",
            "price": "90.59",
            "revenue": 562156
        },
        "2011-07": {
            "month": "2011-07",
            "price": "86.97",
            "revenue": 800112
        },
        "2011-08": {
            "month": "2011-08",
            "price": "74.20",
            "revenue": 708613
        },
        "2011-09": {
            "month": "2011-09",
            "price": "67.00",
            "revenue": 609703
        },
        "2011-10": {
            "month": "2011-10",
            "price": "67.65",
            "revenue": 628197
        },
        "2011-11": {
            "month": "2011-11",
            "price": "67.85",
            "revenue": 590811
        },
        "2011-12": {
            "month": "2011-12",
            "price": "61.05",
            "revenue": 460272
        },
        "2012-01": {
            "month": "2012-01",
            "price": "65.01",
            "revenue": 188406
        },
        "2012-02": {
            "month": "2012-02",
            "price": "73.40",
            "revenue": 170230
        },
        "2012-03": {
            "month": "2012-03",
            "price": "76.97",
            "revenue": 336303
        },
        "2012-04": {
            "month": "2012-04",
            "price": "72.18",
            "revenue": 256505
        },
        "2012-05": {
            "month": "2012-05",
            "price": "68.56",
            "revenue": 325754
        },
        "2012-06": {
            "month": "2012-06",
            "price": "67.72",
            "revenue": 191611
        },
        "2012-07": {
            "month": "2012-07",
            "price": "64.37",
            "revenue": 192099
        },
        "2012-08": {
            "month": "2012-08",
            "price": "66.47",
            "revenue": 120264
        },
        "2012-09": {
            "month": "2012-09",
            "price": "71.72",
            "revenue": 195060
        },
        "2012-10": {
            "month": "2012-10",
            "price": "65.44",
            "revenue": 153302
        },
        "2012-11": {
            "month": "2012-11",
            "price": "62.36",
            "revenue": 3321632
        },
        "2012-12": {
            "month": "2012-12",
            "price": "67.14",
            "revenue": 84891
        },
        "2013-01": {
            "month": "2013-01",
            "price": "72.50",
            "revenue": 5777025
        },
        "2013-02": {
            "month": "2013-02",
            "price": "74.14",
            "revenue": 2030467
        },
        "2013-03": {
            "month": "2013-03",
            "price": "74.45",
            "revenue": 407387
        },
        "2013-04": {
            "month": "2013-04",
            "price": "79.24",
            "revenue": 97675
        },
        "2013-05": {
            "month": "2013-05",
            "price": "90.31",
            "revenue": 52626
        },
        "2013-06": {
            "month": "2013-06",
            "price": "89.06",
            "revenue": 55343
        },
        "2013-07": {
            "month": "2013-07",
            "price": "94.99",
            "revenue": 51524
        },
        "2013-08": {
            "month": "2013-08",
            "price": "93.60",
            "revenue": 55508
        },
        "2013-09": {
            "month": "2013-09",
            "price": "87.48",
            "revenue": 1245
        },
        "2013-10": {
            "month": "2013-10",
            "price": "86.28",
            "revenue": 1228
        },
        "2013-11": {
            "month": "2013-11",
            "price": "87.13",
            "revenue": 40964
        },
        "2013-12": {
            "month": "2013-12",
            "price": "86.40",
            "revenue": 1700818
        },
        "2014-01": {
            "month": "2014-01",
            "price": "77.11",
            "revenue": 102012
        },
        "2014-02": {
            "month": "2014-02",
            "price": "77.95",
            "revenue": 93289
        },
        "2014-03": {
            "month": "2014-03",
            "price": "73.64",
            "revenue": 197532
        },
        "2014-04": {
            "month": "2014-04",
            "price": "76.49",
            "revenue": 162647
        },
        "2014-05": {
            "month": "2014-05",
            "price": "74.65",
            "revenue": 129527
        },
        "2014-06": {
            "month": "2014-06",
            "price": "72.89",
            "revenue": 37357
        },
        "2014-07": {
            "month": "2014-07",
            "price": "70.11",
            "revenue": 115403
        },
        "2014-08": {
            "month": "2014-08",
            "price": "70.23",
            "revenue": 62863
        },
        "2014-09": {
            "month": "2014-09",
            "price": "65.76",
            "revenue": 532687
        },
        "2014-10": {
            "month": "2014-10",
            "price": "52.20",
            "revenue": 26642
        },
        "2014-11": {
            "month": "2014-11",
            "price": "50.60",
            "revenue": 272305
        },
        "2014-12": {
            "month": "2014-12",
            "price": "59.66",
            "revenue": 4709564
        },
        "2015-01": {
            "month": "2015-01",
            "price": "58.47",
            "revenue": 373888
        },
        "2015-02": {
            "month": "2015-02",
            "price": "57.13",
            "revenue": 821652
        },
        "2015-03": {
            "month": "2015-03",
            "price": "60.84",
            "revenue": 1389576
        },
        "2015-04": {
            "month": "2015-04",
            "price": "67.50",
            "revenue": 1096601
        },
        "2015-05": {
            "month": "2015-05",
            "price": "70.28",
            "revenue": 315931
        },
        "2015-06": {
            "month": "2015-06",
            "price": "67.24",
            "revenue": 278034
        },
        "2015-07": {
            "month": "2015-07",
            "price": "61.53",
            "revenue": 742093
        },
        "2015-08": {
            "month": "2015-08",
            "price": "53.89",
            "revenue": 192354
        },
        "2015-09": {
            "month": "2015-09",
            "price": "56.30",
            "revenue": 152673
        },
        "2015-10": {
            "month": "2015-10",
            "price": "58.76",
            "revenue": 632354
        },
        "2015-11": {
            "month": "2015-11",
            "price": "62.50",
            "revenue": 961309
        },
        "2015-12": {
            "month": "2015-12",
            "price": "59.19",
            "revenue": 589684
        },
        "2016-01": {
            "month": "2016-01",
            "price": "53.81",
            "revenue": 115538
        },
        "2016-02": {
            "month": "2016-02",
            "price": "53.15",
            "revenue": 3025
        },
        "2016-03": {
            "month": "2016-03",
            "price": "58.78",
            "revenue": 134098
        },
        "2016-04": {
            "month": "2016-04",
            "price": "58.05",
            "revenue": 190320
        },
        "2016-05": {
            "month": "2016-05",
            "price": "54.19",
            "revenue": 170071
        },
        "2016-06": {
            "month": "2016-06",
            "price": "56.83",
            "revenue": 442175
        },
        "2016-07": {
            "month": "2016-07",
            "price": "54.43",
            "revenue": 569686
        },
        "2016-08": {
            "month": "2016-08",
            "price": "53.54",
            "revenue": 303608
        },
        "2016-09": {
            "month": "2016-09",
            "price": "53.04",
            "revenue": 4226067
        },
        "2016-10": {
            "month": "2016-10",
            "price": "55.72",
            "revenue": 2219567
        },
        "2016-11": {
            "month": "2016-11",
            "price": "55.66",
            "revenue": 1136538
        },
        "2016-12": {
            "month": "2016-12",
            "price": "60.26",
            "revenue": 2278293
        },
        "2017-01": {
            "month": "2017-01",
            "price": "60.79",
            "revenue": 263091
        },
        "2017-02": {
            "month": "2017-02",
            "price": "66.25",
            "revenue": 103579
        },
        "2017-03": {
            "month": "2017-03",
            "price": "67.86",
            "revenue": 222207
        },
        "2017-04": {
            "month": "2017-04",
            "price": "68.37",
            "revenue": 147087
        },
        "2017-05": {
            "month": "2017-05",
            "price": "68.65",
            "revenue": 408163
        },
        "2017-06": {
            "month": "2017-06",
            "price": "68.64",
            "revenue": 726627
        },
        "2017-07": {
            "month": "2017-07",
            "price": "67.63",
            "revenue": 637714
        },
        "2017-08": {
            "month": "2017-08",
            "price": "62.19",
            "revenue": 5313612
        },
        "2017-09": {
            "month": "2017-09",
            "price": "64.63",
            "revenue": 1609000
        },
        "2017-10": {
            "month": "2017-10",
            "price": "68.01",
            "revenue": 294149
        },
        "2017-11": {
            "month": "2017-11",
            "price": "69.61",
            "revenue": 71202
        },
        "2017-12": {
            "month": "2017-12",
            "price": "68.98",
            "revenue": 579411
        },
        "2018-01": {
            "month": "2018-01",
            "price": "70.46",
            "revenue": 398928
        },
        "2018-02": {
            "month": "2018-02",
            "price": "71.03",
            "revenue": 109137
        },
        "2018-03": {
            "month": "2018-03",
            "price": "72.37",
            "revenue": 247981
        },
        "2018-04": {
            "month": "2018-04",
            "price": "69.62",
            "revenue": 386493
        },
        "2018-05": {
            "month": "2018-05",
            "price": "69.74",
            "revenue": 188461
        },
        "2018-06": {
            "month": "2018-06",
            "price": "71.02",
            "revenue": 849324
        },
        "2018-07": {
            "month": "2018-07",
            "price": "64.70",
            "revenue": 106279
        },
        "2018-08": {
            "month": "2018-08",
            "price": "64.73",
            "revenue": 405898
        },
        "2018-09": {
            "month": "2018-09",
            "price": "65.36",
            "revenue": 205334
        },
        "2018-10": {
            "month": "2018-10",
            "price": "65.15",
            "revenue": 694865
        },
        "2018-11": {
            "month": "2018-11",
            "price": "65.12",
            "revenue": 524863
        },
        "2018-12": {
            "month": "2018-12",
            "price": "65.79",
            "revenue": 520453
        },
        "2019-01": {
            "month": "2019-01",
            "price": "71.73",
            "revenue": 510623
        },
        "2019-02": {
            "month": "2019-02",
            "price": "70.52",
            "revenue": 187450
        },
        "2019-03": {
            "month": "2019-03",
            "price": "71.60",
            "revenue": 264578
        },
        "2019-04": {
            "month": "2019-04",
            "price": "75.00",
            "revenue": 113814
        },
        "2019-05": {
            "month": "2019-05",
            "price": "80.74",
            "revenue": 480694
        },
        "2019-06": {
            "month": "2019-06",
            "price": "84.65",
            "revenue": 2094766
        },
        "2019-07": {
            "month": "2019-07",
            "price": "81.88",
            "revenue": 4017453
        },
        "2019-08": {
            "month": "2019-08",
            "price": "80.53",
            "revenue": 3106097
        },
        "2019-09": {
            "month": "2019-09",
            "price": "80.50",
            "revenue": 6006838
        },
        "2019-10": {
            "month": "2019-10",
            "price": "83.19",
            "revenue": 2294035
        },
        "2019-11": {
            "month": "2019-11",
            "price": "90.60",
            "revenue": 232122
        },
        "2019-12": {
            "month": "2019-12",
            "price": "93.72",
            "revenue": 511330
        },
        "2020-01": {
            "month": "2020-01",
            "price": "91.95",
            "revenue": 391997
        },
        "2020-02": {
            "month": "2020-02",
            "price": "87.83",
            "revenue": 465309
        },
        "2020-03": {
            "month": "2020-03",
            "price": "84.21",
            "revenue": 162145
        },
        "2020-04": {
            "month": "2020-04",
            "price": "86.29",
            "revenue": 2623716
        },
        "2020-05": {
            "month": "2020-05",
            "price": "91.88",
            "revenue": 1625654
        },
        "2020-06": {
            "month": "2020-06",
            "price": "90.34",
            "revenue": 2568087
        },
        "2020-07": {
            "month": "2020-07",
            "price": "85.13",
            "revenue": 550763
        },
        "2020-08": {
            "month": "2020-08",
            "price": "87.61",
            "revenue": 754561
        },
        "2020-09": {
            "month": "2020-09",
            "price": "88.19",
            "revenue": 705136
        },
        "2020-10": {
            "month": "2020-10",
            "price": "86.42",
            "revenue": 190507
        },
        "2020-11": {
            "month": "2020-11",
            "price": "87.97",
            "revenue": 937547
        },
        "2020-12": {
            "month": "2020-12",
            "price": "87.77",
            "revenue": 363072
        },
        "2021-01": {
            "month": "2021-01",
            "price": "87.52",
            "revenue": 173424
        },
        "2021-02": {
            "month": "2021-02",
            "price": "87.01",
            "revenue": 4208
        },
        "2021-03": {
            "month": "2021-03",
            "price": "91.89",
            "revenue": 972651
        },
        "2021-04": {
            "month": "2021-04",
            "price": "93.75",
            "revenue": 1110724
        },
        "2021-05": {
            "month": "2021-05",
            "price": "92.32",
            "revenue": 370097
        },
        "2021-06": {
            "month": "2021-06",
            "price": "87.87",
            "revenue": 224975
        },
        "2021-07": {
            "month": "2021-07",
            "price": "84.92",
            "revenue": 508886
        },
        "2021-08": {
            "month": "2021-08",
            "price": "85.23",
            "revenue": 1388742
        },
        "2021-09": {
            "month": "2021-09",
            "price": "89.39",
            "revenue": 3749494
        },
        "2021-10": {
            "month": "2021-10",
            "price": "89.60",
            "revenue": 398234
        },
        "2021-11": {
            "month": "2021-11",
            "price": "92.24",
            "revenue": 3648944
        },
        "2021-12": {
            "month": "2021-12",
            "price": "91.96",
            "revenue": 996878
        },
        "2022-01": {
            "month": "2022-01",
            "price": "90.67",
            "revenue": 983202
        },
        "2022-02": {
            "month": "2022-02",
            "price": "91.45",
            "revenue": 835047
        },
        "2022-03": {
            "month": "2022-03",
            "price": "90.61",
            "revenue": 1016472
        },
        "2022-04": {
            "month": "2022-04",
            "price": "91.19",
            "revenue": 2054354
        },
        "2022-05": {
            "month": "2022-05",
            "price": "92.84",
            "revenue": 4668674
        },
        "2022-06": {
            "month": "2022-06",
            "price": "92.19",
            "revenue": 3157413
        },
        "2022-07": {
            "month": "2022-07",
            "price": "87.00",
            "revenue": 1229035
        },
        "2022-08": {
            "month": "2022-08",
            "price": "91.14",
            "revenue": 238563
        },
        "2022-09": {
            "month": "2022-09",
            "price": "91.87",
            "revenue": 286458
        },
        "2022-10": {
            "month": "2022-10",
            "price": "87.16",
            "revenue": 248278
        },
        "2022-11": {
            "month": "2022-11",
            "price": "86.71",
            "revenue": 118143
        },
        "2022-12": {
            "month": "2022-12",
            "price": "88.27",
            "revenue": 17540
        },
        "2023-01": {
            "month": "2023-01",
            "price": "88.55",
            "revenue": 706181
        },
        "2023-02": {
            "month": "2023-02",
            "price": "90.25",
            "revenue": 784832
        },
        "2023-03": {
            "month": "2023-03",
            "price": "91.55",
            "revenue": 3222586
        },
        "2023-04": {
            "month": "2023-04",
            "price": "93.89",
            "revenue": 943839
        }
    }
}
