{
    "summary": {
        "stock_name": "綠意",
        "stock_id": "2596",
        "category": "建材營造",
        "main_business": "住宅及大樓開發租售業務<br>工業廠房開發租售業務<br>特定專業區開發業",
        "website_url": "http://www.realycorp.com.tw",
        "ceo": "許燈城",
        "pe_ratio": 100,
        "report_year_from": 2005,
        "report_year_to": 2023,
        "age": 19,
        "eps_negative_percentage": 0,
        "eps_growth_avg": {
            "last_all": 0.85,
            "last_2y": -13.22,
            "last_4y": -5.69,
            "last_8y": 0.34,
            "last_12y": 2.11,
            "last_16y": null,
            "last_20y": null,
            "at_2006_last_3y": null,
            "at_2007_last_3y": null,
            "at_2008_last_3y": null,
            "at_2009_last_3y": null,
            "at_2010_last_3y": null,
            "at_2011_last_3y": -22.09,
            "at_2012_last_3y": -20.03,
            "at_2013_last_3y": -2.38,
            "at_2014_last_3y": 6.09,
            "at_2015_last_3y": 7.01,
            "at_2016_last_3y": 7.01,
            "at_2017_last_3y": -6.76,
            "at_2018_last_3y": 7.87,
            "at_2019_last_3y": 3.4,
            "at_2020_last_3y": 3.4,
            "at_2021_last_3y": 37.31,
            "at_2022_last_3y": 7.55,
            "at_2023_last_3y": 15.08,
            "at_2024_last_3y": 15.08,
            "at_2006_last_all": null,
            "at_2007_last_all": null,
            "at_2008_last_all": null,
            "at_2009_last_all": 20.29,
            "at_2010_last_all": -4.6,
            "at_2011_last_all": -22.09,
            "at_2012_last_all": 2.33,
            "at_2013_last_all": 5.18,
            "at_2014_last_all": 1.51,
            "at_2015_last_all": -7.54,
            "at_2016_last_all": 4.41,
            "at_2017_last_all": 0.4,
            "at_2018_last_all": 3.82,
            "at_2019_last_all": -3.89,
            "at_2020_last_all": 4.1,
            "at_2021_last_all": 10.95,
            "at_2022_last_all": 4.81,
            "at_2023_last_all": 0.85,
            "at_2024_last_all": 0.85
        },
        "latest_eps": 0.22,
        "latest_price": 30.7,
        "latest_roe": 0.82,
        "latest_gross_margin": 20.36,
        "latest_equity": 2359356,
        "latest_revenue": 461649,
        "latest_gross_profit": 93984,
        "latest_net_income": 47628,
        "latest_debt_ratio": 45.31,
        "latest_current_ratio": 213.82,
        "latest_account_receivable_turnover_ratio": 9.08,
        "latest_inventory_turnover_ratio": 0.13,
        "latest_reinvestment_rate": -0.72,
        "latest_research_to_sale_ratio": null
    },
    "eps_dividends": {
        "2001": {
            "cash": 0,
            "stock": 0,
            "eps": 0
        },
        "2002": {
            "cash": 0,
            "stock": 0,
            "eps": 0
        },
        "2003": {
            "cash": 0,
            "stock": 0,
            "eps": 0
        },
        "2004": {
            "cash": 0,
            "stock": 0,
            "eps": 0
        },
        "2005": {
            "cash": 0,
            "stock": 0,
            "eps": 0
        },
        "2006": {
            "cash": 0,
            "stock": 0,
            "eps": 0
        },
        "2007": {
            "cash": 0.2,
            "stock": 1.6,
            "eps": 2.67
        },
        "2008": {
            "cash": 0.5,
            "stock": 1.5,
            "eps": 5.12
        },
        "2009": {
            "cash": 0.5,
            "stock": 2,
            "eps": 2.5
        },
        "2010": {
            "cash": 1.5,
            "stock": 0,
            "eps": 1.14
        },
        "2011": {
            "cash": 1.2,
            "stock": 0,
            "eps": 0.29
        },
        "2012": {
            "cash": 0.5,
            "stock": 0.5,
            "eps": 2.57
        },
        "2013": {
            "cash": 1.49,
            "stock": 0,
            "eps": 3.07
        },
        "2014": {
            "cash": 1.6,
            "stock": 0,
            "eps": 2.44
        },
        "2015": {
            "cash": 1.5,
            "stock": 0,
            "eps": 0.71
        },
        "2016": {
            "cash": 1,
            "stock": 0,
            "eps": 4.21
        },
        "2017": {
            "cash": 2.2,
            "stock": 0,
            "eps": 2.71
        },
        "2018": {
            "cash": 2,
            "stock": 0.27,
            "eps": 3.74
        },
        "2019": {
            "cash": 2,
            "stock": 0,
            "eps": 0.42
        },
        "2020": {
            "cash": 1,
            "stock": 0,
            "eps": 1.46
        },
        "2021": {
            "cash": 1.2,
            "stock": 0,
            "eps": 3.06
        },
        "2022": {
            "cash": 1.5,
            "stock": 0,
            "eps": 0.58
        },
        "2023": {
            "cash": 1,
            "stock": 0,
            "eps": 0.24
        }
    },
    "dividends": {
        "2007-04-26": {
            "cash": 0.2,
            "stock": 1.6
        },
        "2008-04-17": {
            "cash": 0.5,
            "stock": 1.5
        },
        "2009-03-06": {
            "cash": 0.5,
            "stock": 2
        },
        "2010-04-28": {
            "cash": 1.5,
            "stock": 0
        },
        "2011-04-27": {
            "cash": 1.2,
            "stock": 0
        },
        "2012-04-25": {
            "cash": 0.5,
            "stock": 0.5
        },
        "2013-06-28": {
            "cash": 1.49,
            "stock": 0
        },
        "2014-09-25": {
            "cash": 1.6,
            "stock": 0
        },
        "2015-08-14": {
            "cash": 1.5,
            "stock": 0
        },
        "2016-08-12": {
            "cash": 1,
            "stock": 0
        },
        "2017-07-28": {
            "cash": 2.2,
            "stock": 0
        },
        "2018-10-01": {
            "cash": 2,
            "stock": 0.27
        },
        "2019-08-20": {
            "cash": 2,
            "stock": 0
        },
        "2020-08-20": {
            "cash": 1,
            "stock": 0
        },
        "2021-09-17": {
            "cash": 1.2,
            "stock": 0
        },
        "2022-08-30": {
            "cash": 1.5,
            "stock": 0
        },
        "2023-08-28": {
            "cash": 1,
            "stock": 0
        }
    },
    "prices": {
        "200101": "無",
        "200102": "無",
        "200103": "無",
        "200104": "無",
        "200105": "無",
        "200106": "無",
        "200107": "無",
        "200108": "無",
        "200109": "無",
        "200110": "無",
        "200111": "無",
        "200112": "無",
        "200201": "無",
        "200202": "無",
        "200203": "無",
        "200204": "無",
        "200205": "無",
        "200206": "無",
        "200207": "無",
        "200208": "無",
        "200209": "無",
        "200210": "無",
        "200211": "無",
        "200212": "無",
        "200301": "無",
        "200302": "無",
        "200303": "無",
        "200304": "無",
        "200305": "無",
        "200306": "無",
        "200307": "無",
        "200308": "無",
        "200309": "無",
        "200310": "無",
        "200311": "無",
        "200312": "無",
        "200401": "無",
        "200402": "無",
        "200403": "無",
        "200404": "無",
        "200405": "無",
        "200406": "無",
        "200407": "無",
        "200408": "無",
        "200409": "無",
        "200410": "無",
        "200411": "無",
        "200412": "無",
        "200501": "無",
        "200502": "無",
        "200503": "無",
        "200504": "無",
        "200505": "無",
        "200506": "無",
        "200507": "無",
        "200508": "無",
        "200509": "無",
        "200510": "無",
        "200511": "無",
        "200512": "無",
        "200601": "無",
        "200602": "無",
        "200603": "無",
        "200604": "無",
        "200605": "無",
        "200606": "無",
        "200607": "無",
        "200608": "無",
        "200609": "無",
        "200610": "無",
        "200611": "無",
        "200612": "無",
        "200701": "無",
        "200702": "無",
        "200703": "無",
        "200704": "無",
        "200705": "無",
        "200706": "無",
        "200707": "無",
        "200708": "無",
        "200709": "18.95",
        "200710": "18.12",
        "200711": "18.10",
        "200712": "17.63",
        "200801": "18.25",
        "200802": "16.60",
        "200803": "16.64",
        "200804": "17.02",
        "200805": "17.25",
        "200806": "17.39",
        "200807": "18.29",
        "200808": "18.31",
        "200809": "17.03",
        "200810": "12.71",
        "200811": "11.24",
        "200812": "11.59",
        "200901": "11.87",
        "200902": "12.46",
        "200903": "15.54",
        "200904": "21.85",
        "200905": "30.12",
        "200906": "27.17",
        "200907": "26.36",
        "200908": "24.62",
        "200909": "22.11",
        "200910": "22.73",
        "200911": "21.64",
        "200912": "23.39",
        "201001": "26.09",
        "201002": "22.69",
        "201003": "24.75",
        "201004": "25.82",
        "201005": "23.87",
        "201006": "22.84",
        "201007": "22.81",
        "201008": "22.15",
        "201009": "20.59",
        "201010": "19.52",
        "201011": "18.18",
        "201012": "19.37",
        "201101": "19.96",
        "201102": "19.36",
        "201103": "17.73",
        "201104": "18.01",
        "201105": "17.69",
        "201106": "17.48",
        "201107": "17.54",
        "201108": "15.85",
        "201109": "14.04",
        "201110": "13.78",
        "201111": "14.06",
        "201112": "13.61",
        "201201": "12.94",
        "201202": "14.03",
        "201203": "16.36",
        "201204": "16.24",
        "201205": "16.50",
        "201206": "16.22",
        "201207": "16.34",
        "201208": "16.50",
        "201209": "17.42",
        "201210": "17.20",
        "201211": "17.10",
        "201212": "17.41",
        "201301": "18.00",
        "201302": "17.99",
        "201303": "18.52",
        "201304": "22.25",
        "201305": "22.07",
        "201306": "21.53",
        "201307": "21.71",
        "201308": "21.12",
        "201309": "18.66",
        "201310": "17.77",
        "201311": "17.51",
        "201312": "17.79",
        "201401": "18.32",
        "201402": "18.59",
        "201403": "19.26",
        "201404": "19.44",
        "201405": "19.07",
        "201406": "19.04",
        "201407": "18.60",
        "201408": "18.87",
        "201409": "17.42",
        "201410": "17.10",
        "201411": "17.29",
        "201412": "17.59",
        "201501": "17.80",
        "201502": "17.86",
        "201503": "18.40",
        "201504": "18.32",
        "201505": "17.93",
        "201506": "18.03",
        "201507": "17.18",
        "201508": "14.12",
        "201509": "13.72",
        "201510": "12.98",
        "201511": "12.76",
        "201512": "12.62",
        "201601": "12.48",
        "201602": "12.66",
        "201603": "13.13",
        "201604": "13.62",
        "201605": "13.52",
        "201606": "13.70",
        "201607": "13.73",
        "201608": "13.71",
        "201609": "14.31",
        "201610": "16.83",
        "201611": "18.08",
        "201612": "18.63",
        "201701": "19.33",
        "201702": "20.96",
        "201703": "21.12",
        "201704": "19.99",
        "201705": "20.18",
        "201706": "20.43",
        "201707": "18.03",
        "201708": "16.75",
        "201709": "17.05",
        "201710": "16.76",
        "201711": "16.83",
        "201712": "16.80",
        "201801": "17.38",
        "201802": "17.02",
        "201803": "17.18",
        "201804": "18.65",
        "201805": "22.09",
        "201806": "25.62",
        "201807": "24.89",
        "201808": "23.51",
        "201809": "21.72",
        "201810": "21.57",
        "201811": "21.15",
        "201812": "21.29",
        "201901": "21.35",
        "201902": "22.00",
        "201903": "23.16",
        "201904": "23.42",
        "201905": "23.03",
        "201906": "22.31",
        "201907": "21.75",
        "201908": "20.40",
        "201909": "20.32",
        "201910": "20.30",
        "201911": "20.60",
        "201912": "21.94",
        "202001": "21.86",
        "202002": "21.30",
        "202003": "18.11",
        "202004": "17.55",
        "202005": "19.17",
        "202006": "20.88",
        "202007": "22.03",
        "202008": "21.20",
        "202009": "21.33",
        "202010": "21.34",
        "202011": "21.40",
        "202012": "21.48",
        "202101": "20.56",
        "202102": "20.40",
        "202103": "21.50",
        "202104": "21.61",
        "202105": "21.26",
        "202106": "21.74",
        "202107": "23.07",
        "202108": "23.28",
        "202109": "24.18",
        "202110": "25.28",
        "202111": "24.14",
        "202112": "23.06",
        "202201": "21.94",
        "202202": "21.99",
        "202203": "21.96",
        "202204": "21.84",
        "202205": "20.30",
        "202206": "20.06",
        "202207": "19.18",
        "202208": "18.21",
        "202209": "18.01",
        "202210": "17.29",
        "202211": "17.04",
        "202212": "17.33",
        "202301": "17.89",
        "202302": "19.07",
        "202303": "21.32",
        "202304": "22.29",
        "202305": "22.46",
        "202306": "22.63",
        "202307": "22.32",
        "202308": "21.88",
        "202309": "23.30",
        "202310": "23.32",
        "202311": "22.78",
        "202312": "23.25"
    },
    "quarters": {
        "20011": {
            "year_quarter": 20011,
            "year": 2001,
            "quarter": 1,
            "eps": null,
            "eps_growth_year": null,
            "eps_4q": null,
            "eps_4q_growth_year": null,
            "roe": null,
            "roe_4q": 0,
            "gross_profit": null,
            "gross_margin": null,
            "gross_margin_4q_avg": 0,
            "net_income": null,
            "net_income_4q": null,
            "revenue": null,
            "revenue_4q": null,
            "common_shares": null,
            "book_valuer_per_share": null,
            "book_valuer_per_share_4q_avg": 0,
            "equity": null,
            "current_ratio": null,
            "debt_ratio": null,
            "inventory_turnover_ratio": null,
            "account_receivable_turnover_ratio": null,
            "reinvestment_rate": null,
            "research_to_sale_ratio": null,
            "price_fair": 0,
            "eps_avg_yearly": 0,
            "eps_latest_yearly": 0,
            "eps_growth_yearly": 0
        },
        "20012": {
            "year_quarter": 20012,
            "year": 2001,
            "quarter": 2,
            "eps": null,
            "eps_growth_year": null,
            "eps_4q": null,
            "eps_4q_growth_year": null,
            "roe": null,
            "roe_4q": 0,
            "gross_profit": null,
            "gross_margin": null,
            "gross_margin_4q_avg": 0,
            "net_income": null,
            "net_income_4q": null,
            "revenue": null,
            "revenue_4q": null,
            "common_shares": null,
            "book_valuer_per_share": null,
            "book_valuer_per_share_4q_avg": 0,
            "equity": null,
            "current_ratio": null,
            "debt_ratio": null,
            "inventory_turnover_ratio": null,
            "account_receivable_turnover_ratio": null,
            "reinvestment_rate": null,
            "research_to_sale_ratio": null,
            "price_fair": 0,
            "eps_avg_yearly": 0,
            "eps_latest_yearly": 0,
            "eps_growth_yearly": 0
        },
        "20013": {
            "year_quarter": 20013,
            "year": 2001,
            "quarter": 3,
            "eps": null,
            "eps_growth_year": null,
            "eps_4q": null,
            "eps_4q_growth_year": null,
            "roe": null,
            "roe_4q": 0,
            "gross_profit": null,
            "gross_margin": null,
            "gross_margin_4q_avg": 0,
            "net_income": null,
            "net_income_4q": null,
            "revenue": null,
            "revenue_4q": null,
            "common_shares": null,
            "book_valuer_per_share": null,
            "book_valuer_per_share_4q_avg": 0,
            "equity": null,
            "current_ratio": null,
            "debt_ratio": null,
            "inventory_turnover_ratio": null,
            "account_receivable_turnover_ratio": null,
            "reinvestment_rate": null,
            "research_to_sale_ratio": null,
            "price_fair": 0,
            "eps_avg_yearly": 0,
            "eps_latest_yearly": 0,
            "eps_growth_yearly": 0
        },
        "20014": {
            "year_quarter": 20014,
            "year": 2001,
            "quarter": 4,
            "eps": null,
            "eps_growth_year": null,
            "eps_4q": null,
            "eps_4q_growth_year": null,
            "roe": null,
            "roe_4q": 0,
            "gross_profit": null,
            "gross_margin": null,
            "gross_margin_4q_avg": 0,
            "net_income": null,
            "net_income_4q": null,
            "revenue": null,
            "revenue_4q": null,
            "common_shares": 36000,
            "book_valuer_per_share": 9.8,
            "book_valuer_per_share_4q_avg": 2.45,
            "equity": 35274,
            "current_ratio": 3648.42,
            "debt_ratio": 2.37,
            "inventory_turnover_ratio": null,
            "account_receivable_turnover_ratio": null,
            "reinvestment_rate": null,
            "research_to_sale_ratio": null,
            "price_fair": 0,
            "eps_avg_yearly": 0,
            "eps_latest_yearly": 0,
            "eps_growth_yearly": 0
        },
        "20021": {
            "year_quarter": 20021,
            "year": 2002,
            "quarter": 1,
            "eps": null,
            "eps_growth_year": null,
            "eps_4q": null,
            "eps_4q_growth_year": null,
            "roe": null,
            "roe_4q": 0,
            "gross_profit": null,
            "gross_margin": null,
            "gross_margin_4q_avg": 0,
            "net_income": null,
            "net_income_4q": null,
            "revenue": null,
            "revenue_4q": null,
            "common_shares": null,
            "book_valuer_per_share": null,
            "book_valuer_per_share_4q_avg": 2.45,
            "equity": null,
            "current_ratio": null,
            "debt_ratio": null,
            "inventory_turnover_ratio": null,
            "account_receivable_turnover_ratio": null,
            "reinvestment_rate": null,
            "research_to_sale_ratio": null,
            "price_fair": 0,
            "eps_avg_yearly": 0,
            "eps_latest_yearly": 0,
            "eps_growth_yearly": 0
        },
        "20022": {
            "year_quarter": 20022,
            "year": 2002,
            "quarter": 2,
            "eps": null,
            "eps_growth_year": null,
            "eps_4q": null,
            "eps_4q_growth_year": null,
            "roe": null,
            "roe_4q": 0,
            "gross_profit": null,
            "gross_margin": null,
            "gross_margin_4q_avg": 0,
            "net_income": null,
            "net_income_4q": null,
            "revenue": null,
            "revenue_4q": null,
            "common_shares": null,
            "book_valuer_per_share": null,
            "book_valuer_per_share_4q_avg": 2.45,
            "equity": null,
            "current_ratio": null,
            "debt_ratio": null,
            "inventory_turnover_ratio": null,
            "account_receivable_turnover_ratio": null,
            "reinvestment_rate": null,
            "research_to_sale_ratio": null,
            "price_fair": 0,
            "eps_avg_yearly": 0,
            "eps_latest_yearly": 0,
            "eps_growth_yearly": 0
        },
        "20023": {
            "year_quarter": 20023,
            "year": 2002,
            "quarter": 3,
            "eps": null,
            "eps_growth_year": null,
            "eps_4q": null,
            "eps_4q_growth_year": null,
            "roe": null,
            "roe_4q": 0,
            "gross_profit": null,
            "gross_margin": null,
            "gross_margin_4q_avg": 0,
            "net_income": null,
            "net_income_4q": null,
            "revenue": null,
            "revenue_4q": null,
            "common_shares": null,
            "book_valuer_per_share": null,
            "book_valuer_per_share_4q_avg": 2.45,
            "equity": null,
            "current_ratio": null,
            "debt_ratio": null,
            "inventory_turnover_ratio": null,
            "account_receivable_turnover_ratio": null,
            "reinvestment_rate": null,
            "research_to_sale_ratio": null,
            "price_fair": 0,
            "eps_avg_yearly": 0,
            "eps_latest_yearly": 0,
            "eps_growth_yearly": 0
        },
        "20024": {
            "year_quarter": 20024,
            "year": 2002,
            "quarter": 4,
            "eps": null,
            "eps_growth_year": null,
            "eps_4q": null,
            "eps_4q_growth_year": null,
            "roe": null,
            "roe_4q": 0,
            "gross_profit": null,
            "gross_margin": null,
            "gross_margin_4q_avg": 0,
            "net_income": null,
            "net_income_4q": null,
            "revenue": null,
            "revenue_4q": null,
            "common_shares": 72000,
            "book_valuer_per_share": 8.96,
            "book_valuer_per_share_4q_avg": 2.24,
            "equity": 64524,
            "current_ratio": 403.64,
            "debt_ratio": 30.43,
            "inventory_turnover_ratio": null,
            "account_receivable_turnover_ratio": null,
            "reinvestment_rate": null,
            "research_to_sale_ratio": null,
            "price_fair": 0,
            "eps_avg_yearly": 0,
            "eps_latest_yearly": 0,
            "eps_growth_yearly": 0
        },
        "20031": {
            "year_quarter": 20031,
            "year": 2003,
            "quarter": 1,
            "eps": null,
            "eps_growth_year": null,
            "eps_4q": null,
            "eps_4q_growth_year": null,
            "roe": null,
            "roe_4q": 0,
            "gross_profit": null,
            "gross_margin": null,
            "gross_margin_4q_avg": 0,
            "net_income": null,
            "net_income_4q": null,
            "revenue": null,
            "revenue_4q": null,
            "common_shares": null,
            "book_valuer_per_share": null,
            "book_valuer_per_share_4q_avg": 2.24,
            "equity": null,
            "current_ratio": null,
            "debt_ratio": null,
            "inventory_turnover_ratio": null,
            "account_receivable_turnover_ratio": null,
            "reinvestment_rate": null,
            "research_to_sale_ratio": null,
            "price_fair": 0,
            "eps_avg_yearly": 0,
            "eps_latest_yearly": 0,
            "eps_growth_yearly": 0
        },
        "20032": {
            "year_quarter": 20032,
            "year": 2003,
            "quarter": 2,
            "eps": null,
            "eps_growth_year": null,
            "eps_4q": null,
            "eps_4q_growth_year": null,
            "roe": null,
            "roe_4q": 0,
            "gross_profit": null,
            "gross_margin": null,
            "gross_margin_4q_avg": 0,
            "net_income": null,
            "net_income_4q": null,
            "revenue": null,
            "revenue_4q": null,
            "common_shares": null,
            "book_valuer_per_share": null,
            "book_valuer_per_share_4q_avg": 2.24,
            "equity": null,
            "current_ratio": null,
            "debt_ratio": null,
            "inventory_turnover_ratio": null,
            "account_receivable_turnover_ratio": null,
            "reinvestment_rate": null,
            "research_to_sale_ratio": null,
            "price_fair": 0,
            "eps_avg_yearly": 0,
            "eps_latest_yearly": 0,
            "eps_growth_yearly": 0
        },
        "20033": {
            "year_quarter": 20033,
            "year": 2003,
            "quarter": 3,
            "eps": null,
            "eps_growth_year": null,
            "eps_4q": null,
            "eps_4q_growth_year": null,
            "roe": null,
            "roe_4q": 0,
            "gross_profit": null,
            "gross_margin": null,
            "gross_margin_4q_avg": 0,
            "net_income": null,
            "net_income_4q": null,
            "revenue": null,
            "revenue_4q": null,
            "common_shares": null,
            "book_valuer_per_share": null,
            "book_valuer_per_share_4q_avg": 2.24,
            "equity": null,
            "current_ratio": null,
            "debt_ratio": null,
            "inventory_turnover_ratio": null,
            "account_receivable_turnover_ratio": null,
            "reinvestment_rate": null,
            "research_to_sale_ratio": null,
            "price_fair": 0,
            "eps_avg_yearly": 0,
            "eps_latest_yearly": 0,
            "eps_growth_yearly": 0
        },
        "20034": {
            "year_quarter": 20034,
            "year": 2003,
            "quarter": 4,
            "eps": null,
            "eps_growth_year": null,
            "eps_4q": null,
            "eps_4q_growth_year": null,
            "roe": null,
            "roe_4q": 0,
            "gross_profit": null,
            "gross_margin": null,
            "gross_margin_4q_avg": 0,
            "net_income": null,
            "net_income_4q": null,
            "revenue": null,
            "revenue_4q": null,
            "common_shares": 72000,
            "book_valuer_per_share": 9.08,
            "book_valuer_per_share_4q_avg": 2.27,
            "equity": 65397,
            "current_ratio": 424.08,
            "debt_ratio": 71.53,
            "inventory_turnover_ratio": null,
            "account_receivable_turnover_ratio": null,
            "reinvestment_rate": null,
            "research_to_sale_ratio": null,
            "price_fair": 0,
            "eps_avg_yearly": 0,
            "eps_latest_yearly": 0,
            "eps_growth_yearly": 0
        },
        "20041": {
            "year_quarter": 20041,
            "year": 2004,
            "quarter": 1,
            "eps": null,
            "eps_growth_year": null,
            "eps_4q": null,
            "eps_4q_growth_year": null,
            "roe": null,
            "roe_4q": 0,
            "gross_profit": null,
            "gross_margin": null,
            "gross_margin_4q_avg": 0,
            "net_income": null,
            "net_income_4q": null,
            "revenue": null,
            "revenue_4q": null,
            "common_shares": null,
            "book_valuer_per_share": null,
            "book_valuer_per_share_4q_avg": 2.27,
            "equity": null,
            "current_ratio": null,
            "debt_ratio": null,
            "inventory_turnover_ratio": null,
            "account_receivable_turnover_ratio": null,
            "reinvestment_rate": null,
            "research_to_sale_ratio": null,
            "price_fair": 0,
            "eps_avg_yearly": 0,
            "eps_latest_yearly": 0,
            "eps_growth_yearly": 0
        },
        "20042": {
            "year_quarter": 20042,
            "year": 2004,
            "quarter": 2,
            "eps": null,
            "eps_growth_year": null,
            "eps_4q": null,
            "eps_4q_growth_year": null,
            "roe": null,
            "roe_4q": 0,
            "gross_profit": null,
            "gross_margin": null,
            "gross_margin_4q_avg": 0,
            "net_income": null,
            "net_income_4q": null,
            "revenue": null,
            "revenue_4q": null,
            "common_shares": null,
            "book_valuer_per_share": null,
            "book_valuer_per_share_4q_avg": 2.27,
            "equity": null,
            "current_ratio": null,
            "debt_ratio": null,
            "inventory_turnover_ratio": null,
            "account_receivable_turnover_ratio": null,
            "reinvestment_rate": null,
            "research_to_sale_ratio": null,
            "price_fair": 0,
            "eps_avg_yearly": 0,
            "eps_latest_yearly": 0,
            "eps_growth_yearly": 0
        },
        "20043": {
            "year_quarter": 20043,
            "year": 2004,
            "quarter": 3,
            "eps": null,
            "eps_growth_year": null,
            "eps_4q": null,
            "eps_4q_growth_year": null,
            "roe": null,
            "roe_4q": 0,
            "gross_profit": null,
            "gross_margin": null,
            "gross_margin_4q_avg": 0,
            "net_income": null,
            "net_income_4q": null,
            "revenue": null,
            "revenue_4q": null,
            "common_shares": null,
            "book_valuer_per_share": null,
            "book_valuer_per_share_4q_avg": 2.27,
            "equity": null,
            "current_ratio": null,
            "debt_ratio": null,
            "inventory_turnover_ratio": null,
            "account_receivable_turnover_ratio": null,
            "reinvestment_rate": null,
            "research_to_sale_ratio": null,
            "price_fair": 0,
            "eps_avg_yearly": 0,
            "eps_latest_yearly": 0,
            "eps_growth_yearly": 0
        },
        "20044": {
            "year_quarter": 20044,
            "year": 2004,
            "quarter": 4,
            "eps": null,
            "eps_growth_year": null,
            "eps_4q": null,
            "eps_4q_growth_year": null,
            "roe": null,
            "roe_4q": 0,
            "gross_profit": null,
            "gross_margin": null,
            "gross_margin_4q_avg": 0,
            "net_income": null,
            "net_income_4q": null,
            "revenue": null,
            "revenue_4q": null,
            "common_shares": 312000,
            "book_valuer_per_share": 12.52,
            "book_valuer_per_share_4q_avg": 3.13,
            "equity": 390679,
            "current_ratio": 329.51,
            "debt_ratio": 41.06,
            "inventory_turnover_ratio": null,
            "account_receivable_turnover_ratio": null,
            "reinvestment_rate": null,
            "research_to_sale_ratio": null,
            "price_fair": 0,
            "eps_avg_yearly": 0,
            "eps_latest_yearly": 0,
            "eps_growth_yearly": 0
        },
        "20051": {
            "year_quarter": 20051,
            "year": 2005,
            "quarter": 1,
            "eps": null,
            "eps_growth_year": null,
            "eps_4q": null,
            "eps_4q_growth_year": null,
            "roe": null,
            "roe_4q": 0,
            "gross_profit": null,
            "gross_margin": null,
            "gross_margin_4q_avg": 0,
            "net_income": null,
            "net_income_4q": null,
            "revenue": null,
            "revenue_4q": null,
            "common_shares": null,
            "book_valuer_per_share": null,
            "book_valuer_per_share_4q_avg": 3.13,
            "equity": null,
            "current_ratio": null,
            "debt_ratio": null,
            "inventory_turnover_ratio": null,
            "account_receivable_turnover_ratio": null,
            "reinvestment_rate": null,
            "research_to_sale_ratio": null,
            "price_fair": 0,
            "eps_avg_yearly": 0,
            "eps_latest_yearly": 0,
            "eps_growth_yearly": 0
        },
        "20052": {
            "year_quarter": 20052,
            "year": 2005,
            "quarter": 2,
            "eps": null,
            "eps_growth_year": null,
            "eps_4q": null,
            "eps_4q_growth_year": null,
            "roe": null,
            "roe_4q": 0,
            "gross_profit": null,
            "gross_margin": null,
            "gross_margin_4q_avg": 0,
            "net_income": null,
            "net_income_4q": null,
            "revenue": null,
            "revenue_4q": null,
            "common_shares": null,
            "book_valuer_per_share": null,
            "book_valuer_per_share_4q_avg": 3.13,
            "equity": null,
            "current_ratio": null,
            "debt_ratio": null,
            "inventory_turnover_ratio": null,
            "account_receivable_turnover_ratio": null,
            "reinvestment_rate": null,
            "research_to_sale_ratio": null,
            "price_fair": 0,
            "eps_avg_yearly": 0,
            "eps_latest_yearly": 0,
            "eps_growth_yearly": 0
        },
        "20053": {
            "year_quarter": 20053,
            "year": 2005,
            "quarter": 3,
            "eps": null,
            "eps_growth_year": null,
            "eps_4q": null,
            "eps_4q_growth_year": null,
            "roe": null,
            "roe_4q": 0,
            "gross_profit": null,
            "gross_margin": null,
            "gross_margin_4q_avg": 0,
            "net_income": null,
            "net_income_4q": null,
            "revenue": null,
            "revenue_4q": null,
            "common_shares": null,
            "book_valuer_per_share": null,
            "book_valuer_per_share_4q_avg": 3.13,
            "equity": null,
            "current_ratio": null,
            "debt_ratio": null,
            "inventory_turnover_ratio": null,
            "account_receivable_turnover_ratio": null,
            "reinvestment_rate": null,
            "research_to_sale_ratio": null,
            "price_fair": 0,
            "eps_avg_yearly": 0,
            "eps_latest_yearly": 0,
            "eps_growth_yearly": 0
        },
        "20054": {
            "year_quarter": 20054,
            "year": 2005,
            "quarter": 4,
            "eps": null,
            "eps_growth_year": null,
            "eps_4q": null,
            "eps_4q_growth_year": null,
            "roe": null,
            "roe_4q": 0,
            "gross_profit": null,
            "gross_margin": null,
            "gross_margin_4q_avg": 0,
            "net_income": null,
            "net_income_4q": null,
            "revenue": null,
            "revenue_4q": null,
            "common_shares": 312000,
            "book_valuer_per_share": 13.11,
            "book_valuer_per_share_4q_avg": 3.28,
            "equity": 409093,
            "current_ratio": 314.27,
            "debt_ratio": 29.86,
            "inventory_turnover_ratio": null,
            "account_receivable_turnover_ratio": null,
            "reinvestment_rate": null,
            "research_to_sale_ratio": null,
            "price_fair": 0,
            "eps_avg_yearly": 0,
            "eps_latest_yearly": 0,
            "eps_growth_yearly": 0
        },
        "20061": {
            "year_quarter": 20061,
            "year": 2006,
            "quarter": 1,
            "eps": null,
            "eps_growth_year": null,
            "eps_4q": null,
            "eps_4q_growth_year": null,
            "roe": null,
            "roe_4q": 0,
            "gross_profit": null,
            "gross_margin": null,
            "gross_margin_4q_avg": 0,
            "net_income": null,
            "net_income_4q": null,
            "revenue": null,
            "revenue_4q": null,
            "common_shares": null,
            "book_valuer_per_share": null,
            "book_valuer_per_share_4q_avg": 3.28,
            "equity": null,
            "current_ratio": null,
            "debt_ratio": null,
            "inventory_turnover_ratio": null,
            "account_receivable_turnover_ratio": null,
            "reinvestment_rate": null,
            "research_to_sale_ratio": null,
            "price_fair": 0,
            "eps_avg_yearly": 0,
            "eps_latest_yearly": 0,
            "eps_growth_yearly": 0
        },
        "20062": {
            "year_quarter": 20062,
            "year": 2006,
            "quarter": 2,
            "eps": null,
            "eps_growth_year": null,
            "eps_4q": null,
            "eps_4q_growth_year": null,
            "roe": null,
            "roe_4q": 0,
            "gross_profit": null,
            "gross_margin": null,
            "gross_margin_4q_avg": 0,
            "net_income": null,
            "net_income_4q": null,
            "revenue": null,
            "revenue_4q": null,
            "common_shares": null,
            "book_valuer_per_share": null,
            "book_valuer_per_share_4q_avg": 3.28,
            "equity": null,
            "current_ratio": null,
            "debt_ratio": null,
            "inventory_turnover_ratio": null,
            "account_receivable_turnover_ratio": null,
            "reinvestment_rate": null,
            "research_to_sale_ratio": null,
            "price_fair": 0,
            "eps_avg_yearly": 0,
            "eps_latest_yearly": 0,
            "eps_growth_yearly": 0
        },
        "20063": {
            "year_quarter": 20063,
            "year": 2006,
            "quarter": 3,
            "eps": null,
            "eps_growth_year": null,
            "eps_4q": null,
            "eps_4q_growth_year": null,
            "roe": null,
            "roe_4q": 0,
            "gross_profit": null,
            "gross_margin": null,
            "gross_margin_4q_avg": 0,
            "net_income": null,
            "net_income_4q": null,
            "revenue": null,
            "revenue_4q": null,
            "common_shares": null,
            "book_valuer_per_share": null,
            "book_valuer_per_share_4q_avg": 3.28,
            "equity": null,
            "current_ratio": null,
            "debt_ratio": null,
            "inventory_turnover_ratio": null,
            "account_receivable_turnover_ratio": null,
            "reinvestment_rate": null,
            "research_to_sale_ratio": null,
            "price_fair": 0,
            "eps_avg_yearly": 0,
            "eps_latest_yearly": 0,
            "eps_growth_yearly": 0
        },
        "20064": {
            "year_quarter": 20064,
            "year": 2006,
            "quarter": 4,
            "eps": null,
            "eps_growth_year": null,
            "eps_4q": null,
            "eps_4q_growth_year": null,
            "roe": null,
            "roe_4q": 0,
            "gross_profit": null,
            "gross_margin": null,
            "gross_margin_4q_avg": 0,
            "net_income": null,
            "net_income_4q": null,
            "revenue": null,
            "revenue_4q": null,
            "common_shares": 358800,
            "book_valuer_per_share": 12.66,
            "book_valuer_per_share_4q_avg": 3.17,
            "equity": 454208,
            "current_ratio": 177.89,
            "debt_ratio": 55.42,
            "inventory_turnover_ratio": null,
            "account_receivable_turnover_ratio": null,
            "reinvestment_rate": null,
            "research_to_sale_ratio": null,
            "price_fair": 0,
            "eps_avg_yearly": 0,
            "eps_latest_yearly": 0,
            "eps_growth_yearly": 0
        },
        "20071": {
            "year_quarter": 20071,
            "year": 2007,
            "quarter": 1,
            "eps": -0.2,
            "eps_growth_year": null,
            "eps_4q": null,
            "eps_4q_growth_year": null,
            "roe": -1.6,
            "roe_4q": -1.6,
            "gross_profit": 0,
            "gross_margin": null,
            "gross_margin_4q_avg": 0,
            "net_income": -7217,
            "net_income_4q": null,
            "revenue": 0,
            "revenue_4q": null,
            "common_shares": 358800,
            "book_valuer_per_share": 12.46,
            "book_valuer_per_share_4q_avg": 6.28,
            "equity": 446991,
            "current_ratio": 164.96,
            "debt_ratio": 58.5,
            "inventory_turnover_ratio": 0,
            "account_receivable_turnover_ratio": null,
            "reinvestment_rate": null,
            "research_to_sale_ratio": null,
            "price_fair": 0,
            "eps_avg_yearly": 0,
            "eps_latest_yearly": 0,
            "eps_growth_yearly": 0
        },
        "20072": {
            "year_quarter": 20072,
            "year": 2007,
            "quarter": 2,
            "eps": -0.31,
            "eps_growth_year": null,
            "eps_4q": null,
            "eps_4q_growth_year": null,
            "roe": -2.94,
            "roe_4q": -4.54,
            "gross_profit": 0,
            "gross_margin": null,
            "gross_margin_4q_avg": 0,
            "net_income": -12810,
            "net_income_4q": null,
            "revenue": 0,
            "revenue_4q": null,
            "common_shares": 358800,
            "book_valuer_per_share": 11.87,
            "book_valuer_per_share_4q_avg": 9.25,
            "equity": 425813,
            "current_ratio": 149.6,
            "debt_ratio": 65.2,
            "inventory_turnover_ratio": 0,
            "account_receivable_turnover_ratio": null,
            "reinvestment_rate": null,
            "research_to_sale_ratio": null,
            "price_fair": 0,
            "eps_avg_yearly": 0,
            "eps_latest_yearly": 0,
            "eps_growth_yearly": 0
        },
        "20073": {
            "year_quarter": 20073,
            "year": 2007,
            "quarter": 3,
            "eps": 0.3,
            "eps_growth_year": null,
            "eps_4q": null,
            "eps_4q_growth_year": null,
            "roe": 3.18,
            "roe_4q": -1.3599999999999999,
            "gross_profit": 20255,
            "gross_margin": 44.48,
            "gross_margin_4q_avg": 11.12,
            "net_income": 14569,
            "net_income_4q": null,
            "revenue": 45533,
            "revenue_4q": null,
            "common_shares": 450000,
            "book_valuer_per_share": 10.91,
            "book_valuer_per_share_4q_avg": 11.98,
            "equity": 491070,
            "current_ratio": 150.05,
            "debt_ratio": 63.36,
            "inventory_turnover_ratio": 0.02,
            "account_receivable_turnover_ratio": null,
            "reinvestment_rate": null,
            "research_to_sale_ratio": null,
            "price_fair": 0,
            "eps_avg_yearly": 0,
            "eps_latest_yearly": 0,
            "eps_growth_yearly": 0
        },
        "20074": {
            "year_quarter": 20074,
            "year": 2007,
            "quarter": 4,
            "eps": 2.88,
            "eps_growth_year": null,
            "eps_4q": 2.75,
            "eps_4q_growth_year": null,
            "roe": 22.57,
            "roe_4q": 21.209999999999997,
            "gross_profit": 148252,
            "gross_margin": 36.6,
            "gross_margin_4q_avg": 20.27,
            "net_income": 124932,
            "net_income_4q": null,
            "revenue": 405109,
            "revenue_4q": null,
            "common_shares": 450000,
            "book_valuer_per_share": 13.69,
            "book_valuer_per_share_4q_avg": 12.23,
            "equity": 616002,
            "current_ratio": 173.76,
            "debt_ratio": 54.21,
            "inventory_turnover_ratio": 0.24,
            "account_receivable_turnover_ratio": null,
            "reinvestment_rate": null,
            "research_to_sale_ratio": null,
            "price_fair": 403.2,
            "eps_avg_yearly": 11.52,
            "eps_latest_yearly": 11.52,
            "eps_growth_yearly": 3440
        },
        "20081": {
            "year_quarter": 20081,
            "year": 2008,
            "quarter": 1,
            "eps": 0.79,
            "eps_growth_year": null,
            "eps_4q": 3.61,
            "eps_4q_growth_year": null,
            "roe": 5.6,
            "roe_4q": 28.41,
            "gross_profit": 52928,
            "gross_margin": 41.12,
            "gross_margin_4q_avg": 30.55,
            "net_income": 35506,
            "net_income_4q": null,
            "revenue": 128722,
            "revenue_4q": null,
            "common_shares": 450000,
            "book_valuer_per_share": 14.48,
            "book_valuer_per_share_4q_avg": 12.74,
            "equity": 651508,
            "current_ratio": 202.01,
            "debt_ratio": 46.08,
            "inventory_turnover_ratio": 0.08,
            "account_receivable_turnover_ratio": null,
            "reinvestment_rate": null,
            "research_to_sale_ratio": null,
            "price_fair": 256.9,
            "eps_avg_yearly": 7.34,
            "eps_latest_yearly": 3.16,
            "eps_growth_yearly": 1574.86
        },
        "20082": {
            "year_quarter": 20082,
            "year": 2008,
            "quarter": 2,
            "eps": 2.86,
            "eps_growth_year": null,
            "eps_4q": 6.75,
            "eps_4q_growth_year": null,
            "roe": 18.3,
            "roe_4q": 49.65,
            "gross_profit": 173316,
            "gross_margin": 34.86,
            "gross_margin_4q_avg": 39.27,
            "net_income": 128739,
            "net_income_4q": null,
            "revenue": 497182,
            "revenue_4q": null,
            "common_shares": 450000,
            "book_valuer_per_share": 16.79,
            "book_valuer_per_share_4q_avg": 13.97,
            "equity": 755597,
            "current_ratio": 242.47,
            "debt_ratio": 38.47,
            "inventory_turnover_ratio": 0.38,
            "account_receivable_turnover_ratio": null,
            "reinvestment_rate": null,
            "research_to_sale_ratio": null,
            "price_fair": 304.73,
            "eps_avg_yearly": 8.71,
            "eps_latest_yearly": 11.44,
            "eps_growth_yearly": 1399.27
        },
        "20083": {
            "year_quarter": 20083,
            "year": 2008,
            "quarter": 3,
            "eps": 0.8,
            "eps_growth_year": 166.67,
            "eps_4q": 6.39,
            "eps_4q_growth_year": null,
            "roe": 5.33,
            "roe_4q": 51.800000000000004,
            "gross_profit": 65732,
            "gross_margin": 31.16,
            "gross_margin_4q_avg": 35.94,
            "net_income": 41376,
            "net_income_4q": null,
            "revenue": 210956,
            "revenue_4q": null,
            "common_shares": 517500,
            "book_valuer_per_share": 15.4,
            "book_valuer_per_share_4q_avg": 15.09,
            "equity": 796973,
            "current_ratio": 314.65,
            "debt_ratio": 29.54,
            "inventory_turnover_ratio": 0.21,
            "account_receivable_turnover_ratio": null,
            "reinvestment_rate": null,
            "research_to_sale_ratio": null,
            "price_fair": 256.55,
            "eps_avg_yearly": 7.33,
            "eps_latest_yearly": 3.2,
            "eps_growth_yearly": 977.43
        },
        "20084": {
            "year_quarter": 20084,
            "year": 2008,
            "quarter": 4,
            "eps": 0.67,
            "eps_growth_year": -76.74,
            "eps_4q": 4.64,
            "eps_4q_growth_year": 68.62,
            "roe": 4.26,
            "roe_4q": 33.49,
            "gross_profit": 50171,
            "gross_margin": 44.83,
            "gross_margin_4q_avg": 37.99,
            "net_income": 34665,
            "net_income_4q": null,
            "revenue": 111906,
            "revenue_4q": null,
            "common_shares": 517500,
            "book_valuer_per_share": 16.07,
            "book_valuer_per_share_4q_avg": 15.69,
            "equity": 831638,
            "current_ratio": 463.9,
            "debt_ratio": 19.95,
            "inventory_turnover_ratio": 0.1,
            "account_receivable_turnover_ratio": 8.52,
            "reinvestment_rate": null,
            "research_to_sale_ratio": null,
            "price_fair": 224,
            "eps_avg_yearly": 6.4,
            "eps_latest_yearly": 2.68,
            "eps_growth_yearly": 768.94
        },
        "20091": {
            "year_quarter": 20091,
            "year": 2009,
            "quarter": 1,
            "eps": 0.3,
            "eps_growth_year": -62.03,
            "eps_4q": 4.27,
            "eps_4q_growth_year": 18.25,
            "roe": 1.84,
            "roe_4q": 29.73,
            "gross_profit": 32743,
            "gross_margin": 35.51,
            "gross_margin_4q_avg": 36.59,
            "net_income": 15485,
            "net_income_4q": null,
            "revenue": 92209,
            "revenue_4q": null,
            "common_shares": 517500,
            "book_valuer_per_share": 16.37,
            "book_valuer_per_share_4q_avg": 16.16,
            "equity": 847123,
            "current_ratio": 840.98,
            "debt_ratio": 11.02,
            "inventory_turnover_ratio": 0.1,
            "account_receivable_turnover_ratio": 2.82,
            "reinvestment_rate": null,
            "research_to_sale_ratio": null,
            "price_fair": 193.67,
            "eps_avg_yearly": 5.53,
            "eps_latest_yearly": 1.2,
            "eps_growth_yearly": 603.97
        },
        "20092": {
            "year_quarter": 20092,
            "year": 2009,
            "quarter": 2,
            "eps": 0.8,
            "eps_growth_year": -72.03,
            "eps_4q": 2.55,
            "eps_4q_growth_year": -62.23,
            "roe": 4.73,
            "roe_4q": 16.16,
            "gross_profit": 70093,
            "gross_margin": 35.55,
            "gross_margin_4q_avg": 36.76,
            "net_income": 41867,
            "net_income_4q": null,
            "revenue": 197168,
            "revenue_4q": null,
            "common_shares": 567500,
            "book_valuer_per_share": 16.28,
            "book_valuer_per_share_4q_avg": 16.03,
            "equity": 924150,
            "current_ratio": 710.68,
            "debt_ratio": 13.11,
            "inventory_turnover_ratio": 0.2,
            "account_receivable_turnover_ratio": 3.8,
            "reinvestment_rate": null,
            "research_to_sale_ratio": null,
            "price_fair": 182,
            "eps_avg_yearly": 5.2,
            "eps_latest_yearly": 3.2,
            "eps_growth_yearly": 612.93
        },
        "20093": {
            "year_quarter": 20093,
            "year": 2009,
            "quarter": 3,
            "eps": 1.08,
            "eps_growth_year": 35,
            "eps_4q": 2.49,
            "eps_4q_growth_year": -60.98,
            "roe": 7.33,
            "roe_4q": 18.16,
            "gross_profit": 87044,
            "gross_margin": 36.02,
            "gross_margin_4q_avg": 37.98,
            "net_income": 70277,
            "net_income_4q": null,
            "revenue": 241682,
            "revenue_4q": null,
            "common_shares": 681000,
            "book_valuer_per_share": 14.6,
            "book_valuer_per_share_4q_avg": 15.83,
            "equity": 994427,
            "current_ratio": 1186.29,
            "debt_ratio": 8,
            "inventory_turnover_ratio": 0.26,
            "account_receivable_turnover_ratio": 6.01,
            "reinvestment_rate": null,
            "research_to_sale_ratio": null,
            "price_fair": 178.15,
            "eps_avg_yearly": 5.09,
            "eps_latest_yearly": 4.32,
            "eps_growth_yearly": 553.81
        },
        "20094": {
            "year_quarter": 20094,
            "year": 2009,
            "quarter": 4,
            "eps": 0.32,
            "eps_growth_year": -52.24,
            "eps_4q": 2.19,
            "eps_4q_growth_year": -52.87,
            "roe": 2.13,
            "roe_4q": 16.03,
            "gross_profit": 41292,
            "gross_margin": 33.81,
            "gross_margin_4q_avg": 35.22,
            "net_income": 21445,
            "net_income_4q": null,
            "revenue": 122147,
            "revenue_4q": null,
            "common_shares": 681000,
            "book_valuer_per_share": 14.92,
            "book_valuer_per_share_4q_avg": 15.54,
            "equity": 1015872,
            "current_ratio": 751.82,
            "debt_ratio": 11.98,
            "inventory_turnover_ratio": 0.15,
            "account_receivable_turnover_ratio": 25.01,
            "reinvestment_rate": null,
            "research_to_sale_ratio": null,
            "price_fair": 163.33,
            "eps_avg_yearly": 4.67,
            "eps_latest_yearly": 1.28,
            "eps_growth_yearly": 461
        },
        "20101": {
            "year_quarter": 20101,
            "year": 2010,
            "quarter": 1,
            "eps": 0.88,
            "eps_growth_year": 193.33,
            "eps_4q": 2.84,
            "eps_4q_growth_year": -33.52,
            "roe": 5.7,
            "roe_4q": 19.89,
            "gross_profit": 77984,
            "gross_margin": 38.86,
            "gross_margin_4q_avg": 36.06,
            "net_income": 59591,
            "net_income_4q": null,
            "revenue": 200695,
            "revenue_4q": null,
            "common_shares": 681000,
            "book_valuer_per_share": 15.79,
            "book_valuer_per_share_4q_avg": 15.4,
            "equity": 1075463,
            "current_ratio": 1460.04,
            "debt_ratio": 6.18,
            "inventory_turnover_ratio": 0.25,
            "account_receivable_turnover_ratio": 21.21,
            "reinvestment_rate": null,
            "research_to_sale_ratio": null,
            "price_fair": 159.32,
            "eps_avg_yearly": 4.55,
            "eps_latest_yearly": 3.52,
            "eps_growth_yearly": 484.9
        },
        "20102": {
            "year_quarter": 20102,
            "year": 2010,
            "quarter": 2,
            "eps": 0.41,
            "eps_growth_year": -48.74,
            "eps_4q": 2.63,
            "eps_4q_growth_year": 3.26,
            "roe": 2.69,
            "roe_4q": 17.85,
            "gross_profit": 45844,
            "gross_margin": 32.45,
            "gross_margin_4q_avg": 35.29,
            "net_income": 27929,
            "net_income_4q": null,
            "revenue": 141255,
            "revenue_4q": null,
            "common_shares": 681000,
            "book_valuer_per_share": 14.7,
            "book_valuer_per_share_4q_avg": 15,
            "equity": 1001242,
            "current_ratio": 717.47,
            "debt_ratio": 12.6,
            "inventory_turnover_ratio": 0.2,
            "account_receivable_turnover_ratio": 10.72,
            "reinvestment_rate": null,
            "research_to_sale_ratio": null,
            "price_fair": 150.05,
            "eps_avg_yearly": 4.29,
            "eps_latest_yearly": 1.64,
            "eps_growth_yearly": 421.4
        },
        "20103": {
            "year_quarter": 20103,
            "year": 2010,
            "quarter": 3,
            "eps": 0.06,
            "eps_growth_year": -94.67,
            "eps_4q": 1.66,
            "eps_4q_growth_year": -33.54,
            "roe": 0.39,
            "roe_4q": 10.91,
            "gross_profit": 18480,
            "gross_margin": 41.85,
            "gross_margin_4q_avg": 36.74,
            "net_income": 3919,
            "net_income_4q": null,
            "revenue": 44153,
            "revenue_4q": null,
            "common_shares": 681000,
            "book_valuer_per_share": 14.76,
            "book_valuer_per_share_4q_avg": 15.04,
            "equity": 1005161,
            "current_ratio": 2422.55,
            "debt_ratio": 3.69,
            "inventory_turnover_ratio": 0.05,
            "account_receivable_turnover_ratio": 5.02,
            "reinvestment_rate": null,
            "research_to_sale_ratio": null,
            "price_fair": 138.25,
            "eps_avg_yearly": 3.95,
            "eps_latest_yearly": 0.24,
            "eps_growth_yearly": 357.83
        },
        "20104": {
            "year_quarter": 20104,
            "year": 2010,
            "quarter": 4,
            "eps": -0.21,
            "eps_growth_year": -166.7,
            "eps_4q": 1.13,
            "eps_4q_growth_year": -48.41,
            "roe": -1.46,
            "roe_4q": 7.32,
            "gross_profit": 3314,
            "gross_margin": 24.54,
            "gross_margin_4q_avg": 34.43,
            "net_income": -14535,
            "net_income_4q": null,
            "revenue": 13507,
            "revenue_4q": null,
            "common_shares": 681000,
            "book_valuer_per_share": 14.55,
            "book_valuer_per_share_4q_avg": 14.95,
            "equity": 990626,
            "current_ratio": 1315.73,
            "debt_ratio": 6.96,
            "inventory_turnover_ratio": 0.01,
            "account_receivable_turnover_ratio": 17.27,
            "reinvestment_rate": 19.03,
            "research_to_sale_ratio": null,
            "price_fair": 138.25,
            "eps_avg_yearly": 3.95,
            "eps_latest_yearly": 0.24,
            "eps_growth_yearly": 357.83
        },
        "20111": {
            "year_quarter": 20111,
            "year": 2011,
            "quarter": 1,
            "eps": 0,
            "eps_growth_year": -100,
            "eps_4q": 0.25,
            "eps_4q_growth_year": -91.01,
            "roe": 0,
            "roe_4q": 1.62,
            "gross_profit": 7073,
            "gross_margin": 30.52,
            "gross_margin_4q_avg": 32.34,
            "net_income": 45,
            "net_income_4q": null,
            "revenue": 23173,
            "revenue_4q": null,
            "common_shares": 681000,
            "book_valuer_per_share": 14.6,
            "book_valuer_per_share_4q_avg": 14.65,
            "equity": 994292,
            "current_ratio": 880.07,
            "debt_ratio": 30.82,
            "inventory_turnover_ratio": 0.02,
            "account_receivable_turnover_ratio": 32.75,
            "reinvestment_rate": 18.11,
            "research_to_sale_ratio": null,
            "price_fair": 138.25,
            "eps_avg_yearly": 3.95,
            "eps_latest_yearly": 0.24,
            "eps_growth_yearly": 357.83
        },
        "20112": {
            "year_quarter": 20112,
            "year": 2011,
            "quarter": 2,
            "eps": -0.12,
            "eps_growth_year": -129.77,
            "eps_4q": -0.28,
            "eps_4q_growth_year": -110.54,
            "roe": -0.88,
            "roe_4q": -1.9499999999999997,
            "gross_profit": 735,
            "gross_margin": 8.32,
            "gross_margin_4q_avg": 26.31,
            "net_income": -8315,
            "net_income_4q": null,
            "revenue": 8834,
            "revenue_4q": null,
            "common_shares": 681000,
            "book_valuer_per_share": 13.28,
            "book_valuer_per_share_4q_avg": 14.3,
            "equity": 904257,
            "current_ratio": 249.07,
            "debt_ratio": 36.71,
            "inventory_turnover_ratio": 0.01,
            "account_receivable_turnover_ratio": 30.57,
            "reinvestment_rate": 17.46,
            "research_to_sale_ratio": null,
            "price_fair": 138.25,
            "eps_avg_yearly": 3.95,
            "eps_latest_yearly": 0.24,
            "eps_growth_yearly": 357.83
        },
        "20113": {
            "year_quarter": 20113,
            "year": 2011,
            "quarter": 3,
            "eps": -0.09,
            "eps_growth_year": -263.36,
            "eps_4q": -0.43,
            "eps_4q_growth_year": -125.87,
            "roe": -0.71,
            "roe_4q": -3.05,
            "gross_profit": 2194,
            "gross_margin": 14.85,
            "gross_margin_4q_avg": 19.56,
            "net_income": -6402,
            "net_income_4q": null,
            "revenue": 14775,
            "revenue_4q": null,
            "common_shares": 681000,
            "book_valuer_per_share": 13.18,
            "book_valuer_per_share_4q_avg": 13.9,
            "equity": 897855,
            "current_ratio": 258.01,
            "debt_ratio": 35.34,
            "inventory_turnover_ratio": 0.01,
            "account_receivable_turnover_ratio": 2.4,
            "reinvestment_rate": 8.57,
            "research_to_sale_ratio": null,
            "price_fair": 138.25,
            "eps_avg_yearly": 3.95,
            "eps_latest_yearly": 0.24,
            "eps_growth_yearly": 357.83
        },
        "20114": {
            "year_quarter": 20114,
            "year": 2011,
            "quarter": 4,
            "eps": 0.5,
            "eps_growth_year": null,
            "eps_4q": 0.28,
            "eps_4q_growth_year": -74.81,
            "roe": 3.72,
            "roe_4q": 2.1300000000000003,
            "gross_profit": 54959,
            "gross_margin": 43.22,
            "gross_margin_4q_avg": 24.23,
            "net_income": 34044,
            "net_income_4q": null,
            "revenue": 127170,
            "revenue_4q": null,
            "common_shares": 681000,
            "book_valuer_per_share": 13.68,
            "book_valuer_per_share_4q_avg": 13.69,
            "equity": 931899,
            "current_ratio": 229.57,
            "debt_ratio": 40.05,
            "inventory_turnover_ratio": 0.07,
            "account_receivable_turnover_ratio": 2.68,
            "reinvestment_rate": 9.2,
            "research_to_sale_ratio": null,
            "price_fair": 114.16,
            "eps_avg_yearly": 3.26,
            "eps_latest_yearly": 0.24,
            "eps_growth_yearly": 77.63
        },
        "20121": {
            "year_quarter": 20121,
            "year": 2012,
            "quarter": 1,
            "eps": 0.61,
            "eps_growth_year": null,
            "eps_4q": 0.9,
            "eps_4q_growth_year": 252.03,
            "roe": 4.38,
            "roe_4q": 6.51,
            "gross_profit": 59363,
            "gross_margin": 42.64,
            "gross_margin_4q_avg": 27.26,
            "net_income": 41779,
            "net_income_4q": null,
            "revenue": 139223,
            "revenue_4q": null,
            "common_shares": 681000,
            "book_valuer_per_share": 14.3,
            "book_valuer_per_share_4q_avg": 13.61,
            "equity": 973678,
            "current_ratio": 234.97,
            "debt_ratio": 39.2,
            "inventory_turnover_ratio": 0.08,
            "account_receivable_turnover_ratio": 1.99,
            "reinvestment_rate": 7.9,
            "research_to_sale_ratio": null,
            "price_fair": 111.87,
            "eps_avg_yearly": 3.2,
            "eps_latest_yearly": 2.44,
            "eps_growth_yearly": 112.02
        },
        "20122": {
            "year_quarter": 20122,
            "year": 2012,
            "quarter": 2,
            "eps": 0.26,
            "eps_growth_year": null,
            "eps_4q": 1.23,
            "eps_4q_growth_year": null,
            "roe": 1.92,
            "roe_4q": 9.309999999999999,
            "gross_profit": 35411,
            "gross_margin": 41.76,
            "gross_margin_4q_avg": 35.62,
            "net_income": 18508,
            "net_income_4q": null,
            "revenue": 84801,
            "revenue_4q": null,
            "common_shares": 681000,
            "book_valuer_per_share": 14.07,
            "book_valuer_per_share_4q_avg": 13.81,
            "equity": 958136,
            "current_ratio": 225.24,
            "debt_ratio": 41.01,
            "inventory_turnover_ratio": 0.05,
            "account_receivable_turnover_ratio": 2.36,
            "reinvestment_rate": 9.78,
            "research_to_sale_ratio": null,
            "price_fair": 6.75,
            "eps_avg_yearly": 2.25,
            "eps_latest_yearly": 1.04,
            "eps_growth_yearly": -4.13
        },
        "20123": {
            "year_quarter": 20123,
            "year": 2012,
            "quarter": 3,
            "eps": 0.17,
            "eps_growth_year": null,
            "eps_4q": 1.49,
            "eps_4q_growth_year": null,
            "roe": 1.29,
            "roe_4q": 11.31,
            "gross_profit": 25715,
            "gross_margin": 33.05,
            "gross_margin_4q_avg": 40.17,
            "net_income": 12460,
            "net_income_4q": null,
            "revenue": 77810,
            "revenue_4q": null,
            "common_shares": 715050,
            "book_valuer_per_share": 13.57,
            "book_valuer_per_share_4q_avg": 13.91,
            "equity": 970596,
            "current_ratio": 227.56,
            "debt_ratio": 40.61,
            "inventory_turnover_ratio": 0.04,
            "account_receivable_turnover_ratio": 7.02,
            "reinvestment_rate": 8.77,
            "research_to_sale_ratio": null,
            "price_fair": 39.37,
            "eps_avg_yearly": 2.02,
            "eps_latest_yearly": 0.68,
            "eps_growth_yearly": 9.47
        },
        "20124": {
            "year_quarter": 20124,
            "year": 2012,
            "quarter": 4,
            "eps": 1.53,
            "eps_growth_year": 205.48,
            "eps_4q": 2.54,
            "eps_4q_growth_year": 794.49,
            "roe": 10.65,
            "roe_4q": 18.240000000000002,
            "gross_profit": 138225,
            "gross_margin": 46.78,
            "gross_margin_4q_avg": 41.06,
            "net_income": 109198,
            "net_income_4q": null,
            "revenue": 295504,
            "revenue_4q": null,
            "common_shares": 715050,
            "book_valuer_per_share": 15.09,
            "book_valuer_per_share_4q_avg": 14.26,
            "equity": 1079258,
            "current_ratio": 243.88,
            "debt_ratio": 38.11,
            "inventory_turnover_ratio": 0.12,
            "account_receivable_turnover_ratio": 3.48,
            "reinvestment_rate": 7.17,
            "research_to_sale_ratio": null,
            "price_fair": 81.71,
            "eps_avg_yearly": 2.33,
            "eps_latest_yearly": 6.12,
            "eps_growth_yearly": 306.29
        },
        "20131": {
            "year_quarter": 20131,
            "year": 2013,
            "quarter": 1,
            "eps": 1.72,
            "eps_growth_year": 181.97,
            "eps_4q": 3.63,
            "eps_4q_growth_year": 304.13,
            "roe": 10.77,
            "roe_4q": 24.630000000000003,
            "gross_profit": 154334,
            "gross_margin": 49.65,
            "gross_margin_4q_avg": 42.81,
            "net_income": 124162,
            "net_income_4q": null,
            "revenue": 310868,
            "revenue_4q": null,
            "common_shares": 728923,
            "book_valuer_per_share": 16.82,
            "book_valuer_per_share_4q_avg": 14.89,
            "equity": 1226056,
            "current_ratio": 386.04,
            "debt_ratio": 24.02,
            "inventory_turnover_ratio": 0.12,
            "account_receivable_turnover_ratio": 3.44,
            "reinvestment_rate": -1.55,
            "research_to_sale_ratio": null,
            "price_fair": 99.78,
            "eps_avg_yearly": 2.85,
            "eps_latest_yearly": 6.88,
            "eps_growth_yearly": 330.89
        },
        "20132": {
            "year_quarter": 20132,
            "year": 2013,
            "quarter": 2,
            "eps": 0.02,
            "eps_growth_year": -92.27,
            "eps_4q": 3.26,
            "eps_4q_growth_year": 164.93,
            "roe": 0.1,
            "roe_4q": 22.81,
            "gross_profit": 21420,
            "gross_margin": 41.94,
            "gross_margin_4q_avg": 42.86,
            "net_income": 1207,
            "net_income_4q": null,
            "revenue": 51076,
            "revenue_4q": null,
            "common_shares": 758261,
            "book_valuer_per_share": 15.33,
            "book_valuer_per_share_4q_avg": 15.2,
            "equity": 1162236,
            "current_ratio": 312.41,
            "debt_ratio": 29.73,
            "inventory_turnover_ratio": 0.02,
            "account_receivable_turnover_ratio": 4.99,
            "reinvestment_rate": -1.69,
            "research_to_sale_ratio": null,
            "price_fair": 89.85,
            "eps_avg_yearly": 2.57,
            "eps_latest_yearly": 0.08,
            "eps_growth_yearly": 234.34
        },
        "20133": {
            "year_quarter": 20133,
            "year": 2013,
            "quarter": 3,
            "eps": -0.11,
            "eps_growth_year": -163.13,
            "eps_4q": 2.95,
            "eps_4q_growth_year": 97.52,
            "roe": -0.74,
            "roe_4q": 20.78,
            "gross_profit": 5956,
            "gross_margin": 57.37,
            "gross_margin_4q_avg": 48.94,
            "net_income": -8569,
            "net_income_4q": null,
            "revenue": 10382,
            "revenue_4q": null,
            "common_shares": 766099,
            "book_valuer_per_share": 15.22,
            "book_valuer_per_share_4q_avg": 15.62,
            "equity": 1166315,
            "current_ratio": 272.07,
            "debt_ratio": 34.09,
            "inventory_turnover_ratio": 0,
            "account_receivable_turnover_ratio": 5.99,
            "reinvestment_rate": -2.01,
            "research_to_sale_ratio": null,
            "price_fair": 83.72,
            "eps_avg_yearly": 2.39,
            "eps_latest_yearly": 0.08,
            "eps_growth_yearly": 243.78
        },
        "20134": {
            "year_quarter": 20134,
            "year": 2013,
            "quarter": 4,
            "eps": 1.44,
            "eps_growth_year": -5.7,
            "eps_4q": 2.92,
            "eps_4q_growth_year": 14.78,
            "roe": 9.15,
            "roe_4q": 19.28,
            "gross_profit": 114829,
            "gross_margin": 44.52,
            "gross_margin_4q_avg": 48.37,
            "net_income": 113609,
            "net_income_4q": null,
            "revenue": 257941,
            "revenue_4q": null,
            "common_shares": 788913,
            "book_valuer_per_share": 16.68,
            "book_valuer_per_share_4q_avg": 16.01,
            "equity": 1315928,
            "current_ratio": 259.97,
            "debt_ratio": 36.24,
            "inventory_turnover_ratio": 0.09,
            "account_receivable_turnover_ratio": 2.83,
            "reinvestment_rate": -12.84,
            "research_to_sale_ratio": null,
            "price_fair": 88.04,
            "eps_avg_yearly": 2.52,
            "eps_latest_yearly": 0.08,
            "eps_growth_yearly": 302.14
        },
        "20141": {
            "year_quarter": 20141,
            "year": 2014,
            "quarter": 1,
            "eps": 0.63,
            "eps_growth_year": -63.37,
            "eps_4q": 1.91,
            "eps_4q_growth_year": -47.31,
            "roe": 3.54,
            "roe_4q": 12.05,
            "gross_profit": 74150,
            "gross_margin": 43.45,
            "gross_margin_4q_avg": 46.82,
            "net_income": 51727,
            "net_income_4q": null,
            "revenue": 170666,
            "revenue_4q": null,
            "common_shares": 827315,
            "book_valuer_per_share": 17.26,
            "book_valuer_per_share_4q_avg": 16.12,
            "equity": 1608147,
            "current_ratio": 379.12,
            "debt_ratio": 24.97,
            "inventory_turnover_ratio": 0.06,
            "account_receivable_turnover_ratio": 1.63,
            "reinvestment_rate": -14.15,
            "research_to_sale_ratio": null,
            "price_fair": 84.16,
            "eps_avg_yearly": 2.4,
            "eps_latest_yearly": 2.52,
            "eps_growth_yearly": 199.36
        },
        "20142": {
            "year_quarter": 20142,
            "year": 2014,
            "quarter": 2,
            "eps": 0.94,
            "eps_growth_year": 4600,
            "eps_4q": 2.83,
            "eps_4q_growth_year": -13.06,
            "roe": 4.84,
            "roe_4q": 16.790000000000003,
            "gross_profit": 108381,
            "gross_margin": 43.79,
            "gross_margin_4q_avg": 47.28,
            "net_income": 77402,
            "net_income_4q": null,
            "revenue": 247490,
            "revenue_4q": null,
            "common_shares": 827315,
            "book_valuer_per_share": 16.7,
            "book_valuer_per_share_4q_avg": 16.47,
            "equity": 1591789,
            "current_ratio": 702.96,
            "debt_ratio": 26.71,
            "inventory_turnover_ratio": 0.08,
            "account_receivable_turnover_ratio": 15.91,
            "reinvestment_rate": -13.25,
            "research_to_sale_ratio": null,
            "price_fair": 92.4,
            "eps_avg_yearly": 2.64,
            "eps_latest_yearly": 3.76,
            "eps_growth_yearly": 244.97
        },
        "20143": {
            "year_quarter": 20143,
            "year": 2014,
            "quarter": 3,
            "eps": 0.83,
            "eps_growth_year": null,
            "eps_4q": 3.76,
            "eps_4q_growth_year": 27.62,
            "roe": 4.22,
            "roe_4q": 21.75,
            "gross_profit": 93295,
            "gross_margin": 43.35,
            "gross_margin_4q_avg": 43.78,
            "net_income": 68585,
            "net_income_4q": null,
            "revenue": 215210,
            "revenue_4q": null,
            "common_shares": 827315,
            "book_valuer_per_share": 17.53,
            "book_valuer_per_share_4q_avg": 17.04,
            "equity": 1660374,
            "current_ratio": 638.01,
            "debt_ratio": 27.49,
            "inventory_turnover_ratio": 0.07,
            "account_receivable_turnover_ratio": 39.04,
            "reinvestment_rate": -11.52,
            "research_to_sale_ratio": null,
            "price_fair": 104.38,
            "eps_avg_yearly": 2.98,
            "eps_latest_yearly": 3.32,
            "eps_growth_yearly": 277.71
        },
        "20144": {
            "year_quarter": 20144,
            "year": 2014,
            "quarter": 4,
            "eps": 0.04,
            "eps_growth_year": -97.2,
            "eps_4q": 2.43,
            "eps_4q_growth_year": -16.73,
            "roe": 0.19,
            "roe_4q": 12.79,
            "gross_profit": 21494,
            "gross_margin": 26.53,
            "gross_margin_4q_avg": 39.28,
            "net_income": 3109,
            "net_income_4q": null,
            "revenue": 81028,
            "revenue_4q": null,
            "common_shares": 827315,
            "book_valuer_per_share": 17.58,
            "book_valuer_per_share_4q_avg": 17.27,
            "equity": 1663846,
            "current_ratio": 535.97,
            "debt_ratio": 29.67,
            "inventory_turnover_ratio": 0.04,
            "account_receivable_turnover_ratio": 17.47,
            "reinvestment_rate": -9.75,
            "research_to_sale_ratio": null,
            "price_fair": 94.5,
            "eps_avg_yearly": 2.7,
            "eps_latest_yearly": 0.16,
            "eps_growth_yearly": 211.86
        },
        "20151": {
            "year_quarter": 20151,
            "year": 2015,
            "quarter": 1,
            "eps": 0.72,
            "eps_growth_year": 14.29,
            "eps_4q": 2.52,
            "eps_4q_growth_year": 32.11,
            "roe": 3.5,
            "roe_4q": 12.75,
            "gross_profit": 85079,
            "gross_margin": 36.36,
            "gross_margin_4q_avg": 37.51,
            "net_income": 59233,
            "net_income_4q": null,
            "revenue": 234002,
            "revenue_4q": null,
            "common_shares": 827315,
            "book_valuer_per_share": 18.3,
            "book_valuer_per_share_4q_avg": 17.53,
            "equity": 1723079,
            "current_ratio": 953.41,
            "debt_ratio": 22.76,
            "inventory_turnover_ratio": 0.09,
            "account_receivable_turnover_ratio": 22.28,
            "reinvestment_rate": -8.36,
            "research_to_sale_ratio": null,
            "price_fair": 95.07,
            "eps_avg_yearly": 2.72,
            "eps_latest_yearly": 2.88,
            "eps_growth_yearly": 810.79
        },
        "20152": {
            "year_quarter": 20152,
            "year": 2015,
            "quarter": 2,
            "eps": -0.11,
            "eps_growth_year": -111.7,
            "eps_4q": 1.48,
            "eps_4q_growth_year": -47.88,
            "roe": -0.56,
            "roe_4q": 7.35,
            "gross_profit": 12289,
            "gross_margin": 34.68,
            "gross_margin_4q_avg": 35.23,
            "net_income": -9316,
            "net_income_4q": null,
            "revenue": 35438,
            "revenue_4q": null,
            "common_shares": 827315,
            "book_valuer_per_share": 16.68,
            "book_valuer_per_share_4q_avg": 17.52,
            "equity": 1589666,
            "current_ratio": 548.31,
            "debt_ratio": 29.87,
            "inventory_turnover_ratio": 0.01,
            "account_receivable_turnover_ratio": 2.2,
            "reinvestment_rate": -7.97,
            "research_to_sale_ratio": null,
            "price_fair": 95.07,
            "eps_avg_yearly": 2.72,
            "eps_latest_yearly": 2.88,
            "eps_growth_yearly": 810.79
        },
        "20153": {
            "year_quarter": 20153,
            "year": 2015,
            "quarter": 3,
            "eps": 0,
            "eps_growth_year": -100,
            "eps_4q": 0.64,
            "eps_4q_growth_year": -82.94,
            "roe": -0.03,
            "roe_4q": 3.1,
            "gross_profit": 4344,
            "gross_margin": 21.84,
            "gross_margin_4q_avg": 29.85,
            "net_income": -449,
            "net_income_4q": null,
            "revenue": 19887,
            "revenue_4q": null,
            "common_shares": 827315,
            "book_valuer_per_share": 16.68,
            "book_valuer_per_share_4q_avg": 17.31,
            "equity": 1589217,
            "current_ratio": 273.6,
            "debt_ratio": 34.23,
            "inventory_turnover_ratio": 0.01,
            "account_receivable_turnover_ratio": 1.27,
            "reinvestment_rate": -7.69,
            "research_to_sale_ratio": null,
            "price_fair": 95.07,
            "eps_avg_yearly": 2.72,
            "eps_latest_yearly": 2.88,
            "eps_growth_yearly": 810.79
        },
        "20154": {
            "year_quarter": 20154,
            "year": 2015,
            "quarter": 4,
            "eps": 0.1,
            "eps_growth_year": 144.89,
            "eps_4q": 0.7,
            "eps_4q_growth_year": -71.18,
            "roe": 0.5,
            "roe_4q": 3.41,
            "gross_profit": 1267,
            "gross_margin": 60.48,
            "gross_margin_4q_avg": 38.34,
            "net_income": 7924,
            "net_income_4q": null,
            "revenue": 2095,
            "revenue_4q": null,
            "common_shares": 827315,
            "book_valuer_per_share": 16.77,
            "book_valuer_per_share_4q_avg": 17.11,
            "equity": 1596581,
            "current_ratio": 247.15,
            "debt_ratio": 38.03,
            "inventory_turnover_ratio": 0,
            "account_receivable_turnover_ratio": 0.21,
            "reinvestment_rate": -7.81,
            "research_to_sale_ratio": null,
            "price_fair": 95.07,
            "eps_avg_yearly": 2.72,
            "eps_latest_yearly": 2.88,
            "eps_growth_yearly": 810.79
        },
        "20161": {
            "year_quarter": 20161,
            "year": 2016,
            "quarter": 1,
            "eps": -0.05,
            "eps_growth_year": -106.94,
            "eps_4q": -0.07,
            "eps_4q_growth_year": -102.63,
            "roe": -0.26,
            "roe_4q": -0.3500000000000001,
            "gross_profit": 3742,
            "gross_margin": 23.55,
            "gross_margin_4q_avg": 35.14,
            "net_income": -4123,
            "net_income_4q": null,
            "revenue": 15887,
            "revenue_4q": null,
            "common_shares": 827315,
            "book_valuer_per_share": 16.72,
            "book_valuer_per_share_4q_avg": 16.71,
            "equity": 1592458,
            "current_ratio": 251.71,
            "debt_ratio": 37.67,
            "inventory_turnover_ratio": 0.01,
            "account_receivable_turnover_ratio": 90.01,
            "reinvestment_rate": -8.46,
            "research_to_sale_ratio": null,
            "price_fair": 96.04,
            "eps_avg_yearly": 2.74,
            "eps_latest_yearly": 2.88,
            "eps_growth_yearly": 883.06
        },
        "20162": {
            "year_quarter": 20162,
            "year": 2016,
            "quarter": 2,
            "eps": 0.92,
            "eps_growth_year": null,
            "eps_4q": 0.96,
            "eps_4q_growth_year": -34.81,
            "roe": 4.77,
            "roe_4q": 4.9799999999999995,
            "gross_profit": 100763,
            "gross_margin": 56.71,
            "gross_margin_4q_avg": 40.65,
            "net_income": 75742,
            "net_income_4q": null,
            "revenue": 177678,
            "revenue_4q": null,
            "common_shares": 827315,
            "book_valuer_per_share": 16.64,
            "book_valuer_per_share_4q_avg": 16.7,
            "equity": 1585468,
            "current_ratio": 217.53,
            "debt_ratio": 43.66,
            "inventory_turnover_ratio": 0.04,
            "account_receivable_turnover_ratio": 3.16,
            "reinvestment_rate": -7.41,
            "research_to_sale_ratio": null,
            "price_fair": 102.67,
            "eps_avg_yearly": 2.93,
            "eps_latest_yearly": 2.88,
            "eps_growth_yearly": 1006.68
        },
        "20163": {
            "year_quarter": 20163,
            "year": 2016,
            "quarter": 3,
            "eps": 1.79,
            "eps_growth_year": null,
            "eps_4q": 2.76,
            "eps_4q_growth_year": 329.79,
            "roe": 9.92,
            "roe_4q": 14.93,
            "gross_profit": 210539,
            "gross_margin": 49.04,
            "gross_margin_4q_avg": 47.45,
            "net_income": 165540,
            "net_income_4q": null,
            "revenue": 429353,
            "revenue_4q": null,
            "common_shares": 827315,
            "book_valuer_per_share": 18.43,
            "book_valuer_per_share_4q_avg": 17.14,
            "equity": 1751008,
            "current_ratio": 237.31,
            "debt_ratio": 40.11,
            "inventory_turnover_ratio": 0.1,
            "account_receivable_turnover_ratio": 3.82,
            "reinvestment_rate": -5.37,
            "research_to_sale_ratio": null,
            "price_fair": 127.87,
            "eps_avg_yearly": 3.65,
            "eps_latest_yearly": 7.16,
            "eps_growth_yearly": 1064.1
        },
        "20164": {
            "year_quarter": 20164,
            "year": 2016,
            "quarter": 4,
            "eps": 1.55,
            "eps_growth_year": 1472.85,
            "eps_4q": 4.15,
            "eps_4q_growth_year": 492.22,
            "roe": 11.73,
            "roe_4q": 26.159999999999997,
            "gross_profit": 286257,
            "gross_margin": 37.62,
            "gross_margin_4q_avg": 41.73,
            "net_income": 220120,
            "net_income_4q": null,
            "revenue": 760953,
            "revenue_4q": null,
            "common_shares": 847862,
            "book_valuer_per_share": 19.9,
            "book_valuer_per_share_4q_avg": 17.92,
            "equity": 2001643,
            "current_ratio": 418.25,
            "debt_ratio": 22.61,
            "inventory_turnover_ratio": 0.23,
            "account_receivable_turnover_ratio": 12.49,
            "reinvestment_rate": -5.17,
            "research_to_sale_ratio": null,
            "price_fair": 128.18,
            "eps_avg_yearly": 3.66,
            "eps_latest_yearly": 6.2,
            "eps_growth_yearly": 702.58
        },
        "20171": {
            "year_quarter": 20171,
            "year": 2017,
            "quarter": 1,
            "eps": 0.66,
            "eps_growth_year": null,
            "eps_4q": 4.62,
            "eps_4q_growth_year": null,
            "roe": 5.5,
            "roe_4q": 31.919999999999998,
            "gross_profit": 155892,
            "gross_margin": 35.9,
            "gross_margin_4q_avg": 44.82,
            "net_income": 115167,
            "net_income_4q": null,
            "revenue": 434196,
            "revenue_4q": null,
            "common_shares": 893826,
            "book_valuer_per_share": 20.28,
            "book_valuer_per_share_4q_avg": 18.81,
            "equity": 2185338,
            "current_ratio": 438.77,
            "debt_ratio": 21.61,
            "inventory_turnover_ratio": 0.14,
            "account_receivable_turnover_ratio": 28.69,
            "reinvestment_rate": -0.57,
            "research_to_sale_ratio": null,
            "price_fair": 111.69,
            "eps_avg_yearly": 3.19,
            "eps_latest_yearly": 2.64,
            "eps_growth_yearly": 671.54
        },
        "20172": {
            "year_quarter": 20172,
            "year": 2017,
            "quarter": 2,
            "eps": 0.25,
            "eps_growth_year": -72.83,
            "eps_4q": 3.71,
            "eps_4q_growth_year": 285.63,
            "roe": 1.56,
            "roe_4q": 28.71,
            "gross_profit": 74765,
            "gross_margin": 38.19,
            "gross_margin_4q_avg": 40.19,
            "net_income": 33339,
            "net_income_4q": null,
            "revenue": 195781,
            "revenue_4q": null,
            "common_shares": 973812,
            "book_valuer_per_share": 17.89,
            "book_valuer_per_share_4q_avg": 19.13,
            "equity": 2092400,
            "current_ratio": 370.11,
            "debt_ratio": 25.63,
            "inventory_turnover_ratio": 0.06,
            "account_receivable_turnover_ratio": 8.3,
            "reinvestment_rate": -0.54,
            "research_to_sale_ratio": null,
            "price_fair": 115.27,
            "eps_avg_yearly": 3.29,
            "eps_latest_yearly": 1,
            "eps_growth_yearly": 687.86
        },
        "20173": {
            "year_quarter": 20173,
            "year": 2017,
            "quarter": 3,
            "eps": 0.35,
            "eps_growth_year": -80.45,
            "eps_4q": 2.54,
            "eps_4q_growth_year": -8.09,
            "roe": 2.82,
            "roe_4q": 21.61,
            "gross_profit": 80760,
            "gross_margin": 37.27,
            "gross_margin_4q_avg": 37.25,
            "net_income": 59882,
            "net_income_4q": null,
            "revenue": 216703,
            "revenue_4q": null,
            "common_shares": 973812,
            "book_valuer_per_share": 18.24,
            "book_valuer_per_share_4q_avg": 19.08,
            "equity": 2152282,
            "current_ratio": 399.68,
            "debt_ratio": 23.83,
            "inventory_turnover_ratio": 0.07,
            "account_receivable_turnover_ratio": 8.69,
            "reinvestment_rate": -0.49,
            "research_to_sale_ratio": null,
            "price_fair": 108.64,
            "eps_avg_yearly": 3.1,
            "eps_latest_yearly": 1.4,
            "eps_growth_yearly": 635.08
        },
        "20174": {
            "year_quarter": 20174,
            "year": 2017,
            "quarter": 4,
            "eps": 1.45,
            "eps_growth_year": -6.75,
            "eps_4q": 2.63,
            "eps_4q_growth_year": -36.54,
            "roe": 6.31,
            "roe_4q": 16.189999999999998,
            "gross_profit": 173700,
            "gross_margin": 46.53,
            "gross_margin_4q_avg": 39.47,
            "net_income": 140136,
            "net_income_4q": null,
            "revenue": 373343,
            "revenue_4q": null,
            "common_shares": 973812,
            "book_valuer_per_share": 19.69,
            "book_valuer_per_share_4q_avg": 19.03,
            "equity": 2292418,
            "current_ratio": 484.18,
            "debt_ratio": 19.68,
            "inventory_turnover_ratio": 0.1,
            "account_receivable_turnover_ratio": 2.58,
            "reinvestment_rate": -0.45,
            "research_to_sale_ratio": null,
            "price_fair": 117.22,
            "eps_avg_yearly": 3.35,
            "eps_latest_yearly": 5.8,
            "eps_growth_yearly": 691.63
        },
        "20181": {
            "year_quarter": 20181,
            "year": 2018,
            "quarter": 1,
            "eps": 2.18,
            "eps_growth_year": 230.3,
            "eps_4q": 4.23,
            "eps_4q_growth_year": -8.32,
            "roe": 8.92,
            "roe_4q": 19.61,
            "gross_profit": 264675,
            "gross_margin": 47.14,
            "gross_margin_4q_avg": 42.28,
            "net_income": 213945,
            "net_income_4q": null,
            "revenue": 561467,
            "revenue_4q": null,
            "common_shares": 973812,
            "book_valuer_per_share": 21.87,
            "book_valuer_per_share_4q_avg": 19.42,
            "equity": 2506363,
            "current_ratio": 542.24,
            "debt_ratio": 17.63,
            "inventory_turnover_ratio": 0.16,
            "account_receivable_turnover_ratio": 2.63,
            "reinvestment_rate": -0.39,
            "research_to_sale_ratio": null,
            "price_fair": 136.95,
            "eps_avg_yearly": 3.91,
            "eps_latest_yearly": 8.72,
            "eps_growth_yearly": 730.39
        },
        "20182": {
            "year_quarter": 20182,
            "year": 2018,
            "quarter": 2,
            "eps": 1.63,
            "eps_growth_year": 552,
            "eps_4q": 5.46,
            "eps_4q_growth_year": 47.22,
            "roe": 7.3,
            "roe_4q": 25.349999999999998,
            "gross_profit": 219421,
            "gross_margin": 39.3,
            "gross_margin_4q_avg": 42.56,
            "net_income": 181849,
            "net_income_4q": null,
            "revenue": 558305,
            "revenue_4q": null,
            "common_shares": 973812,
            "book_valuer_per_share": 21.54,
            "book_valuer_per_share_4q_avg": 20.34,
            "equity": 2473197,
            "current_ratio": 717.51,
            "debt_ratio": 13.3,
            "inventory_turnover_ratio": 0.18,
            "account_receivable_turnover_ratio": 6.27,
            "reinvestment_rate": 0.12,
            "research_to_sale_ratio": null,
            "price_fair": 145.73,
            "eps_avg_yearly": 4.16,
            "eps_latest_yearly": 6.52,
            "eps_growth_yearly": 703.32
        },
        "20183": {
            "year_quarter": 20183,
            "year": 2018,
            "quarter": 3,
            "eps": -0.02,
            "eps_growth_year": -105.71,
            "eps_4q": 5.1,
            "eps_4q_growth_year": 100.85,
            "roe": -0.13,
            "roe_4q": 22.4,
            "gross_profit": 11561,
            "gross_margin": 41.37,
            "gross_margin_4q_avg": 43.59,
            "net_income": -3101,
            "net_income_4q": null,
            "revenue": 27947,
            "revenue_4q": null,
            "common_shares": 1000000,
            "book_valuer_per_share": 20.95,
            "book_valuer_per_share_4q_avg": 21.01,
            "equity": 2470096,
            "current_ratio": 762.09,
            "debt_ratio": 12.23,
            "inventory_turnover_ratio": 0.01,
            "account_receivable_turnover_ratio": 2.37,
            "reinvestment_rate": 0.11,
            "research_to_sale_ratio": null,
            "price_fair": 148.68,
            "eps_avg_yearly": 4.25,
            "eps_latest_yearly": 6.52,
            "eps_growth_yearly": 778.33
        },
        "20184": {
            "year_quarter": 20184,
            "year": 2018,
            "quarter": 4,
            "eps": -0.05,
            "eps_growth_year": -103.14,
            "eps_4q": 3.64,
            "eps_4q_growth_year": 38.27,
            "roe": -0.23,
            "roe_4q": 15.86,
            "gross_profit": 8044,
            "gross_margin": 48.6,
            "gross_margin_4q_avg": 44.1,
            "net_income": -5768,
            "net_income_4q": null,
            "revenue": 16552,
            "revenue_4q": null,
            "common_shares": 1000000,
            "book_valuer_per_share": 20.91,
            "book_valuer_per_share_4q_avg": 21.32,
            "equity": 2464328,
            "current_ratio": 1351.07,
            "debt_ratio": 6.86,
            "inventory_turnover_ratio": 0,
            "account_receivable_turnover_ratio": 2.88,
            "reinvestment_rate": -0.01,
            "research_to_sale_ratio": null,
            "price_fair": 164.58,
            "eps_avg_yearly": 4.7,
            "eps_latest_yearly": 6.52,
            "eps_growth_yearly": 907.12
        },
        "20191": {
            "year_quarter": 20191,
            "year": 2019,
            "quarter": 1,
            "eps": -0.15,
            "eps_growth_year": -106.88,
            "eps_4q": 1.37,
            "eps_4q_growth_year": -67.67,
            "roe": -0.64,
            "roe_4q": 6.3,
            "gross_profit": 724,
            "gross_margin": 67.85,
            "gross_margin_4q_avg": 49.28,
            "net_income": -15679,
            "net_income_4q": null,
            "revenue": 1067,
            "revenue_4q": null,
            "common_shares": 1000000,
            "book_valuer_per_share": 20.76,
            "book_valuer_per_share_4q_avg": 21.04,
            "equity": 2448649,
            "current_ratio": 1468.73,
            "debt_ratio": 6.3,
            "inventory_turnover_ratio": 0,
            "account_receivable_turnover_ratio": 0.25,
            "reinvestment_rate": -0.03,
            "research_to_sale_ratio": null,
            "price_fair": 172.55,
            "eps_avg_yearly": 4.93,
            "eps_latest_yearly": 6.52,
            "eps_growth_yearly": 170.51
        },
        "20192": {
            "year_quarter": 20192,
            "year": 2019,
            "quarter": 2,
            "eps": -0.21,
            "eps_growth_year": -112.88,
            "eps_4q": -0.43,
            "eps_4q_growth_year": -107.89,
            "roe": -1,
            "roe_4q": -2,
            "gross_profit": 296,
            "gross_margin": 100,
            "gross_margin_4q_avg": 64.46,
            "net_income": -23360,
            "net_income_4q": null,
            "revenue": 296,
            "revenue_4q": null,
            "common_shares": 1000000,
            "book_valuer_per_share": 18.55,
            "book_valuer_per_share_4q_avg": 20.29,
            "equity": 2225289,
            "current_ratio": 495.26,
            "debt_ratio": 18.74,
            "inventory_turnover_ratio": 0,
            "account_receivable_turnover_ratio": 0.08,
            "reinvestment_rate": -0.02,
            "research_to_sale_ratio": null,
            "price_fair": 172.55,
            "eps_avg_yearly": 4.93,
            "eps_latest_yearly": 6.52,
            "eps_growth_yearly": 170.51
        },
        "20193": {
            "year_quarter": 20193,
            "year": 2019,
            "quarter": 3,
            "eps": -0.12,
            "eps_growth_year": null,
            "eps_4q": -0.53,
            "eps_4q_growth_year": -110.35,
            "roe": -0.58,
            "roe_4q": -2.45,
            "gross_profit": 1241,
            "gross_margin": 63.77,
            "gross_margin_4q_avg": 70.06,
            "net_income": -12759,
            "net_income_4q": null,
            "revenue": 1946,
            "revenue_4q": null,
            "common_shares": 1000000,
            "book_valuer_per_share": 18.43,
            "book_valuer_per_share_4q_avg": 19.66,
            "equity": 2212530,
            "current_ratio": 395.18,
            "debt_ratio": 23.44,
            "inventory_turnover_ratio": 0,
            "account_receivable_turnover_ratio": 0.59,
            "reinvestment_rate": -0.03,
            "research_to_sale_ratio": null,
            "price_fair": 172.55,
            "eps_avg_yearly": 4.93,
            "eps_latest_yearly": 6.52,
            "eps_growth_yearly": 170.51
        },
        "20194": {
            "year_quarter": 20194,
            "year": 2019,
            "quarter": 4,
            "eps": 0.9,
            "eps_growth_year": null,
            "eps_4q": 0.41,
            "eps_4q_growth_year": -88.64,
            "roe": 4.13,
            "roe_4q": 1.9099999999999997,
            "gross_profit": 112176,
            "gross_margin": 34.15,
            "gross_margin_4q_avg": 66.44,
            "net_income": 93392,
            "net_income_4q": null,
            "revenue": 328511,
            "revenue_4q": null,
            "common_shares": 1000000,
            "book_valuer_per_share": 19.32,
            "book_valuer_per_share_4q_avg": 19.27,
            "equity": 2305922,
            "current_ratio": 366.38,
            "debt_ratio": 25.41,
            "inventory_turnover_ratio": 0.09,
            "account_receivable_turnover_ratio": 3.19,
            "reinvestment_rate": -0.03,
            "research_to_sale_ratio": null,
            "price_fair": 172.55,
            "eps_avg_yearly": 4.93,
            "eps_latest_yearly": 6.52,
            "eps_growth_yearly": 170.51
        },
        "20201": {
            "year_quarter": 20201,
            "year": 2020,
            "quarter": 1,
            "eps": -0.04,
            "eps_growth_year": null,
            "eps_4q": 0.52,
            "eps_4q_growth_year": -61.84,
            "roe": -0.2,
            "roe_4q": 2.3499999999999996,
            "gross_profit": 13050,
            "gross_margin": 28.41,
            "gross_margin_4q_avg": 56.58,
            "net_income": -4600,
            "net_income_4q": null,
            "revenue": 45935,
            "revenue_4q": null,
            "common_shares": 1000000,
            "book_valuer_per_share": 19.28,
            "book_valuer_per_share_4q_avg": 18.9,
            "equity": 2301322,
            "current_ratio": 289.46,
            "debt_ratio": 32.38,
            "inventory_turnover_ratio": 0.01,
            "account_receivable_turnover_ratio": 0.37,
            "reinvestment_rate": -0.03,
            "research_to_sale_ratio": null,
            "price_fair": 172.55,
            "eps_avg_yearly": 4.93,
            "eps_latest_yearly": 6.52,
            "eps_growth_yearly": 170.51
        },
        "20202": {
            "year_quarter": 20202,
            "year": 2020,
            "quarter": 2,
            "eps": 0.13,
            "eps_growth_year": null,
            "eps_4q": 0.86,
            "eps_4q_growth_year": null,
            "roe": 0.52,
            "roe_4q": 3.87,
            "gross_profit": 41660,
            "gross_margin": 29.02,
            "gross_margin_4q_avg": 38.84,
            "net_income": 11652,
            "net_income_4q": null,
            "revenue": 143541,
            "revenue_4q": null,
            "common_shares": 1000000,
            "book_valuer_per_share": 18.41,
            "book_valuer_per_share_4q_avg": 18.86,
            "equity": 2212974,
            "current_ratio": 251.08,
            "debt_ratio": 37.43,
            "inventory_turnover_ratio": 0.04,
            "account_receivable_turnover_ratio": 3.22,
            "reinvestment_rate": -0.1,
            "research_to_sale_ratio": null,
            "price_fair": 172.55,
            "eps_avg_yearly": 4.93,
            "eps_latest_yearly": 6.52,
            "eps_growth_yearly": 170.51
        },
        "20203": {
            "year_quarter": 20203,
            "year": 2020,
            "quarter": 3,
            "eps": 0.68,
            "eps_growth_year": null,
            "eps_4q": 1.66,
            "eps_4q_growth_year": null,
            "roe": 4.03,
            "roe_4q": 8.48,
            "gross_profit": 139221,
            "gross_margin": 33.45,
            "gross_margin_4q_avg": 31.26,
            "net_income": 91130,
            "net_income_4q": null,
            "revenue": 416241,
            "revenue_4q": null,
            "common_shares": 1000000,
            "book_valuer_per_share": 19.09,
            "book_valuer_per_share_4q_avg": 19.03,
            "equity": 2304104,
            "current_ratio": 252.51,
            "debt_ratio": 37.31,
            "inventory_turnover_ratio": 0.1,
            "account_receivable_turnover_ratio": 16.98,
            "reinvestment_rate": -0.08,
            "research_to_sale_ratio": null,
            "price_fair": 153.13,
            "eps_avg_yearly": 4.38,
            "eps_latest_yearly": 2.72,
            "eps_growth_yearly": 334.76
        },
        "20204": {
            "year_quarter": 20204,
            "year": 2020,
            "quarter": 4,
            "eps": 0.69,
            "eps_growth_year": -23.17,
            "eps_4q": 1.45,
            "eps_4q_growth_year": 251.41,
            "roe": 3.83,
            "roe_4q": 8.180000000000001,
            "gross_profit": 144733,
            "gross_margin": 30.5,
            "gross_margin_4q_avg": 30.35,
            "net_income": 89943,
            "net_income_4q": null,
            "revenue": 474578,
            "revenue_4q": null,
            "common_shares": 1000000,
            "book_valuer_per_share": 19.78,
            "book_valuer_per_share_4q_avg": 19.14,
            "equity": 2394047,
            "current_ratio": 282.74,
            "debt_ratio": 33.15,
            "inventory_turnover_ratio": 0.12,
            "account_receivable_turnover_ratio": 22.62,
            "reinvestment_rate": -0.1,
            "research_to_sale_ratio": null,
            "price_fair": 138.08,
            "eps_avg_yearly": 3.95,
            "eps_latest_yearly": 2.76,
            "eps_growth_yearly": 342.2
        },
        "20211": {
            "year_quarter": 20211,
            "year": 2021,
            "quarter": 1,
            "eps": -0.11,
            "eps_growth_year": null,
            "eps_4q": 1.38,
            "eps_4q_growth_year": 164.17,
            "roe": -0.52,
            "roe_4q": 7.859999999999999,
            "gross_profit": 1653,
            "gross_margin": 67.28,
            "gross_margin_4q_avg": 40.06,
            "net_income": -12235,
            "net_income_4q": null,
            "revenue": 2457,
            "revenue_4q": null,
            "common_shares": 1000000,
            "book_valuer_per_share": 19.66,
            "book_valuer_per_share_4q_avg": 19.24,
            "equity": 2338342,
            "current_ratio": 257.96,
            "debt_ratio": 36.25,
            "inventory_turnover_ratio": 0,
            "account_receivable_turnover_ratio": 0.12,
            "reinvestment_rate": -0.07,
            "research_to_sale_ratio": null,
            "price_fair": 144.6,
            "eps_avg_yearly": 4.13,
            "eps_latest_yearly": 2.76,
            "eps_growth_yearly": 423.9
        },
        "20212": {
            "year_quarter": 20212,
            "year": 2021,
            "quarter": 2,
            "eps": 0.58,
            "eps_growth_year": 346.15,
            "eps_4q": 1.83,
            "eps_4q_growth_year": 112.32,
            "roe": 2.47,
            "roe_4q": 9.81,
            "gross_profit": 94405,
            "gross_margin": 25.38,
            "gross_margin_4q_avg": 39.15,
            "net_income": 56993,
            "net_income_4q": null,
            "revenue": 371943,
            "revenue_4q": null,
            "common_shares": 1000000,
            "book_valuer_per_share": 19.04,
            "book_valuer_per_share_4q_avg": 19.39,
            "equity": 2275335,
            "current_ratio": 283.07,
            "debt_ratio": 33.21,
            "inventory_turnover_ratio": 0.1,
            "account_receivable_turnover_ratio": 16.8,
            "reinvestment_rate": -0.06,
            "research_to_sale_ratio": null,
            "price_fair": 162.87,
            "eps_avg_yearly": 4.65,
            "eps_latest_yearly": 2.76,
            "eps_growth_yearly": 535.97
        },
        "20213": {
            "year_quarter": 20213,
            "year": 2021,
            "quarter": 3,
            "eps": 1.47,
            "eps_growth_year": 116.18,
            "eps_4q": 2.62,
            "eps_4q_growth_year": 57.58,
            "roe": 6.21,
            "roe_4q": 11.99,
            "gross_profit": 217370,
            "gross_margin": 35.66,
            "gross_margin_4q_avg": 39.71,
            "net_income": 145825,
            "net_income_4q": null,
            "revenue": 609563,
            "revenue_4q": null,
            "common_shares": 1000000,
            "book_valuer_per_share": 20.51,
            "book_valuer_per_share_4q_avg": 19.75,
            "equity": 2421160,
            "current_ratio": 308.7,
            "debt_ratio": 30.49,
            "inventory_turnover_ratio": 0.16,
            "account_receivable_turnover_ratio": 9.47,
            "reinvestment_rate": 0.11,
            "research_to_sale_ratio": null,
            "price_fair": 189,
            "eps_avg_yearly": 5.4,
            "eps_latest_yearly": 5.88,
            "eps_growth_yearly": 611.6
        },
        "20214": {
            "year_quarter": 20214,
            "year": 2021,
            "quarter": 4,
            "eps": 1.12,
            "eps_growth_year": 62.29,
            "eps_4q": 3.05,
            "eps_4q_growth_year": 109.56,
            "roe": 4.47,
            "roe_4q": 12.63,
            "gross_profit": 174752,
            "gross_margin": 35.56,
            "gross_margin_4q_avg": 40.97,
            "net_income": 110722,
            "net_income_4q": null,
            "revenue": 491448,
            "revenue_4q": null,
            "common_shares": 1000000,
            "book_valuer_per_share": 21.62,
            "book_valuer_per_share_4q_avg": 20.21,
            "equity": 2531882,
            "current_ratio": 329.58,
            "debt_ratio": 28.49,
            "inventory_turnover_ratio": 0.15,
            "account_receivable_turnover_ratio": 8.97,
            "reinvestment_rate": 0.12,
            "research_to_sale_ratio": null,
            "price_fair": 181.3,
            "eps_avg_yearly": 5.18,
            "eps_latest_yearly": 4.48,
            "eps_growth_yearly": 386.2
        },
        "20221": {
            "year_quarter": 20221,
            "year": 2022,
            "quarter": 1,
            "eps": 0.65,
            "eps_growth_year": null,
            "eps_4q": 3.81,
            "eps_4q_growth_year": 176.13,
            "roe": 2.5,
            "roe_4q": 15.65,
            "gross_profit": 103284,
            "gross_margin": 38.94,
            "gross_margin_4q_avg": 33.89,
            "net_income": 63972,
            "net_income_4q": null,
            "revenue": 265226,
            "revenue_4q": null,
            "common_shares": 1000000,
            "book_valuer_per_share": 22.27,
            "book_valuer_per_share_4q_avg": 20.86,
            "equity": 2595854,
            "current_ratio": 399.1,
            "debt_ratio": 23.45,
            "inventory_turnover_ratio": 0.08,
            "account_receivable_turnover_ratio": 12.08,
            "reinvestment_rate": 0.12,
            "research_to_sale_ratio": null,
            "price_fair": 145.6,
            "eps_avg_yearly": 4.16,
            "eps_latest_yearly": 2.6,
            "eps_growth_yearly": 324.66
        },
        "20222": {
            "year_quarter": 20222,
            "year": 2022,
            "quarter": 2,
            "eps": -0.15,
            "eps_growth_year": -125.86,
            "eps_4q": 3.08,
            "eps_4q_growth_year": 68.24,
            "roe": -0.62,
            "roe_4q": 12.559999999999999,
            "gross_profit": 2993,
            "gross_margin": 21.83,
            "gross_margin_4q_avg": 33,
            "net_income": -15595,
            "net_income_4q": null,
            "revenue": 13712,
            "revenue_4q": null,
            "common_shares": 1000000,
            "book_valuer_per_share": 20.62,
            "book_valuer_per_share_4q_avg": 21.26,
            "equity": 2430259,
            "current_ratio": 387.33,
            "debt_ratio": 24.63,
            "inventory_turnover_ratio": 0.01,
            "account_receivable_turnover_ratio": 0.7,
            "reinvestment_rate": -0.85,
            "research_to_sale_ratio": null,
            "price_fair": 129.08,
            "eps_avg_yearly": 3.69,
            "eps_latest_yearly": 2.6,
            "eps_growth_yearly": 409.78
        },
        "20223": {
            "year_quarter": 20223,
            "year": 2022,
            "quarter": 3,
            "eps": 0.1,
            "eps_growth_year": -93.2,
            "eps_4q": 1.72,
            "eps_4q_growth_year": -34.29,
            "roe": 0.39,
            "roe_4q": 6.74,
            "gross_profit": 28039,
            "gross_margin": 72.9,
            "gross_margin_4q_avg": 42.31,
            "net_income": 9540,
            "net_income_4q": null,
            "revenue": 38463,
            "revenue_4q": null,
            "common_shares": 1000000,
            "book_valuer_per_share": 20.73,
            "book_valuer_per_share_4q_avg": 21.31,
            "equity": 2439799,
            "current_ratio": 348.81,
            "debt_ratio": 27.41,
            "inventory_turnover_ratio": 0,
            "account_receivable_turnover_ratio": 1.44,
            "reinvestment_rate": -0.82,
            "research_to_sale_ratio": null,
            "price_fair": 129.08,
            "eps_avg_yearly": 3.69,
            "eps_latest_yearly": 2.6,
            "eps_growth_yearly": 409.78
        },
        "20224": {
            "year_quarter": 20224,
            "year": 2022,
            "quarter": 4,
            "eps": -0.02,
            "eps_growth_year": -101.89,
            "eps_4q": 0.58,
            "eps_4q_growth_year": -80.88,
            "roe": -0.12,
            "roe_4q": 2.15,
            "gross_profit": 17673,
            "gross_margin": 18.55,
            "gross_margin_4q_avg": 38.06,
            "net_income": -2893,
            "net_income_4q": null,
            "revenue": 95280,
            "revenue_4q": null,
            "common_shares": 1000000,
            "book_valuer_per_share": 20.71,
            "book_valuer_per_share_4q_avg": 21.08,
            "equity": 2436906,
            "current_ratio": 282.1,
            "debt_ratio": 34.14,
            "inventory_turnover_ratio": 0.03,
            "account_receivable_turnover_ratio": 2.3,
            "reinvestment_rate": -0.78,
            "research_to_sale_ratio": null,
            "price_fair": 129.08,
            "eps_avg_yearly": 3.69,
            "eps_latest_yearly": 2.6,
            "eps_growth_yearly": 409.78
        },
        "20231": {
            "year_quarter": 20231,
            "year": 2023,
            "quarter": 1,
            "eps": -0.12,
            "eps_growth_year": -118.46,
            "eps_4q": -0.19,
            "eps_4q_growth_year": -104.96,
            "roe": -0.53,
            "roe_4q": -0.88,
            "gross_profit": 3720,
            "gross_margin": 7.52,
            "gross_margin_4q_avg": 30.2,
            "net_income": -12929,
            "net_income_4q": null,
            "revenue": 49498,
            "revenue_4q": null,
            "common_shares": 1000000,
            "book_valuer_per_share": 20.58,
            "book_valuer_per_share_4q_avg": 20.66,
            "equity": 2423977,
            "current_ratio": 279.37,
            "debt_ratio": 34.48,
            "inventory_turnover_ratio": 0.02,
            "account_receivable_turnover_ratio": 1.37,
            "reinvestment_rate": -0.76,
            "research_to_sale_ratio": null,
            "price_fair": 129.08,
            "eps_avg_yearly": 3.69,
            "eps_latest_yearly": 2.6,
            "eps_growth_yearly": 409.78
        },
        "20232": {
            "year_quarter": 20232,
            "year": 2023,
            "quarter": 2,
            "eps": -0.12,
            "eps_growth_year": null,
            "eps_4q": -0.16,
            "eps_4q_growth_year": -105.1,
            "roe": -0.52,
            "roe_4q": -0.7799999999999999,
            "gross_profit": 1991,
            "gross_margin": 3.84,
            "gross_margin_4q_avg": 25.7,
            "net_income": -12249,
            "net_income_4q": null,
            "revenue": 51838,
            "revenue_4q": null,
            "common_shares": 1000000,
            "book_valuer_per_share": 19.47,
            "book_valuer_per_share_4q_avg": 20.37,
            "equity": 2311728,
            "current_ratio": 222.91,
            "debt_ratio": 43.38,
            "inventory_turnover_ratio": 0.02,
            "account_receivable_turnover_ratio": 2.56,
            "reinvestment_rate": -0.79,
            "research_to_sale_ratio": null,
            "price_fair": 129.08,
            "eps_avg_yearly": 3.69,
            "eps_latest_yearly": 2.6,
            "eps_growth_yearly": 409.78
        },
        "20233": {
            "year_quarter": 20233,
            "year": 2023,
            "quarter": 3,
            "eps": 0.48,
            "eps_growth_year": 380,
            "eps_4q": 0.22,
            "eps_4q_growth_year": -87.19,
            "roe": 2.04,
            "roe_4q": 0.87,
            "gross_profit": 93984,
            "gross_margin": 20.36,
            "gross_margin_4q_avg": 12.57,
            "net_income": 47628,
            "net_income_4q": null,
            "revenue": 461649,
            "revenue_4q": null,
            "common_shares": 1000000,
            "book_valuer_per_share": 19.95,
            "book_valuer_per_share_4q_avg": 20.18,
            "equity": 2359356,
            "current_ratio": 213.82,
            "debt_ratio": 45.31,
            "inventory_turnover_ratio": 0.13,
            "account_receivable_turnover_ratio": 9.08,
            "reinvestment_rate": -0.72,
            "research_to_sale_ratio": null,
            "price_fair": 129.08,
            "eps_avg_yearly": 3.69,
            "eps_latest_yearly": 2.6,
            "eps_growth_yearly": 409.78
        }
    },
    "months": {
        "2007-09": {
            "month": "2007-09",
            "price": "18.95",
            "revenue": 45532
        },
        "2007-10": {
            "month": "2007-10",
            "price": "18.12",
            "revenue": 87992
        },
        "2007-11": {
            "month": "2007-11",
            "price": "18.10",
            "revenue": 135231
        },
        "2007-12": {
            "month": "2007-12",
            "price": "17.63",
            "revenue": 184067
        },
        "2008-01": {
            "month": "2008-01",
            "price": "18.25",
            "revenue": 0
        },
        "2008-02": {
            "month": "2008-02",
            "price": "16.60",
            "revenue": 36688
        },
        "2008-03": {
            "month": "2008-03",
            "price": "16.64",
            "revenue": 92081
        },
        "2008-04": {
            "month": "2008-04",
            "price": "17.02",
            "revenue": 31696
        },
        "2008-05": {
            "month": "2008-05",
            "price": "17.25",
            "revenue": 118762
        },
        "2008-06": {
            "month": "2008-06",
            "price": "17.39",
            "revenue": 346867
        },
        "2008-07": {
            "month": "2008-07",
            "price": "18.29",
            "revenue": 58932
        },
        "2008-08": {
            "month": "2008-08",
            "price": "18.31",
            "revenue": 90279
        },
        "2008-09": {
            "month": "2008-09",
            "price": "17.03",
            "revenue": 61887
        },
        "2008-10": {
            "month": "2008-10",
            "price": "12.71",
            "revenue": 43578
        },
        "2008-11": {
            "month": "2008-11",
            "price": "11.24",
            "revenue": 41104
        },
        "2008-12": {
            "month": "2008-12",
            "price": "11.59",
            "revenue": 27367
        },
        "2009-01": {
            "month": "2009-01",
            "price": "11.87",
            "revenue": 14036
        },
        "2009-02": {
            "month": "2009-02",
            "price": "12.46",
            "revenue": 26629
        },
        "2009-03": {
            "month": "2009-03",
            "price": "15.54",
            "revenue": 51686
        },
        "2009-04": {
            "month": "2009-04",
            "price": "21.85",
            "revenue": 49145
        },
        "2009-05": {
            "month": "2009-05",
            "price": "30.12",
            "revenue": 53894
        },
        "2009-06": {
            "month": "2009-06",
            "price": "27.17",
            "revenue": 94272
        },
        "2009-07": {
            "month": "2009-07",
            "price": "26.36",
            "revenue": 95780
        },
        "2009-08": {
            "month": "2009-08",
            "price": "24.62",
            "revenue": 100745
        },
        "2009-09": {
            "month": "2009-09",
            "price": "22.11",
            "revenue": 45299
        },
        "2009-10": {
            "month": "2009-10",
            "price": "22.73",
            "revenue": 29030
        },
        "2009-11": {
            "month": "2009-11",
            "price": "21.64",
            "revenue": 47190
        },
        "2009-12": {
            "month": "2009-12",
            "price": "23.39",
            "revenue": 46068
        },
        "2010-01": {
            "month": "2010-01",
            "price": "26.09",
            "revenue": 95291
        },
        "2010-02": {
            "month": "2010-02",
            "price": "22.69",
            "revenue": 79128
        },
        "2010-03": {
            "month": "2010-03",
            "price": "24.75",
            "revenue": 26418
        },
        "2010-04": {
            "month": "2010-04",
            "price": "25.82",
            "revenue": 68877
        },
        "2010-05": {
            "month": "2010-05",
            "price": "23.87",
            "revenue": 44677
        },
        "2010-06": {
            "month": "2010-06",
            "price": "22.84",
            "revenue": 27844
        },
        "2010-07": {
            "month": "2010-07",
            "price": "22.81",
            "revenue": 18874
        },
        "2010-08": {
            "month": "2010-08",
            "price": "22.15",
            "revenue": 8887
        },
        "2010-09": {
            "month": "2010-09",
            "price": "20.59",
            "revenue": 16536
        },
        "2010-10": {
            "month": "2010-10",
            "price": "19.52",
            "revenue": 52
        },
        "2010-11": {
            "month": "2010-11",
            "price": "18.18",
            "revenue": 11169
        },
        "2010-12": {
            "month": "2010-12",
            "price": "19.37",
            "revenue": 48
        },
        "2011-01": {
            "month": "2011-01",
            "price": "19.96",
            "revenue": 9281
        },
        "2011-02": {
            "month": "2011-02",
            "price": "19.36",
            "revenue": 70
        },
        "2011-03": {
            "month": "2011-03",
            "price": "17.73",
            "revenue": 12784
        },
        "2011-04": {
            "month": "2011-04",
            "price": "18.01",
            "revenue": 93
        },
        "2011-05": {
            "month": "2011-05",
            "price": "17.69",
            "revenue": 59
        },
        "2011-06": {
            "month": "2011-06",
            "price": "17.48",
            "revenue": 70
        },
        "2011-07": {
            "month": "2011-07",
            "price": "17.54",
            "revenue": 974
        },
        "2011-08": {
            "month": "2011-08",
            "price": "15.85",
            "revenue": 122
        },
        "2011-09": {
            "month": "2011-09",
            "price": "14.04",
            "revenue": 5454
        },
        "2011-10": {
            "month": "2011-10",
            "price": "13.78",
            "revenue": 579
        },
        "2011-11": {
            "month": "2011-11",
            "price": "14.06",
            "revenue": 41418
        },
        "2011-12": {
            "month": "2011-12",
            "price": "13.61",
            "revenue": 77109
        },
        "2012-01": {
            "month": "2012-01",
            "price": "12.94",
            "revenue": 13548
        },
        "2012-02": {
            "month": "2012-02",
            "price": "14.03",
            "revenue": 30719
        },
        "2012-03": {
            "month": "2012-03",
            "price": "16.36",
            "revenue": 87418
        },
        "2012-04": {
            "month": "2012-04",
            "price": "16.24",
            "revenue": 60771
        },
        "2012-05": {
            "month": "2012-05",
            "price": "16.50",
            "revenue": 17378
        },
        "2012-06": {
            "month": "2012-06",
            "price": "16.22",
            "revenue": 59
        },
        "2012-07": {
            "month": "2012-07",
            "price": "16.34",
            "revenue": 27258
        },
        "2012-08": {
            "month": "2012-08",
            "price": "16.50",
            "revenue": 27718
        },
        "2012-09": {
            "month": "2012-09",
            "price": "17.42",
            "revenue": 20049
        },
        "2012-10": {
            "month": "2012-10",
            "price": "17.20",
            "revenue": 109377
        },
        "2012-11": {
            "month": "2012-11",
            "price": "17.10",
            "revenue": 84535
        },
        "2012-12": {
            "month": "2012-12",
            "price": "17.41",
            "revenue": 96680
        },
        "2013-01": {
            "month": "2013-01",
            "price": "18.00",
            "revenue": 86505
        },
        "2013-02": {
            "month": "2013-02",
            "price": "17.99",
            "revenue": 152642
        },
        "2013-03": {
            "month": "2013-03",
            "price": "18.52",
            "revenue": 71720
        },
        "2013-04": {
            "month": "2013-04",
            "price": "22.25",
            "revenue": 11780
        },
        "2013-05": {
            "month": "2013-05",
            "price": "22.07",
            "revenue": 21139
        },
        "2013-06": {
            "month": "2013-06",
            "price": "21.53",
            "revenue": 18157
        },
        "2013-07": {
            "month": "2013-07",
            "price": "21.71",
            "revenue": 271
        },
        "2013-08": {
            "month": "2013-08",
            "price": "21.12",
            "revenue": 9278
        },
        "2013-09": {
            "month": "2013-09",
            "price": "18.66",
            "revenue": 822
        },
        "2013-10": {
            "month": "2013-10",
            "price": "17.77",
            "revenue": 1115
        },
        "2013-11": {
            "month": "2013-11",
            "price": "17.51",
            "revenue": 1578
        },
        "2013-12": {
            "month": "2013-12",
            "price": "17.79",
            "revenue": 255247
        },
        "2014-01": {
            "month": "2014-01",
            "price": "18.32",
            "revenue": 56485
        },
        "2014-02": {
            "month": "2014-02",
            "price": "18.59",
            "revenue": 57704
        },
        "2014-03": {
            "month": "2014-03",
            "price": "19.26",
            "revenue": 56487
        },
        "2014-04": {
            "month": "2014-04",
            "price": "19.44",
            "revenue": 53007
        },
        "2014-05": {
            "month": "2014-05",
            "price": "19.07",
            "revenue": 77498
        },
        "2014-06": {
            "month": "2014-06",
            "price": "19.04",
            "revenue": 116977
        },
        "2014-07": {
            "month": "2014-07",
            "price": "18.60",
            "revenue": 48597
        },
        "2014-08": {
            "month": "2014-08",
            "price": "18.87",
            "revenue": 42942
        },
        "2014-09": {
            "month": "2014-09",
            "price": "17.42",
            "revenue": 123665
        },
        "2014-10": {
            "month": "2014-10",
            "price": "17.10",
            "revenue": 56563
        },
        "2014-11": {
            "month": "2014-11",
            "price": "17.29",
            "revenue": 14287
        },
        "2014-12": {
            "month": "2014-12",
            "price": "17.59",
            "revenue": 10177
        },
        "2015-01": {
            "month": "2015-01",
            "price": "17.80",
            "revenue": 124429
        },
        "2015-02": {
            "month": "2015-02",
            "price": "17.86",
            "revenue": 66664
        },
        "2015-03": {
            "month": "2015-03",
            "price": "18.40",
            "revenue": 42909
        },
        "2015-04": {
            "month": "2015-04",
            "price": "18.32",
            "revenue": 34955
        },
        "2015-05": {
            "month": "2015-05",
            "price": "17.93",
            "revenue": 287
        },
        "2015-06": {
            "month": "2015-06",
            "price": "18.03",
            "revenue": 195
        },
        "2015-07": {
            "month": "2015-07",
            "price": "17.18",
            "revenue": 19423
        },
        "2015-08": {
            "month": "2015-08",
            "price": "14.12",
            "revenue": 394
        },
        "2015-09": {
            "month": "2015-09",
            "price": "13.72",
            "revenue": 71
        },
        "2015-10": {
            "month": "2015-10",
            "price": "12.98",
            "revenue": 201
        },
        "2015-11": {
            "month": "2015-11",
            "price": "12.76",
            "revenue": 895
        },
        "2015-12": {
            "month": "2015-12",
            "price": "12.62",
            "revenue": 998
        },
        "2016-01": {
            "month": "2016-01",
            "price": "12.48",
            "revenue": 9619
        },
        "2016-02": {
            "month": "2016-02",
            "price": "12.66",
            "revenue": 62
        },
        "2016-03": {
            "month": "2016-03",
            "price": "13.13",
            "revenue": 6206
        },
        "2016-04": {
            "month": "2016-04",
            "price": "13.62",
            "revenue": 2294
        },
        "2016-05": {
            "month": "2016-05",
            "price": "13.52",
            "revenue": 23531
        },
        "2016-06": {
            "month": "2016-06",
            "price": "13.70",
            "revenue": 151854
        },
        "2016-07": {
            "month": "2016-07",
            "price": "13.73",
            "revenue": 103733
        },
        "2016-08": {
            "month": "2016-08",
            "price": "13.71",
            "revenue": 164621
        },
        "2016-09": {
            "month": "2016-09",
            "price": "14.31",
            "revenue": 147556
        },
        "2016-10": {
            "month": "2016-10",
            "price": "16.83",
            "revenue": 240299
        },
        "2016-11": {
            "month": "2016-11",
            "price": "18.08",
            "revenue": 351253
        },
        "2016-12": {
            "month": "2016-12",
            "price": "18.63",
            "revenue": 182851
        },
        "2017-01": {
            "month": "2017-01",
            "price": "19.33",
            "revenue": 207384
        },
        "2017-02": {
            "month": "2017-02",
            "price": "20.96",
            "revenue": 146099
        },
        "2017-03": {
            "month": "2017-03",
            "price": "21.12",
            "revenue": 80715
        },
        "2017-04": {
            "month": "2017-04",
            "price": "19.99",
            "revenue": 67333
        },
        "2017-05": {
            "month": "2017-05",
            "price": "20.18",
            "revenue": 44808
        },
        "2017-06": {
            "month": "2017-06",
            "price": "20.43",
            "revenue": 83640
        },
        "2017-07": {
            "month": "2017-07",
            "price": "18.03",
            "revenue": 32253
        },
        "2017-08": {
            "month": "2017-08",
            "price": "16.75",
            "revenue": 164319
        },
        "2017-09": {
            "month": "2017-09",
            "price": "17.05",
            "revenue": 20134
        },
        "2017-10": {
            "month": "2017-10",
            "price": "16.76",
            "revenue": 52570
        },
        "2017-11": {
            "month": "2017-11",
            "price": "16.83",
            "revenue": 58811
        },
        "2017-12": {
            "month": "2017-12",
            "price": "16.80",
            "revenue": 261963
        },
        "2018-01": {
            "month": "2018-01",
            "price": "17.38",
            "revenue": 145887
        },
        "2018-02": {
            "month": "2018-02",
            "price": "17.02",
            "revenue": 111073
        },
        "2018-03": {
            "month": "2018-03",
            "price": "17.18",
            "revenue": 304509
        },
        "2018-04": {
            "month": "2018-04",
            "price": "18.65",
            "revenue": 372384
        },
        "2018-05": {
            "month": "2018-05",
            "price": "22.09",
            "revenue": 172234
        },
        "2018-06": {
            "month": "2018-06",
            "price": "25.62",
            "revenue": 13689
        },
        "2018-07": {
            "month": "2018-07",
            "price": "24.89",
            "revenue": 71
        },
        "2018-08": {
            "month": "2018-08",
            "price": "23.51",
            "revenue": 16362
        },
        "2018-09": {
            "month": "2018-09",
            "price": "21.72",
            "revenue": 11516
        },
        "2018-10": {
            "month": "2018-10",
            "price": "21.57",
            "revenue": 71
        },
        "2018-11": {
            "month": "2018-11",
            "price": "21.15",
            "revenue": 16435
        },
        "2018-12": {
            "month": "2018-12",
            "price": "21.29",
            "revenue": 48
        },
        "2019-01": {
            "month": "2019-01",
            "price": "21.35",
            "revenue": 185
        },
        "2019-02": {
            "month": "2019-02",
            "price": "22.00",
            "revenue": 794
        },
        "2019-03": {
            "month": "2019-03",
            "price": "23.16",
            "revenue": 89
        },
        "2019-04": {
            "month": "2019-04",
            "price": "23.42",
            "revenue": 191
        },
        "2019-05": {
            "month": "2019-05",
            "price": "23.03",
            "revenue": 58
        },
        "2019-06": {
            "month": "2019-06",
            "price": "22.31",
            "revenue": 49
        },
        "2019-07": {
            "month": "2019-07",
            "price": "21.75",
            "revenue": 895
        },
        "2019-08": {
            "month": "2019-08",
            "price": "20.40",
            "revenue": 964
        },
        "2019-09": {
            "month": "2019-09",
            "price": "20.32",
            "revenue": 89
        },
        "2019-10": {
            "month": "2019-10",
            "price": "20.30",
            "revenue": 69549
        },
        "2019-11": {
            "month": "2019-11",
            "price": "20.60",
            "revenue": 64401
        },
        "2019-12": {
            "month": "2019-12",
            "price": "21.94",
            "revenue": 195141
        },
        "2020-01": {
            "month": "2020-01",
            "price": "21.86",
            "revenue": 158
        },
        "2020-02": {
            "month": "2020-02",
            "price": "21.30",
            "revenue": 2
        },
        "2020-03": {
            "month": "2020-03",
            "price": "18.11",
            "revenue": 45776
        },
        "2020-04": {
            "month": "2020-04",
            "price": "17.55",
            "revenue": 13986
        },
        "2020-05": {
            "month": "2020-05",
            "price": "19.17",
            "revenue": 52127
        },
        "2020-06": {
            "month": "2020-06",
            "price": "20.88",
            "revenue": 77432
        },
        "2020-07": {
            "month": "2020-07",
            "price": "22.03",
            "revenue": 27496
        },
        "2020-08": {
            "month": "2020-08",
            "price": "21.20",
            "revenue": 37155
        },
        "2020-09": {
            "month": "2020-09",
            "price": "21.33",
            "revenue": 351593
        },
        "2020-10": {
            "month": "2020-10",
            "price": "21.34",
            "revenue": 370274
        },
        "2020-11": {
            "month": "2020-11",
            "price": "21.40",
            "revenue": 57627
        },
        "2020-12": {
            "month": "2020-12",
            "price": "21.48",
            "revenue": 46679
        },
        "2021-01": {
            "month": "2021-01",
            "price": "20.56",
            "revenue": 2294
        },
        "2021-02": {
            "month": "2021-02",
            "price": "20.40",
            "revenue": 89
        },
        "2021-03": {
            "month": "2021-03",
            "price": "21.50",
            "revenue": 76
        },
        "2021-04": {
            "month": "2021-04",
            "price": "21.61",
            "revenue": 15482
        },
        "2021-05": {
            "month": "2021-05",
            "price": "21.26",
            "revenue": 228201
        },
        "2021-06": {
            "month": "2021-06",
            "price": "21.74",
            "revenue": 128262
        },
        "2021-07": {
            "month": "2021-07",
            "price": "23.07",
            "revenue": 206523
        },
        "2021-08": {
            "month": "2021-08",
            "price": "23.28",
            "revenue": 233889
        },
        "2021-09": {
            "month": "2021-09",
            "price": "24.18",
            "revenue": 169152
        },
        "2021-10": {
            "month": "2021-10",
            "price": "25.28",
            "revenue": 352780
        },
        "2021-11": {
            "month": "2021-11",
            "price": "24.14",
            "revenue": 61609
        },
        "2021-12": {
            "month": "2021-12",
            "price": "23.06",
            "revenue": 77061
        },
        "2022-01": {
            "month": "2022-01",
            "price": "21.94",
            "revenue": 261811
        },
        "2022-02": {
            "month": "2022-02",
            "price": "21.99",
            "revenue": 3398
        },
        "2022-03": {
            "month": "2022-03",
            "price": "21.96",
            "revenue": 19
        },
        "2022-04": {
            "month": "2022-04",
            "price": "21.84",
            "revenue": 5268
        },
        "2022-05": {
            "month": "2022-05",
            "price": "20.30",
            "revenue": 4321
        },
        "2022-06": {
            "month": "2022-06",
            "price": "20.06",
            "revenue": 4122
        },
        "2022-07": {
            "month": "2022-07",
            "price": "19.18",
            "revenue": 9048
        },
        "2022-08": {
            "month": "2022-08",
            "price": "18.21",
            "revenue": 4455
        },
        "2022-09": {
            "month": "2022-09",
            "price": "18.01",
            "revenue": 24960
        },
        "2022-10": {
            "month": "2022-10",
            "price": "17.29",
            "revenue": 7319
        },
        "2022-11": {
            "month": "2022-11",
            "price": "17.04",
            "revenue": 49049
        },
        "2022-12": {
            "month": "2022-12",
            "price": "17.33",
            "revenue": 38911
        },
        "2023-01": {
            "month": "2023-01",
            "price": "17.89",
            "revenue": 10211
        },
        "2023-02": {
            "month": "2023-02",
            "price": "19.07",
            "revenue": 9288
        },
        "2023-03": {
            "month": "2023-03",
            "price": "21.32",
            "revenue": 29999
        },
        "2023-04": {
            "month": "2023-04",
            "price": "22.29",
            "revenue": 5166
        },
        "2023-05": {
            "month": "2023-05",
            "price": "22.46",
            "revenue": 36353
        },
        "2023-06": {
            "month": "2023-06",
            "price": "22.63",
            "revenue": 10320
        },
        "2023-07": {
            "month": "2023-07",
            "price": "22.32",
            "revenue": 162223
        },
        "2023-08": {
            "month": "2023-08",
            "price": "21.88",
            "revenue": 180178
        },
        "2023-09": {
            "month": "2023-09",
            "price": "23.30",
            "revenue": 119248
        },
        "2023-10": {
            "month": "2023-10",
            "price": "23.32",
            "revenue": 73063
        },
        "2023-11": {
            "month": "2023-11",
            "price": "22.78",
            "revenue": 213582
        },
        "2023-12": {
            "month": "2023-12",
            "price": "23.25",
            "revenue": 63350
        }
    }
}
