{
    "summary": {
        "stock_name": "潤弘",
        "stock_id": "2597",
        "category": "建材營造",
        "main_business": "建築.土木工程之承攬;機電承裝工程.自來水承裝工程.冷凍空調工程<br>土木之預鑄樑.柱.樓版.外牆與各式預鑄房屋結構構件之生產與銷售<br>土木及預鑄工程之規劃、設計與顧問",
        "website_url": "http://www.rtc.com.tw",
        "ceo": "莫惟瀚",
        "pe_ratio": 12,
        "report_year_from": 2007,
        "report_year_to": 2023,
        "age": 17,
        "eps_negative_percentage": 0,
        "eps_growth_avg": {
            "last_all": 14.77,
            "last_2y": 3.13,
            "last_4y": 12.15,
            "last_8y": 6.49,
            "last_12y": 12.83,
            "last_16y": null,
            "last_20y": null,
            "at_2006_last_3y": null,
            "at_2007_last_3y": null,
            "at_2008_last_3y": null,
            "at_2009_last_3y": null,
            "at_2010_last_3y": null,
            "at_2011_last_3y": null,
            "at_2012_last_3y": 15.4,
            "at_2013_last_3y": 15.4,
            "at_2014_last_3y": 27.1,
            "at_2015_last_3y": 25,
            "at_2016_last_3y": 12.6,
            "at_2017_last_3y": -23.24,
            "at_2018_last_3y": -0.59,
            "at_2019_last_3y": 9.76,
            "at_2020_last_3y": 25.05,
            "at_2021_last_3y": 49.55,
            "at_2022_last_3y": 25.58,
            "at_2023_last_3y": 14.53,
            "at_2024_last_3y": 14.53,
            "at_2006_last_all": null,
            "at_2007_last_all": null,
            "at_2008_last_all": null,
            "at_2009_last_all": null,
            "at_2010_last_all": 27.38,
            "at_2011_last_all": 8.14,
            "at_2012_last_all": 15.4,
            "at_2013_last_all": 32.32,
            "at_2014_last_all": 27.19,
            "at_2015_last_all": 17.78,
            "at_2016_last_all": 14,
            "at_2017_last_all": 7.63,
            "at_2018_last_all": 16.08,
            "at_2019_last_all": 14.86,
            "at_2020_last_all": 17.68,
            "at_2021_last_all": 20.53,
            "at_2022_last_all": 18.79,
            "at_2023_last_all": 14.77,
            "at_2024_last_all": 14.77
        },
        "latest_eps": 9.49,
        "latest_price": 115,
        "latest_roe": 27.86,
        "latest_gross_margin": 16.31,
        "latest_equity": 6977267,
        "latest_revenue": 5804464,
        "latest_gross_profit": 946529,
        "latest_net_income": 653383,
        "latest_debt_ratio": 65.62,
        "latest_current_ratio": 131.24,
        "latest_account_receivable_turnover_ratio": 1.99,
        "latest_inventory_turnover_ratio": 6.53,
        "latest_reinvestment_rate": 11.36,
        "latest_research_to_sale_ratio": 0.39
    },
    "eps_dividends": {
        "2001": {
            "cash": 0,
            "stock": 0,
            "eps": 0
        },
        "2002": {
            "cash": 0,
            "stock": 0,
            "eps": 0
        },
        "2003": {
            "cash": 0,
            "stock": 0,
            "eps": 0
        },
        "2004": {
            "cash": 0,
            "stock": 0,
            "eps": 0
        },
        "2005": {
            "cash": 0,
            "stock": 0,
            "eps": 0
        },
        "2006": {
            "cash": 0,
            "stock": 0,
            "eps": 0
        },
        "2007": {
            "cash": 0,
            "stock": 0,
            "eps": 0
        },
        "2008": {
            "cash": 1.35,
            "stock": 0,
            "eps": 1.38
        },
        "2009": {
            "cash": 1.5,
            "stock": 0,
            "eps": 4.09
        },
        "2010": {
            "cash": 4.5,
            "stock": 0,
            "eps": 2.24
        },
        "2011": {
            "cash": 3.3,
            "stock": 0,
            "eps": 1.56
        },
        "2012": {
            "cash": 0,
            "stock": 0,
            "eps": 2.14
        },
        "2013": {
            "cash": 1.9,
            "stock": 0,
            "eps": 8.26
        },
        "2014": {
            "cash": 6.9,
            "stock": 0,
            "eps": 8.39
        },
        "2015": {
            "cash": 7.5,
            "stock": 0,
            "eps": 5.14
        },
        "2016": {
            "cash": 4.6,
            "stock": 0,
            "eps": 4.5
        },
        "2017": {
            "cash": 4,
            "stock": 0,
            "eps": 2.55
        },
        "2018": {
            "cash": 2.35,
            "stock": 0,
            "eps": 4.9
        },
        "2019": {
            "cash": 4.8,
            "stock": 0,
            "eps": 5.03
        },
        "2020": {
            "cash": 4.5,
            "stock": 0,
            "eps": 7.48
        },
        "2021": {
            "cash": 6.5,
            "stock": 3.7,
            "eps": 11.57
        },
        "2022": {
            "cash": 9,
            "stock": 0,
            "eps": 11.14
        },
        "2023": {
            "cash": 20,
            "stock": 0,
            "eps": 6.51
        }
    },
    "dividends": {
        "2008-04-14": {
            "cash": 1.35,
            "stock": 0
        },
        "2009-04-14": {
            "cash": 1.5,
            "stock": 0
        },
        "2010-03-15": {
            "cash": 4.5,
            "stock": 0
        },
        "2011-01-01": {
            "cash": 1.4,
            "stock": 0
        },
        "2011-04-18": {
            "cash": 1.9,
            "stock": 0
        },
        "2013-04-18": {
            "cash": 1.9,
            "stock": 0
        },
        "2014-05-08": {
            "cash": 6.9,
            "stock": 0
        },
        "2015-07-06": {
            "cash": 7.5,
            "stock": 0
        },
        "2016-07-25": {
            "cash": 4.6,
            "stock": 0
        },
        "2017-07-20": {
            "cash": 4,
            "stock": 0
        },
        "2018-07-25": {
            "cash": 2.35,
            "stock": 0
        },
        "2019-07-12": {
            "cash": 4.8,
            "stock": 0
        },
        "2020-07-22": {
            "cash": 4.5,
            "stock": 0
        },
        "2021-07-30": {
            "cash": 6.5,
            "stock": 3.7
        },
        "2022-07-28": {
            "cash": 9,
            "stock": 0
        },
        "2023-03-14": {
            "cash": 10,
            "stock": 0
        },
        "2023-07-28": {
            "cash": 10,
            "stock": 0
        }
    },
    "prices": {
        "200101": "無",
        "200102": "無",
        "200103": "無",
        "200104": "無",
        "200105": "無",
        "200106": "無",
        "200107": "無",
        "200108": "無",
        "200109": "無",
        "200110": "無",
        "200111": "無",
        "200112": "無",
        "200201": "無",
        "200202": "無",
        "200203": "無",
        "200204": "無",
        "200205": "無",
        "200206": "無",
        "200207": "無",
        "200208": "無",
        "200209": "無",
        "200210": "無",
        "200211": "無",
        "200212": "無",
        "200301": "無",
        "200302": "無",
        "200303": "無",
        "200304": "無",
        "200305": "無",
        "200306": "無",
        "200307": "無",
        "200308": "無",
        "200309": "無",
        "200310": "無",
        "200311": "無",
        "200312": "無",
        "200401": "無",
        "200402": "無",
        "200403": "無",
        "200404": "無",
        "200405": "無",
        "200406": "無",
        "200407": "無",
        "200408": "無",
        "200409": "無",
        "200410": "無",
        "200411": "無",
        "200412": "無",
        "200501": "無",
        "200502": "無",
        "200503": "無",
        "200504": "無",
        "200505": "無",
        "200506": "無",
        "200507": "無",
        "200508": "無",
        "200509": "無",
        "200510": "無",
        "200511": "無",
        "200512": "無",
        "200601": "無",
        "200602": "無",
        "200603": "無",
        "200604": "無",
        "200605": "無",
        "200606": "無",
        "200607": "無",
        "200608": "無",
        "200609": "無",
        "200610": "無",
        "200611": "無",
        "200612": "無",
        "200701": "無",
        "200702": "無",
        "200703": "無",
        "200704": "無",
        "200705": "無",
        "200706": "無",
        "200707": "無",
        "200708": "無",
        "200709": "無",
        "200710": "無",
        "200711": "無",
        "200712": "28.21",
        "200801": "27.38",
        "200802": "30.19",
        "200803": "33.14",
        "200804": "43.44",
        "200805": "42.78",
        "200806": "39.83",
        "200807": "24.79",
        "200808": "22.93",
        "200809": "22.85",
        "200810": "17.57",
        "200811": "14.36",
        "200812": "14.93",
        "200901": "18.58",
        "200902": "20.77",
        "200903": "23.40",
        "200904": "27.75",
        "200905": "27.73",
        "200906": "25.80",
        "200907": "26.16",
        "200908": "25.34",
        "200909": "27.73",
        "200910": "35.23",
        "200911": "40.02",
        "200912": "54.06",
        "201001": "55.93",
        "201002": "55.08",
        "201003": "54.80",
        "201004": "55.45",
        "201005": "54.32",
        "201006": "54.83",
        "201007": "48.41",
        "201008": "48.82",
        "201009": "47.23",
        "201010": "44.98",
        "201011": "43.47",
        "201012": "43.78",
        "201101": "44.02",
        "201102": "40.64",
        "201103": "37.90",
        "201104": "37.43",
        "201105": "34.88",
        "201106": "33.55",
        "201107": "31.35",
        "201108": "28.00",
        "201109": "24.05",
        "201110": "22.35",
        "201111": "22.84",
        "201112": "23.96",
        "201201": "26.19",
        "201202": "33.94",
        "201203": "37.59",
        "201204": "36.77",
        "201205": "34.04",
        "201206": "31.53",
        "201207": "34.58",
        "201208": "36.92",
        "201209": "37.87",
        "201210": "37.35",
        "201211": "36.55",
        "201212": "38.33",
        "201301": "41.01",
        "201302": "41.98",
        "201303": "44.58",
        "201304": "43.85",
        "201305": "46.42",
        "201306": "47.33",
        "201307": "47.28",
        "201308": "55.90",
        "201309": "57.53",
        "201310": "57.25",
        "201311": "59.32",
        "201312": "61.53",
        "201401": "61.08",
        "201402": "61.49",
        "201403": "66.50",
        "201404": "71.86",
        "201405": "71.27",
        "201406": "71.85",
        "201407": "61.39",
        "201408": "59.96",
        "201409": "62.30",
        "201410": "63.16",
        "201411": "63.64",
        "201412": "63.90",
        "201501": "63.64",
        "201502": "64.48",
        "201503": "68.29",
        "201504": "69.70",
        "201505": "67.22",
        "201506": "61.75",
        "201507": "52.16",
        "201508": "39.97",
        "201509": "36.87",
        "201510": "37.95",
        "201511": "38.14",
        "201512": "40.73",
        "201601": "38.50",
        "201602": "41.64",
        "201603": "46.06",
        "201604": "44.41",
        "201605": "42.28",
        "201606": "43.65",
        "201607": "40.53",
        "201608": "38.33",
        "201609": "37.24",
        "201610": "36.87",
        "201611": "36.58",
        "201612": "37.64",
        "201701": "37.69",
        "201702": "39.75",
        "201703": "41.45",
        "201704": "43.96",
        "201705": "43.82",
        "201706": "44.26",
        "201707": "39.95",
        "201708": "38.60",
        "201709": "38.36",
        "201710": "39.39",
        "201711": "38.80",
        "201712": "37.75",
        "201801": "38.08",
        "201802": "37.55",
        "201803": "38.00",
        "201804": "38.04",
        "201805": "37.94",
        "201806": "38.59",
        "201807": "37.04",
        "201808": "36.61",
        "201809": "36.99",
        "201810": "37.28",
        "201811": "42.96",
        "201812": "49.69",
        "201901": "50.98",
        "201902": "55.45",
        "201903": "57.64",
        "201904": "58.56",
        "201905": "57.93",
        "201906": "58.87",
        "201907": "57.71",
        "201908": "54.38",
        "201909": "55.21",
        "201910": "57.32",
        "201911": "59.51",
        "201912": "60.63",
        "202001": "63.71",
        "202002": "63.14",
        "202003": "56.87",
        "202004": "59.74",
        "202005": "61.86",
        "202006": "64.92",
        "202007": "61.94",
        "202008": "59.88",
        "202009": "59.87",
        "202010": "60.32",
        "202011": "61.94",
        "202012": "64.52",
        "202101": "67.96",
        "202102": "73.95",
        "202103": "88.62",
        "202104": "145.29",
        "202105": "142.26",
        "202106": "141.74",
        "202107": "160.09",
        "202108": "145.48",
        "202109": "130.55",
        "202110": "125.45",
        "202111": "124.45",
        "202112": "120.73",
        "202201": "124.67",
        "202202": "132.60",
        "202203": "140.74",
        "202204": "130.61",
        "202205": "118.24",
        "202206": "109.21",
        "202207": "91.66",
        "202208": "88.68",
        "202209": "87.52",
        "202210": "83.63",
        "202211": "102.42",
        "202212": "120.34",
        "202301": "123.96",
        "202302": "125.03",
        "202303": "123.98",
        "202304": "121.38",
        "202305": "117.91",
        "202306": "116.92",
        "202307": "105.21",
        "202308": "102.45",
        "202309": "101.80",
        "202310": "99.92",
        "202311": "104.08",
        "202312": "114.29"
    },
    "quarters": {
        "20011": {
            "year_quarter": 20011,
            "year": 2001,
            "quarter": 1,
            "eps": null,
            "eps_growth_year": null,
            "eps_4q": null,
            "eps_4q_growth_year": null,
            "roe": null,
            "roe_4q": 0,
            "gross_profit": null,
            "gross_margin": null,
            "gross_margin_4q_avg": 0,
            "net_income": null,
            "net_income_4q": null,
            "revenue": null,
            "revenue_4q": null,
            "common_shares": null,
            "book_valuer_per_share": null,
            "book_valuer_per_share_4q_avg": 0,
            "equity": null,
            "current_ratio": null,
            "debt_ratio": null,
            "inventory_turnover_ratio": null,
            "account_receivable_turnover_ratio": null,
            "reinvestment_rate": null,
            "research_to_sale_ratio": null,
            "price_fair": 0,
            "eps_avg_yearly": 0,
            "eps_latest_yearly": 0,
            "eps_growth_yearly": 0
        },
        "20012": {
            "year_quarter": 20012,
            "year": 2001,
            "quarter": 2,
            "eps": null,
            "eps_growth_year": null,
            "eps_4q": null,
            "eps_4q_growth_year": null,
            "roe": null,
            "roe_4q": 0,
            "gross_profit": null,
            "gross_margin": null,
            "gross_margin_4q_avg": 0,
            "net_income": null,
            "net_income_4q": null,
            "revenue": null,
            "revenue_4q": null,
            "common_shares": null,
            "book_valuer_per_share": null,
            "book_valuer_per_share_4q_avg": 0,
            "equity": null,
            "current_ratio": null,
            "debt_ratio": null,
            "inventory_turnover_ratio": null,
            "account_receivable_turnover_ratio": null,
            "reinvestment_rate": null,
            "research_to_sale_ratio": null,
            "price_fair": 0,
            "eps_avg_yearly": 0,
            "eps_latest_yearly": 0,
            "eps_growth_yearly": 0
        },
        "20013": {
            "year_quarter": 20013,
            "year": 2001,
            "quarter": 3,
            "eps": null,
            "eps_growth_year": null,
            "eps_4q": null,
            "eps_4q_growth_year": null,
            "roe": null,
            "roe_4q": 0,
            "gross_profit": null,
            "gross_margin": null,
            "gross_margin_4q_avg": 0,
            "net_income": null,
            "net_income_4q": null,
            "revenue": null,
            "revenue_4q": null,
            "common_shares": null,
            "book_valuer_per_share": null,
            "book_valuer_per_share_4q_avg": 0,
            "equity": null,
            "current_ratio": null,
            "debt_ratio": null,
            "inventory_turnover_ratio": null,
            "account_receivable_turnover_ratio": null,
            "reinvestment_rate": null,
            "research_to_sale_ratio": null,
            "price_fair": 0,
            "eps_avg_yearly": 0,
            "eps_latest_yearly": 0,
            "eps_growth_yearly": 0
        },
        "20014": {
            "year_quarter": 20014,
            "year": 2001,
            "quarter": 4,
            "eps": null,
            "eps_growth_year": null,
            "eps_4q": null,
            "eps_4q_growth_year": null,
            "roe": null,
            "roe_4q": 0,
            "gross_profit": null,
            "gross_margin": null,
            "gross_margin_4q_avg": 0,
            "net_income": null,
            "net_income_4q": null,
            "revenue": null,
            "revenue_4q": null,
            "common_shares": null,
            "book_valuer_per_share": null,
            "book_valuer_per_share_4q_avg": 0,
            "equity": null,
            "current_ratio": null,
            "debt_ratio": null,
            "inventory_turnover_ratio": null,
            "account_receivable_turnover_ratio": null,
            "reinvestment_rate": null,
            "research_to_sale_ratio": null,
            "price_fair": 0,
            "eps_avg_yearly": 0,
            "eps_latest_yearly": 0,
            "eps_growth_yearly": 0
        },
        "20021": {
            "year_quarter": 20021,
            "year": 2002,
            "quarter": 1,
            "eps": null,
            "eps_growth_year": null,
            "eps_4q": null,
            "eps_4q_growth_year": null,
            "roe": null,
            "roe_4q": 0,
            "gross_profit": null,
            "gross_margin": null,
            "gross_margin_4q_avg": 0,
            "net_income": null,
            "net_income_4q": null,
            "revenue": null,
            "revenue_4q": null,
            "common_shares": null,
            "book_valuer_per_share": null,
            "book_valuer_per_share_4q_avg": 0,
            "equity": null,
            "current_ratio": null,
            "debt_ratio": null,
            "inventory_turnover_ratio": null,
            "account_receivable_turnover_ratio": null,
            "reinvestment_rate": null,
            "research_to_sale_ratio": null,
            "price_fair": 0,
            "eps_avg_yearly": 0,
            "eps_latest_yearly": 0,
            "eps_growth_yearly": 0
        },
        "20022": {
            "year_quarter": 20022,
            "year": 2002,
            "quarter": 2,
            "eps": null,
            "eps_growth_year": null,
            "eps_4q": null,
            "eps_4q_growth_year": null,
            "roe": null,
            "roe_4q": 0,
            "gross_profit": null,
            "gross_margin": null,
            "gross_margin_4q_avg": 0,
            "net_income": null,
            "net_income_4q": null,
            "revenue": null,
            "revenue_4q": null,
            "common_shares": null,
            "book_valuer_per_share": null,
            "book_valuer_per_share_4q_avg": 0,
            "equity": null,
            "current_ratio": null,
            "debt_ratio": null,
            "inventory_turnover_ratio": null,
            "account_receivable_turnover_ratio": null,
            "reinvestment_rate": null,
            "research_to_sale_ratio": null,
            "price_fair": 0,
            "eps_avg_yearly": 0,
            "eps_latest_yearly": 0,
            "eps_growth_yearly": 0
        },
        "20023": {
            "year_quarter": 20023,
            "year": 2002,
            "quarter": 3,
            "eps": null,
            "eps_growth_year": null,
            "eps_4q": null,
            "eps_4q_growth_year": null,
            "roe": null,
            "roe_4q": 0,
            "gross_profit": null,
            "gross_margin": null,
            "gross_margin_4q_avg": 0,
            "net_income": null,
            "net_income_4q": null,
            "revenue": null,
            "revenue_4q": null,
            "common_shares": null,
            "book_valuer_per_share": null,
            "book_valuer_per_share_4q_avg": 0,
            "equity": null,
            "current_ratio": null,
            "debt_ratio": null,
            "inventory_turnover_ratio": null,
            "account_receivable_turnover_ratio": null,
            "reinvestment_rate": null,
            "research_to_sale_ratio": null,
            "price_fair": 0,
            "eps_avg_yearly": 0,
            "eps_latest_yearly": 0,
            "eps_growth_yearly": 0
        },
        "20024": {
            "year_quarter": 20024,
            "year": 2002,
            "quarter": 4,
            "eps": null,
            "eps_growth_year": null,
            "eps_4q": null,
            "eps_4q_growth_year": null,
            "roe": null,
            "roe_4q": 0,
            "gross_profit": null,
            "gross_margin": null,
            "gross_margin_4q_avg": 0,
            "net_income": null,
            "net_income_4q": null,
            "revenue": null,
            "revenue_4q": null,
            "common_shares": 400000,
            "book_valuer_per_share": 8.95,
            "book_valuer_per_share_4q_avg": 2.24,
            "equity": 357841,
            "current_ratio": 113.69,
            "debt_ratio": 74.08,
            "inventory_turnover_ratio": null,
            "account_receivable_turnover_ratio": null,
            "reinvestment_rate": null,
            "research_to_sale_ratio": null,
            "price_fair": 0,
            "eps_avg_yearly": 0,
            "eps_latest_yearly": 0,
            "eps_growth_yearly": 0
        },
        "20031": {
            "year_quarter": 20031,
            "year": 2003,
            "quarter": 1,
            "eps": null,
            "eps_growth_year": null,
            "eps_4q": null,
            "eps_4q_growth_year": null,
            "roe": null,
            "roe_4q": 0,
            "gross_profit": null,
            "gross_margin": null,
            "gross_margin_4q_avg": 0,
            "net_income": null,
            "net_income_4q": null,
            "revenue": null,
            "revenue_4q": null,
            "common_shares": null,
            "book_valuer_per_share": null,
            "book_valuer_per_share_4q_avg": 2.24,
            "equity": null,
            "current_ratio": null,
            "debt_ratio": null,
            "inventory_turnover_ratio": null,
            "account_receivable_turnover_ratio": null,
            "reinvestment_rate": null,
            "research_to_sale_ratio": null,
            "price_fair": 0,
            "eps_avg_yearly": 0,
            "eps_latest_yearly": 0,
            "eps_growth_yearly": 0
        },
        "20032": {
            "year_quarter": 20032,
            "year": 2003,
            "quarter": 2,
            "eps": null,
            "eps_growth_year": null,
            "eps_4q": null,
            "eps_4q_growth_year": null,
            "roe": null,
            "roe_4q": 0,
            "gross_profit": null,
            "gross_margin": null,
            "gross_margin_4q_avg": 0,
            "net_income": null,
            "net_income_4q": null,
            "revenue": null,
            "revenue_4q": null,
            "common_shares": null,
            "book_valuer_per_share": null,
            "book_valuer_per_share_4q_avg": 2.24,
            "equity": null,
            "current_ratio": null,
            "debt_ratio": null,
            "inventory_turnover_ratio": null,
            "account_receivable_turnover_ratio": null,
            "reinvestment_rate": null,
            "research_to_sale_ratio": null,
            "price_fair": 0,
            "eps_avg_yearly": 0,
            "eps_latest_yearly": 0,
            "eps_growth_yearly": 0
        },
        "20033": {
            "year_quarter": 20033,
            "year": 2003,
            "quarter": 3,
            "eps": null,
            "eps_growth_year": null,
            "eps_4q": null,
            "eps_4q_growth_year": null,
            "roe": null,
            "roe_4q": 0,
            "gross_profit": null,
            "gross_margin": null,
            "gross_margin_4q_avg": 0,
            "net_income": null,
            "net_income_4q": null,
            "revenue": null,
            "revenue_4q": null,
            "common_shares": null,
            "book_valuer_per_share": null,
            "book_valuer_per_share_4q_avg": 2.24,
            "equity": null,
            "current_ratio": null,
            "debt_ratio": null,
            "inventory_turnover_ratio": null,
            "account_receivable_turnover_ratio": null,
            "reinvestment_rate": null,
            "research_to_sale_ratio": null,
            "price_fair": 0,
            "eps_avg_yearly": 0,
            "eps_latest_yearly": 0,
            "eps_growth_yearly": 0
        },
        "20034": {
            "year_quarter": 20034,
            "year": 2003,
            "quarter": 4,
            "eps": null,
            "eps_growth_year": null,
            "eps_4q": null,
            "eps_4q_growth_year": null,
            "roe": null,
            "roe_4q": 0,
            "gross_profit": null,
            "gross_margin": null,
            "gross_margin_4q_avg": 0,
            "net_income": null,
            "net_income_4q": null,
            "revenue": null,
            "revenue_4q": null,
            "common_shares": 400000,
            "book_valuer_per_share": 8.7,
            "book_valuer_per_share_4q_avg": 2.18,
            "equity": 347827,
            "current_ratio": 110.65,
            "debt_ratio": 78.87,
            "inventory_turnover_ratio": null,
            "account_receivable_turnover_ratio": null,
            "reinvestment_rate": null,
            "research_to_sale_ratio": null,
            "price_fair": 0,
            "eps_avg_yearly": 0,
            "eps_latest_yearly": 0,
            "eps_growth_yearly": 0
        },
        "20041": {
            "year_quarter": 20041,
            "year": 2004,
            "quarter": 1,
            "eps": null,
            "eps_growth_year": null,
            "eps_4q": null,
            "eps_4q_growth_year": null,
            "roe": null,
            "roe_4q": 0,
            "gross_profit": null,
            "gross_margin": null,
            "gross_margin_4q_avg": 0,
            "net_income": null,
            "net_income_4q": null,
            "revenue": null,
            "revenue_4q": null,
            "common_shares": null,
            "book_valuer_per_share": null,
            "book_valuer_per_share_4q_avg": 2.18,
            "equity": null,
            "current_ratio": null,
            "debt_ratio": null,
            "inventory_turnover_ratio": null,
            "account_receivable_turnover_ratio": null,
            "reinvestment_rate": null,
            "research_to_sale_ratio": null,
            "price_fair": 0,
            "eps_avg_yearly": 0,
            "eps_latest_yearly": 0,
            "eps_growth_yearly": 0
        },
        "20042": {
            "year_quarter": 20042,
            "year": 2004,
            "quarter": 2,
            "eps": null,
            "eps_growth_year": null,
            "eps_4q": null,
            "eps_4q_growth_year": null,
            "roe": null,
            "roe_4q": 0,
            "gross_profit": null,
            "gross_margin": null,
            "gross_margin_4q_avg": 0,
            "net_income": null,
            "net_income_4q": null,
            "revenue": null,
            "revenue_4q": null,
            "common_shares": null,
            "book_valuer_per_share": null,
            "book_valuer_per_share_4q_avg": 2.18,
            "equity": null,
            "current_ratio": null,
            "debt_ratio": null,
            "inventory_turnover_ratio": null,
            "account_receivable_turnover_ratio": null,
            "reinvestment_rate": null,
            "research_to_sale_ratio": null,
            "price_fair": 0,
            "eps_avg_yearly": 0,
            "eps_latest_yearly": 0,
            "eps_growth_yearly": 0
        },
        "20043": {
            "year_quarter": 20043,
            "year": 2004,
            "quarter": 3,
            "eps": null,
            "eps_growth_year": null,
            "eps_4q": null,
            "eps_4q_growth_year": null,
            "roe": null,
            "roe_4q": 0,
            "gross_profit": null,
            "gross_margin": null,
            "gross_margin_4q_avg": 0,
            "net_income": null,
            "net_income_4q": null,
            "revenue": null,
            "revenue_4q": null,
            "common_shares": null,
            "book_valuer_per_share": null,
            "book_valuer_per_share_4q_avg": 2.18,
            "equity": null,
            "current_ratio": null,
            "debt_ratio": null,
            "inventory_turnover_ratio": null,
            "account_receivable_turnover_ratio": null,
            "reinvestment_rate": null,
            "research_to_sale_ratio": null,
            "price_fair": 0,
            "eps_avg_yearly": 0,
            "eps_latest_yearly": 0,
            "eps_growth_yearly": 0
        },
        "20044": {
            "year_quarter": 20044,
            "year": 2004,
            "quarter": 4,
            "eps": null,
            "eps_growth_year": null,
            "eps_4q": null,
            "eps_4q_growth_year": null,
            "roe": null,
            "roe_4q": 0,
            "gross_profit": null,
            "gross_margin": null,
            "gross_margin_4q_avg": 0,
            "net_income": null,
            "net_income_4q": null,
            "revenue": null,
            "revenue_4q": null,
            "common_shares": 400000,
            "book_valuer_per_share": 8.73,
            "book_valuer_per_share_4q_avg": 2.18,
            "equity": 349072,
            "current_ratio": 116.4,
            "debt_ratio": 74.54,
            "inventory_turnover_ratio": null,
            "account_receivable_turnover_ratio": null,
            "reinvestment_rate": null,
            "research_to_sale_ratio": null,
            "price_fair": 0,
            "eps_avg_yearly": 0,
            "eps_latest_yearly": 0,
            "eps_growth_yearly": 0
        },
        "20051": {
            "year_quarter": 20051,
            "year": 2005,
            "quarter": 1,
            "eps": null,
            "eps_growth_year": null,
            "eps_4q": null,
            "eps_4q_growth_year": null,
            "roe": null,
            "roe_4q": 0,
            "gross_profit": null,
            "gross_margin": null,
            "gross_margin_4q_avg": 0,
            "net_income": null,
            "net_income_4q": null,
            "revenue": null,
            "revenue_4q": null,
            "common_shares": null,
            "book_valuer_per_share": null,
            "book_valuer_per_share_4q_avg": 2.18,
            "equity": null,
            "current_ratio": null,
            "debt_ratio": null,
            "inventory_turnover_ratio": null,
            "account_receivable_turnover_ratio": null,
            "reinvestment_rate": null,
            "research_to_sale_ratio": null,
            "price_fair": 0,
            "eps_avg_yearly": 0,
            "eps_latest_yearly": 0,
            "eps_growth_yearly": 0
        },
        "20052": {
            "year_quarter": 20052,
            "year": 2005,
            "quarter": 2,
            "eps": null,
            "eps_growth_year": null,
            "eps_4q": null,
            "eps_4q_growth_year": null,
            "roe": null,
            "roe_4q": 0,
            "gross_profit": null,
            "gross_margin": null,
            "gross_margin_4q_avg": 0,
            "net_income": null,
            "net_income_4q": null,
            "revenue": null,
            "revenue_4q": null,
            "common_shares": null,
            "book_valuer_per_share": null,
            "book_valuer_per_share_4q_avg": 2.18,
            "equity": null,
            "current_ratio": null,
            "debt_ratio": null,
            "inventory_turnover_ratio": null,
            "account_receivable_turnover_ratio": null,
            "reinvestment_rate": null,
            "research_to_sale_ratio": null,
            "price_fair": 0,
            "eps_avg_yearly": 0,
            "eps_latest_yearly": 0,
            "eps_growth_yearly": 0
        },
        "20053": {
            "year_quarter": 20053,
            "year": 2005,
            "quarter": 3,
            "eps": null,
            "eps_growth_year": null,
            "eps_4q": null,
            "eps_4q_growth_year": null,
            "roe": null,
            "roe_4q": 0,
            "gross_profit": null,
            "gross_margin": null,
            "gross_margin_4q_avg": 0,
            "net_income": null,
            "net_income_4q": null,
            "revenue": null,
            "revenue_4q": null,
            "common_shares": null,
            "book_valuer_per_share": null,
            "book_valuer_per_share_4q_avg": 2.18,
            "equity": null,
            "current_ratio": null,
            "debt_ratio": null,
            "inventory_turnover_ratio": null,
            "account_receivable_turnover_ratio": null,
            "reinvestment_rate": null,
            "research_to_sale_ratio": null,
            "price_fair": 0,
            "eps_avg_yearly": 0,
            "eps_latest_yearly": 0,
            "eps_growth_yearly": 0
        },
        "20054": {
            "year_quarter": 20054,
            "year": 2005,
            "quarter": 4,
            "eps": null,
            "eps_growth_year": null,
            "eps_4q": null,
            "eps_4q_growth_year": null,
            "roe": null,
            "roe_4q": 0,
            "gross_profit": null,
            "gross_margin": null,
            "gross_margin_4q_avg": 0,
            "net_income": null,
            "net_income_4q": null,
            "revenue": null,
            "revenue_4q": null,
            "common_shares": 400000,
            "book_valuer_per_share": 12.21,
            "book_valuer_per_share_4q_avg": 3.05,
            "equity": 488275,
            "current_ratio": 152.07,
            "debt_ratio": 69.52,
            "inventory_turnover_ratio": null,
            "account_receivable_turnover_ratio": null,
            "reinvestment_rate": null,
            "research_to_sale_ratio": null,
            "price_fair": 0,
            "eps_avg_yearly": 0,
            "eps_latest_yearly": 0,
            "eps_growth_yearly": 0
        },
        "20061": {
            "year_quarter": 20061,
            "year": 2006,
            "quarter": 1,
            "eps": null,
            "eps_growth_year": null,
            "eps_4q": null,
            "eps_4q_growth_year": null,
            "roe": null,
            "roe_4q": 0,
            "gross_profit": null,
            "gross_margin": null,
            "gross_margin_4q_avg": 0,
            "net_income": null,
            "net_income_4q": null,
            "revenue": null,
            "revenue_4q": null,
            "common_shares": null,
            "book_valuer_per_share": null,
            "book_valuer_per_share_4q_avg": 3.05,
            "equity": null,
            "current_ratio": null,
            "debt_ratio": null,
            "inventory_turnover_ratio": null,
            "account_receivable_turnover_ratio": null,
            "reinvestment_rate": null,
            "research_to_sale_ratio": null,
            "price_fair": 0,
            "eps_avg_yearly": 0,
            "eps_latest_yearly": 0,
            "eps_growth_yearly": 0
        },
        "20062": {
            "year_quarter": 20062,
            "year": 2006,
            "quarter": 2,
            "eps": null,
            "eps_growth_year": null,
            "eps_4q": null,
            "eps_4q_growth_year": null,
            "roe": null,
            "roe_4q": 0,
            "gross_profit": null,
            "gross_margin": null,
            "gross_margin_4q_avg": 0,
            "net_income": null,
            "net_income_4q": null,
            "revenue": null,
            "revenue_4q": null,
            "common_shares": null,
            "book_valuer_per_share": null,
            "book_valuer_per_share_4q_avg": 3.05,
            "equity": null,
            "current_ratio": null,
            "debt_ratio": null,
            "inventory_turnover_ratio": null,
            "account_receivable_turnover_ratio": null,
            "reinvestment_rate": null,
            "research_to_sale_ratio": null,
            "price_fair": 0,
            "eps_avg_yearly": 0,
            "eps_latest_yearly": 0,
            "eps_growth_yearly": 0
        },
        "20063": {
            "year_quarter": 20063,
            "year": 2006,
            "quarter": 3,
            "eps": null,
            "eps_growth_year": null,
            "eps_4q": null,
            "eps_4q_growth_year": null,
            "roe": null,
            "roe_4q": 0,
            "gross_profit": null,
            "gross_margin": null,
            "gross_margin_4q_avg": 0,
            "net_income": null,
            "net_income_4q": null,
            "revenue": null,
            "revenue_4q": null,
            "common_shares": null,
            "book_valuer_per_share": null,
            "book_valuer_per_share_4q_avg": 3.05,
            "equity": null,
            "current_ratio": null,
            "debt_ratio": null,
            "inventory_turnover_ratio": null,
            "account_receivable_turnover_ratio": null,
            "reinvestment_rate": null,
            "research_to_sale_ratio": null,
            "price_fair": 0,
            "eps_avg_yearly": 0,
            "eps_latest_yearly": 0,
            "eps_growth_yearly": 0
        },
        "20064": {
            "year_quarter": 20064,
            "year": 2006,
            "quarter": 4,
            "eps": null,
            "eps_growth_year": null,
            "eps_4q": null,
            "eps_4q_growth_year": null,
            "roe": null,
            "roe_4q": 0,
            "gross_profit": null,
            "gross_margin": null,
            "gross_margin_4q_avg": 0,
            "net_income": null,
            "net_income_4q": null,
            "revenue": null,
            "revenue_4q": null,
            "common_shares": 1200000,
            "book_valuer_per_share": 12.68,
            "book_valuer_per_share_4q_avg": 3.17,
            "equity": 1522182,
            "current_ratio": 139.24,
            "debt_ratio": 56.37,
            "inventory_turnover_ratio": null,
            "account_receivable_turnover_ratio": null,
            "reinvestment_rate": null,
            "research_to_sale_ratio": null,
            "price_fair": 0,
            "eps_avg_yearly": 0,
            "eps_latest_yearly": 0,
            "eps_growth_yearly": 0
        },
        "20071": {
            "year_quarter": 20071,
            "year": 2007,
            "quarter": 1,
            "eps": null,
            "eps_growth_year": null,
            "eps_4q": null,
            "eps_4q_growth_year": null,
            "roe": null,
            "roe_4q": 0,
            "gross_profit": null,
            "gross_margin": null,
            "gross_margin_4q_avg": 0,
            "net_income": null,
            "net_income_4q": null,
            "revenue": null,
            "revenue_4q": null,
            "common_shares": null,
            "book_valuer_per_share": null,
            "book_valuer_per_share_4q_avg": 3.17,
            "equity": null,
            "current_ratio": null,
            "debt_ratio": null,
            "inventory_turnover_ratio": null,
            "account_receivable_turnover_ratio": null,
            "reinvestment_rate": null,
            "research_to_sale_ratio": null,
            "price_fair": 0,
            "eps_avg_yearly": 0,
            "eps_latest_yearly": 0,
            "eps_growth_yearly": 0
        },
        "20072": {
            "year_quarter": 20072,
            "year": 2007,
            "quarter": 2,
            "eps": null,
            "eps_growth_year": null,
            "eps_4q": null,
            "eps_4q_growth_year": null,
            "roe": null,
            "roe_4q": 0,
            "gross_profit": null,
            "gross_margin": null,
            "gross_margin_4q_avg": 0,
            "net_income": null,
            "net_income_4q": null,
            "revenue": null,
            "revenue_4q": null,
            "common_shares": null,
            "book_valuer_per_share": null,
            "book_valuer_per_share_4q_avg": 3.17,
            "equity": null,
            "current_ratio": null,
            "debt_ratio": null,
            "inventory_turnover_ratio": null,
            "account_receivable_turnover_ratio": null,
            "reinvestment_rate": null,
            "research_to_sale_ratio": null,
            "price_fair": 0,
            "eps_avg_yearly": 0,
            "eps_latest_yearly": 0,
            "eps_growth_yearly": 0
        },
        "20073": {
            "year_quarter": 20073,
            "year": 2007,
            "quarter": 3,
            "eps": null,
            "eps_growth_year": null,
            "eps_4q": null,
            "eps_4q_growth_year": null,
            "roe": null,
            "roe_4q": 0,
            "gross_profit": null,
            "gross_margin": null,
            "gross_margin_4q_avg": 0,
            "net_income": null,
            "net_income_4q": null,
            "revenue": null,
            "revenue_4q": null,
            "common_shares": null,
            "book_valuer_per_share": null,
            "book_valuer_per_share_4q_avg": 3.17,
            "equity": null,
            "current_ratio": null,
            "debt_ratio": null,
            "inventory_turnover_ratio": null,
            "account_receivable_turnover_ratio": null,
            "reinvestment_rate": null,
            "research_to_sale_ratio": null,
            "price_fair": 0,
            "eps_avg_yearly": 0,
            "eps_latest_yearly": 0,
            "eps_growth_yearly": 0
        },
        "20074": {
            "year_quarter": 20074,
            "year": 2007,
            "quarter": 4,
            "eps": null,
            "eps_growth_year": null,
            "eps_4q": null,
            "eps_4q_growth_year": null,
            "roe": null,
            "roe_4q": 0,
            "gross_profit": null,
            "gross_margin": null,
            "gross_margin_4q_avg": 0,
            "net_income": null,
            "net_income_4q": null,
            "revenue": null,
            "revenue_4q": null,
            "common_shares": 1200000,
            "book_valuer_per_share": 13.72,
            "book_valuer_per_share_4q_avg": 3.43,
            "equity": 1646811,
            "current_ratio": 147.48,
            "debt_ratio": 54.11,
            "inventory_turnover_ratio": null,
            "account_receivable_turnover_ratio": null,
            "reinvestment_rate": null,
            "research_to_sale_ratio": null,
            "price_fair": 0,
            "eps_avg_yearly": 0,
            "eps_latest_yearly": 0,
            "eps_growth_yearly": 0
        },
        "20081": {
            "year_quarter": 20081,
            "year": 2008,
            "quarter": 1,
            "eps": null,
            "eps_growth_year": null,
            "eps_4q": null,
            "eps_4q_growth_year": null,
            "roe": null,
            "roe_4q": 0,
            "gross_profit": null,
            "gross_margin": null,
            "gross_margin_4q_avg": 0,
            "net_income": null,
            "net_income_4q": null,
            "revenue": null,
            "revenue_4q": null,
            "common_shares": null,
            "book_valuer_per_share": null,
            "book_valuer_per_share_4q_avg": 3.43,
            "equity": null,
            "current_ratio": null,
            "debt_ratio": null,
            "inventory_turnover_ratio": null,
            "account_receivable_turnover_ratio": null,
            "reinvestment_rate": null,
            "research_to_sale_ratio": null,
            "price_fair": 0,
            "eps_avg_yearly": 0,
            "eps_latest_yearly": 0,
            "eps_growth_yearly": 0
        },
        "20082": {
            "year_quarter": 20082,
            "year": 2008,
            "quarter": 2,
            "eps": null,
            "eps_growth_year": null,
            "eps_4q": null,
            "eps_4q_growth_year": null,
            "roe": null,
            "roe_4q": 0,
            "gross_profit": null,
            "gross_margin": null,
            "gross_margin_4q_avg": 0,
            "net_income": null,
            "net_income_4q": null,
            "revenue": null,
            "revenue_4q": null,
            "common_shares": null,
            "book_valuer_per_share": null,
            "book_valuer_per_share_4q_avg": 3.43,
            "equity": null,
            "current_ratio": null,
            "debt_ratio": null,
            "inventory_turnover_ratio": null,
            "account_receivable_turnover_ratio": null,
            "reinvestment_rate": null,
            "research_to_sale_ratio": null,
            "price_fair": 0,
            "eps_avg_yearly": 0,
            "eps_latest_yearly": 0,
            "eps_growth_yearly": 0
        },
        "20083": {
            "year_quarter": 20083,
            "year": 2008,
            "quarter": 3,
            "eps": 1.1,
            "eps_growth_year": null,
            "eps_4q": null,
            "eps_4q_growth_year": null,
            "roe": 7.75,
            "roe_4q": 7.75,
            "gross_profit": 289966,
            "gross_margin": 8.92,
            "gross_margin_4q_avg": 2.23,
            "net_income": 131845,
            "net_income_4q": null,
            "revenue": 3251302,
            "revenue_4q": null,
            "common_shares": 1200000,
            "book_valuer_per_share": 14.18,
            "book_valuer_per_share_4q_avg": 6.98,
            "equity": 1701504,
            "current_ratio": 126.28,
            "debt_ratio": 68.08,
            "inventory_turnover_ratio": 3.31,
            "account_receivable_turnover_ratio": null,
            "reinvestment_rate": null,
            "research_to_sale_ratio": null,
            "price_fair": 0,
            "eps_avg_yearly": 0,
            "eps_latest_yearly": 0,
            "eps_growth_yearly": 0
        },
        "20084": {
            "year_quarter": 20084,
            "year": 2008,
            "quarter": 4,
            "eps": 0.28,
            "eps_growth_year": null,
            "eps_4q": null,
            "eps_4q_growth_year": null,
            "roe": 1.92,
            "roe_4q": 9.67,
            "gross_profit": 182013,
            "gross_margin": 4.68,
            "gross_margin_4q_avg": 3.4,
            "net_income": 33410,
            "net_income_4q": null,
            "revenue": 3891937,
            "revenue_4q": null,
            "common_shares": 1200000,
            "book_valuer_per_share": 14.8,
            "book_valuer_per_share_4q_avg": 7.25,
            "equity": 1775948,
            "current_ratio": 129.73,
            "debt_ratio": 63.39,
            "inventory_turnover_ratio": 5.51,
            "account_receivable_turnover_ratio": 4.82,
            "reinvestment_rate": null,
            "research_to_sale_ratio": null,
            "price_fair": 3.36,
            "eps_avg_yearly": 1.12,
            "eps_latest_yearly": 1.12,
            "eps_growth_yearly": -298.18
        },
        "20091": {
            "year_quarter": 20091,
            "year": 2009,
            "quarter": 1,
            "eps": 0.66,
            "eps_growth_year": null,
            "eps_4q": null,
            "eps_4q_growth_year": null,
            "roe": 4.18,
            "roe_4q": 13.85,
            "gross_profit": 202098,
            "gross_margin": 14.09,
            "gross_margin_4q_avg": 6.92,
            "net_income": 78896,
            "net_income_4q": null,
            "revenue": 1434001,
            "revenue_4q": null,
            "common_shares": 1200000,
            "book_valuer_per_share": 16.68,
            "book_valuer_per_share_4q_avg": 11.42,
            "equity": 2001030,
            "current_ratio": 110.15,
            "debt_ratio": 59.74,
            "inventory_turnover_ratio": 2.58,
            "account_receivable_turnover_ratio": 0.86,
            "reinvestment_rate": null,
            "research_to_sale_ratio": null,
            "price_fair": 65.8,
            "eps_avg_yearly": 1.88,
            "eps_latest_yearly": 2.64,
            "eps_growth_yearly": 122.34
        },
        "20092": {
            "year_quarter": 20092,
            "year": 2009,
            "quarter": 2,
            "eps": 0.39,
            "eps_growth_year": null,
            "eps_4q": 2.41,
            "eps_4q_growth_year": null,
            "roe": 2.3,
            "roe_4q": 16.15,
            "gross_profit": 247683,
            "gross_margin": 14.7,
            "gross_margin_4q_avg": 10.6,
            "net_income": 47230,
            "net_income_4q": null,
            "revenue": 1684933,
            "revenue_4q": null,
            "common_shares": 1200000,
            "book_valuer_per_share": 17.62,
            "book_valuer_per_share_4q_avg": 15.82,
            "equity": 2114124,
            "current_ratio": 107.36,
            "debt_ratio": 60.06,
            "inventory_turnover_ratio": 3.43,
            "account_receivable_turnover_ratio": 0.88,
            "reinvestment_rate": null,
            "research_to_sale_ratio": null,
            "price_fair": 62.07,
            "eps_avg_yearly": 1.77,
            "eps_latest_yearly": 1.56,
            "eps_growth_yearly": 27.01
        },
        "20093": {
            "year_quarter": 20093,
            "year": 2009,
            "quarter": 3,
            "eps": 0.88,
            "eps_growth_year": -20,
            "eps_4q": 2.53,
            "eps_4q_growth_year": null,
            "roe": 4.01,
            "roe_4q": 12.409999999999998,
            "gross_profit": 317702,
            "gross_margin": 17.31,
            "gross_margin_4q_avg": 12.7,
            "net_income": 92201,
            "net_income_4q": null,
            "revenue": 1835380,
            "revenue_4q": null,
            "common_shares": 1200000,
            "book_valuer_per_share": 19.51,
            "book_valuer_per_share_4q_avg": 17.15,
            "equity": 2479289,
            "current_ratio": 103.59,
            "debt_ratio": 64.93,
            "inventory_turnover_ratio": 4.52,
            "account_receivable_turnover_ratio": 1.01,
            "reinvestment_rate": null,
            "research_to_sale_ratio": null,
            "price_fair": 77.35,
            "eps_avg_yearly": 2.21,
            "eps_latest_yearly": 3.52,
            "eps_growth_yearly": 145.9
        },
        "20094": {
            "year_quarter": 20094,
            "year": 2009,
            "quarter": 4,
            "eps": 2.16,
            "eps_growth_year": 671.43,
            "eps_4q": 4.09,
            "eps_4q_growth_year": null,
            "roe": 9.44,
            "roe_4q": 19.93,
            "gross_profit": 462561,
            "gross_margin": 31.11,
            "gross_margin_4q_avg": 19.3,
            "net_income": 263412,
            "net_income_4q": null,
            "revenue": 1486754,
            "revenue_4q": null,
            "common_shares": 1200000,
            "book_valuer_per_share": 24.65,
            "book_valuer_per_share_4q_avg": 19.62,
            "equity": 3101607,
            "current_ratio": 107.76,
            "debt_ratio": 60.55,
            "inventory_turnover_ratio": 2.92,
            "account_receivable_turnover_ratio": 2.52,
            "reinvestment_rate": null,
            "research_to_sale_ratio": null,
            "price_fair": 122.36,
            "eps_avg_yearly": 3.5,
            "eps_latest_yearly": 8.64,
            "eps_growth_yearly": 233.08
        },
        "20101": {
            "year_quarter": 20101,
            "year": 2010,
            "quarter": 1,
            "eps": 1.53,
            "eps_growth_year": 131.82,
            "eps_4q": 4.47,
            "eps_4q_growth_year": null,
            "roe": 5.16,
            "roe_4q": 20.91,
            "gross_profit": 370825,
            "gross_margin": 18.17,
            "gross_margin_4q_avg": 20.32,
            "net_income": 190244,
            "net_income_4q": null,
            "revenue": 2041214,
            "revenue_4q": null,
            "common_shares": 1350000,
            "book_valuer_per_share": 30.55,
            "book_valuer_per_share_4q_avg": 23.08,
            "equity": 4270219,
            "current_ratio": 135.92,
            "debt_ratio": 51.02,
            "inventory_turnover_ratio": 4.5,
            "account_receivable_turnover_ratio": 1.73,
            "reinvestment_rate": null,
            "research_to_sale_ratio": 0.42,
            "price_fair": 137.67,
            "eps_avg_yearly": 3.93,
            "eps_latest_yearly": 6.12,
            "eps_growth_yearly": 174.79
        },
        "20102": {
            "year_quarter": 20102,
            "year": 2010,
            "quarter": 2,
            "eps": 0.48,
            "eps_growth_year": 22.66,
            "eps_4q": 4.6,
            "eps_4q_growth_year": 91.15,
            "roe": 1.45,
            "roe_4q": 20.060000000000002,
            "gross_profit": 198964,
            "gross_margin": 15.04,
            "gross_margin_4q_avg": 20.41,
            "net_income": 60759,
            "net_income_4q": null,
            "revenue": 1322952,
            "revenue_4q": null,
            "common_shares": 1350000,
            "book_valuer_per_share": 29.26,
            "book_valuer_per_share_4q_avg": 25.99,
            "equity": 4093834,
            "current_ratio": 113.08,
            "debt_ratio": 55.09,
            "inventory_turnover_ratio": 2.94,
            "account_receivable_turnover_ratio": 1.22,
            "reinvestment_rate": null,
            "research_to_sale_ratio": 0.64,
            "price_fair": 127.6,
            "eps_avg_yearly": 3.65,
            "eps_latest_yearly": 1.92,
            "eps_growth_yearly": 110.61
        },
        "20103": {
            "year_quarter": 20103,
            "year": 2010,
            "quarter": 3,
            "eps": 0.58,
            "eps_growth_year": -34.44,
            "eps_4q": 4.4,
            "eps_4q_growth_year": 74.16,
            "roe": 1.77,
            "roe_4q": 17.82,
            "gross_profit": 174667,
            "gross_margin": 12.75,
            "gross_margin_4q_avg": 19.27,
            "net_income": 73402,
            "net_income_4q": null,
            "revenue": 1370296,
            "revenue_4q": null,
            "common_shares": 1350000,
            "book_valuer_per_share": 30.17,
            "book_valuer_per_share_4q_avg": 28.66,
            "equity": 4213049,
            "current_ratio": 117.5,
            "debt_ratio": 52.28,
            "inventory_turnover_ratio": 2.78,
            "account_receivable_turnover_ratio": 1.32,
            "reinvestment_rate": null,
            "research_to_sale_ratio": 0.75,
            "price_fair": 121.8,
            "eps_avg_yearly": 3.48,
            "eps_latest_yearly": 2.32,
            "eps_growth_yearly": 107.2
        },
        "20104": {
            "year_quarter": 20104,
            "year": 2010,
            "quarter": 4,
            "eps": -0.35,
            "eps_growth_year": -116.39,
            "eps_4q": 2.12,
            "eps_4q_growth_year": -48.17,
            "roe": -1.43,
            "roe_4q": 6.95,
            "gross_profit": 106048,
            "gross_margin": 7.66,
            "gross_margin_4q_avg": 13.41,
            "net_income": -58963,
            "net_income_4q": null,
            "revenue": 1384901,
            "revenue_4q": null,
            "common_shares": 1350000,
            "book_valuer_per_share": 29.08,
            "book_valuer_per_share_4q_avg": 29.77,
            "equity": 4053538,
            "current_ratio": 116.83,
            "debt_ratio": 53.11,
            "inventory_turnover_ratio": 2.99,
            "account_receivable_turnover_ratio": 1.43,
            "reinvestment_rate": null,
            "research_to_sale_ratio": 1.22,
            "price_fair": 121.8,
            "eps_avg_yearly": 3.48,
            "eps_latest_yearly": 2.32,
            "eps_growth_yearly": 107.2
        },
        "20111": {
            "year_quarter": 20111,
            "year": 2011,
            "quarter": 1,
            "eps": -0.68,
            "eps_growth_year": -144.44,
            "eps_4q": 0.02,
            "eps_4q_growth_year": -99.62,
            "roe": -2.58,
            "roe_4q": -0.7899999999999998,
            "gross_profit": 24825,
            "gross_margin": 2.32,
            "gross_margin_4q_avg": 9.44,
            "net_income": -101065,
            "net_income_4q": null,
            "revenue": 1069051,
            "revenue_4q": null,
            "common_shares": 1350000,
            "book_valuer_per_share": 27.13,
            "book_valuer_per_share_4q_avg": 28.91,
            "equity": 3781377,
            "current_ratio": 113.52,
            "debt_ratio": 55.3,
            "inventory_turnover_ratio": 2.42,
            "account_receivable_turnover_ratio": 1.17,
            "reinvestment_rate": null,
            "research_to_sale_ratio": 0.81,
            "price_fair": 121.8,
            "eps_avg_yearly": 3.48,
            "eps_latest_yearly": 2.32,
            "eps_growth_yearly": 107.2
        },
        "20112": {
            "year_quarter": 20112,
            "year": 2011,
            "quarter": 2,
            "eps": 0.03,
            "eps_growth_year": -93.32,
            "eps_4q": -0.43,
            "eps_4q_growth_year": -109.34,
            "roe": 0.11,
            "roe_4q": -2.1300000000000003,
            "gross_profit": 122573,
            "gross_margin": 9.76,
            "gross_margin_4q_avg": 8.12,
            "net_income": 3909,
            "net_income_4q": null,
            "revenue": 1255566,
            "revenue_4q": null,
            "common_shares": 1350000,
            "book_valuer_per_share": 23.88,
            "book_valuer_per_share_4q_avg": 27.57,
            "equity": 3340849,
            "current_ratio": 105.67,
            "debt_ratio": 60.88,
            "inventory_turnover_ratio": 2.23,
            "account_receivable_turnover_ratio": 1.16,
            "reinvestment_rate": null,
            "research_to_sale_ratio": 0.98,
            "price_fair": 121.8,
            "eps_avg_yearly": 3.48,
            "eps_latest_yearly": 2.32,
            "eps_growth_yearly": 107.2
        },
        "20113": {
            "year_quarter": 20113,
            "year": 2011,
            "quarter": 3,
            "eps": 0.54,
            "eps_growth_year": -6.7,
            "eps_4q": -0.47,
            "eps_4q_growth_year": -110.65,
            "roe": 2.26,
            "roe_4q": -1.6400000000000003,
            "gross_profit": 221434,
            "gross_margin": 13.7,
            "gross_margin_4q_avg": 8.36,
            "net_income": 70601,
            "net_income_4q": null,
            "revenue": 1616562,
            "revenue_4q": null,
            "common_shares": 1350000,
            "book_valuer_per_share": 20.76,
            "book_valuer_per_share_4q_avg": 25.21,
            "equity": 2915947,
            "current_ratio": 109.67,
            "debt_ratio": 63.05,
            "inventory_turnover_ratio": 2.42,
            "account_receivable_turnover_ratio": 1.3,
            "reinvestment_rate": null,
            "research_to_sale_ratio": 0.51,
            "price_fair": 116.67,
            "eps_avg_yearly": 3.33,
            "eps_latest_yearly": 2.16,
            "eps_growth_yearly": 850.84
        },
        "20114": {
            "year_quarter": 20114,
            "year": 2011,
            "quarter": 4,
            "eps": 1.67,
            "eps_growth_year": null,
            "eps_4q": 1.56,
            "eps_4q_growth_year": -26.6,
            "roe": 7.5,
            "roe_4q": 7.289999999999999,
            "gross_profit": 356756,
            "gross_margin": 16.87,
            "gross_margin_4q_avg": 10.66,
            "net_income": 227133,
            "net_income_4q": null,
            "revenue": 2114907,
            "revenue_4q": null,
            "common_shares": 1350000,
            "book_valuer_per_share": 22.42,
            "book_valuer_per_share_4q_avg": 23.55,
            "equity": 3143263,
            "current_ratio": 103.07,
            "debt_ratio": 62.04,
            "inventory_turnover_ratio": 2.88,
            "account_receivable_turnover_ratio": 1.46,
            "reinvestment_rate": null,
            "research_to_sale_ratio": 0.65,
            "price_fair": 128.38,
            "eps_avg_yearly": 3.67,
            "eps_latest_yearly": 6.68,
            "eps_growth_yearly": 849.46
        },
        "20121": {
            "year_quarter": 20121,
            "year": 2012,
            "quarter": 1,
            "eps": 0.4,
            "eps_growth_year": null,
            "eps_4q": 2.64,
            "eps_4q_growth_year": 15559.99,
            "roe": 1.65,
            "roe_4q": 11.52,
            "gross_profit": 221946,
            "gross_margin": 15.21,
            "gross_margin_4q_avg": 13.89,
            "net_income": 54428,
            "net_income_4q": null,
            "revenue": 1459547,
            "revenue_4q": null,
            "common_shares": 1350000,
            "book_valuer_per_share": 24.63,
            "book_valuer_per_share_4q_avg": 22.92,
            "equity": 3443661,
            "current_ratio": 100.22,
            "debt_ratio": 61.21,
            "inventory_turnover_ratio": 2.19,
            "account_receivable_turnover_ratio": 0.9,
            "reinvestment_rate": null,
            "research_to_sale_ratio": 0.67,
            "price_fair": 121.8,
            "eps_avg_yearly": 3.48,
            "eps_latest_yearly": 1.6,
            "eps_growth_yearly": 744.58
        },
        "20122": {
            "year_quarter": 20122,
            "year": 2012,
            "quarter": 2,
            "eps": 0.2,
            "eps_growth_year": 522.43,
            "eps_4q": 2.81,
            "eps_4q_growth_year": null,
            "roe": 0.74,
            "roe_4q": 12.15,
            "gross_profit": 171558,
            "gross_margin": 8.89,
            "gross_margin_4q_avg": 13.67,
            "net_income": 24022,
            "net_income_4q": null,
            "revenue": 1930489,
            "revenue_4q": null,
            "common_shares": 1350000,
            "book_valuer_per_share": 21.9,
            "book_valuer_per_share_4q_avg": 22.43,
            "equity": 3070512,
            "current_ratio": 94.14,
            "debt_ratio": 64.38,
            "inventory_turnover_ratio": 3.22,
            "account_receivable_turnover_ratio": 1.14,
            "reinvestment_rate": 412.65,
            "research_to_sale_ratio": 0.61,
            "price_fair": 113.98,
            "eps_avg_yearly": 3.26,
            "eps_latest_yearly": 0.8,
            "eps_growth_yearly": 665.87
        },
        "20123": {
            "year_quarter": 20123,
            "year": 2012,
            "quarter": 3,
            "eps": 0.49,
            "eps_growth_year": -9.7,
            "eps_4q": 2.75,
            "eps_4q_growth_year": null,
            "roe": 1.99,
            "roe_4q": 11.879999999999999,
            "gross_profit": 182273,
            "gross_margin": 11.1,
            "gross_margin_4q_avg": 13.02,
            "net_income": 67310,
            "net_income_4q": null,
            "revenue": 1641482,
            "revenue_4q": null,
            "common_shares": 1350000,
            "book_valuer_per_share": 26.42,
            "book_valuer_per_share_4q_avg": 23.84,
            "equity": 3685633,
            "current_ratio": 94.33,
            "debt_ratio": 61.93,
            "inventory_turnover_ratio": 2.63,
            "account_receivable_turnover_ratio": 0.98,
            "reinvestment_rate": 456.38,
            "research_to_sale_ratio": 0.99,
            "price_fair": 110.49,
            "eps_avg_yearly": 3.16,
            "eps_latest_yearly": 1.96,
            "eps_growth_yearly": 659.26
        },
        "20124": {
            "year_quarter": 20124,
            "year": 2012,
            "quarter": 4,
            "eps": 1.05,
            "eps_growth_year": -36.87,
            "eps_4q": 2.14,
            "eps_4q_growth_year": 37.37,
            "roe": 3.77,
            "roe_4q": 8.15,
            "gross_profit": 287660,
            "gross_margin": 11.7,
            "gross_margin_4q_avg": 11.73,
            "net_income": 143475,
            "net_income_4q": null,
            "revenue": 2458994,
            "revenue_4q": null,
            "common_shares": 1350000,
            "book_valuer_per_share": 28.16,
            "book_valuer_per_share_4q_avg": 25.28,
            "equity": 3921548,
            "current_ratio": 95.36,
            "debt_ratio": 63.06,
            "inventory_turnover_ratio": 4.03,
            "account_receivable_turnover_ratio": 1.27,
            "reinvestment_rate": 435.86,
            "research_to_sale_ratio": 0.64,
            "price_fair": 118.78,
            "eps_avg_yearly": 3.39,
            "eps_latest_yearly": 4.2,
            "eps_growth_yearly": 717.37
        },
        "20131": {
            "year_quarter": 20131,
            "year": 2013,
            "quarter": 1,
            "eps": 1.56,
            "eps_growth_year": 290,
            "eps_4q": 3.3,
            "eps_4q_growth_year": 24.97,
            "roe": 5.44,
            "roe_4q": 11.940000000000001,
            "gross_profit": 391613,
            "gross_margin": 13.36,
            "gross_margin_4q_avg": 11.26,
            "net_income": 214158,
            "net_income_4q": null,
            "revenue": 2930760,
            "revenue_4q": null,
            "common_shares": 1350000,
            "book_valuer_per_share": 28.37,
            "book_valuer_per_share_4q_avg": 26.21,
            "equity": 3952418,
            "current_ratio": 99.42,
            "debt_ratio": 63.11,
            "inventory_turnover_ratio": 4.95,
            "account_receivable_turnover_ratio": 1.39,
            "reinvestment_rate": 351.76,
            "research_to_sale_ratio": 0.44,
            "price_fair": 128.48,
            "eps_avg_yearly": 3.67,
            "eps_latest_yearly": 6.24,
            "eps_growth_yearly": 690.55
        },
        "20132": {
            "year_quarter": 20132,
            "year": 2013,
            "quarter": 2,
            "eps": 1.78,
            "eps_growth_year": 794.71,
            "eps_4q": 4.87,
            "eps_4q_growth_year": 73.71,
            "roe": 6.29,
            "roe_4q": 17.49,
            "gross_profit": 437788,
            "gross_margin": 11.72,
            "gross_margin_4q_avg": 11.97,
            "net_income": 245746,
            "net_income_4q": null,
            "revenue": 3736970,
            "revenue_4q": null,
            "common_shares": 1350000,
            "book_valuer_per_share": 27.65,
            "book_valuer_per_share_4q_avg": 27.65,
            "equity": 3861876,
            "current_ratio": 96.3,
            "debt_ratio": 66.54,
            "inventory_turnover_ratio": 6.35,
            "account_receivable_turnover_ratio": 1.47,
            "reinvestment_rate": 311.51,
            "research_to_sale_ratio": 0.36,
            "price_fair": 143.45,
            "eps_avg_yearly": 4.1,
            "eps_latest_yearly": 7.12,
            "eps_growth_yearly": 707.48
        },
        "20133": {
            "year_quarter": 20133,
            "year": 2013,
            "quarter": 3,
            "eps": 2.35,
            "eps_growth_year": 383.47,
            "eps_4q": 6.74,
            "eps_4q_growth_year": 144.66,
            "roe": 7.8,
            "roe_4q": 23.3,
            "gross_profit": 432366,
            "gross_margin": 12.12,
            "gross_margin_4q_avg": 12.23,
            "net_income": 322932,
            "net_income_4q": null,
            "revenue": 3568435,
            "revenue_4q": null,
            "common_shares": 1350000,
            "book_valuer_per_share": 31.74,
            "book_valuer_per_share_4q_avg": 28.98,
            "equity": 4420274,
            "current_ratio": 95.3,
            "debt_ratio": 65.27,
            "inventory_turnover_ratio": 6.32,
            "account_receivable_turnover_ratio": 1.08,
            "reinvestment_rate": 169.82,
            "research_to_sale_ratio": 0.31,
            "price_fair": 159.28,
            "eps_avg_yearly": 4.55,
            "eps_latest_yearly": 9.4,
            "eps_growth_yearly": 678.67
        },
        "20134": {
            "year_quarter": 20134,
            "year": 2013,
            "quarter": 4,
            "eps": 2.57,
            "eps_growth_year": 144.01,
            "eps_4q": 8.26,
            "eps_4q_growth_year": 286.18,
            "roe": 7.82,
            "roe_4q": 27.35,
            "gross_profit": 510956,
            "gross_margin": 11.99,
            "gross_margin_4q_avg": 12.3,
            "net_income": 361252,
            "net_income_4q": null,
            "revenue": 4259813,
            "revenue_4q": null,
            "common_shares": 1350000,
            "book_valuer_per_share": 34.69,
            "book_valuer_per_share_4q_avg": 30.61,
            "equity": 4824446,
            "current_ratio": 95.67,
            "debt_ratio": 63.09,
            "inventory_turnover_ratio": 8.86,
            "account_receivable_turnover_ratio": 1.23,
            "reinvestment_rate": 66.02,
            "research_to_sale_ratio": 0.26,
            "price_fair": 163.69,
            "eps_avg_yearly": 4.68,
            "eps_latest_yearly": 10.28,
            "eps_growth_yearly": 636.8
        },
        "20141": {
            "year_quarter": 20141,
            "year": 2014,
            "quarter": 1,
            "eps": 1.51,
            "eps_growth_year": -3.21,
            "eps_4q": 8.2,
            "eps_4q_growth_year": 148.75,
            "roe": 4.55,
            "roe_4q": 26.46,
            "gross_profit": 407211,
            "gross_margin": 13.28,
            "gross_margin_4q_avg": 12.28,
            "net_income": 224217,
            "net_income_4q": null,
            "revenue": 3066667,
            "revenue_4q": null,
            "common_shares": 1350000,
            "book_valuer_per_share": 34.85,
            "book_valuer_per_share_4q_avg": 32.23,
            "equity": 5038527,
            "current_ratio": 96.29,
            "debt_ratio": 61.5,
            "inventory_turnover_ratio": 6.51,
            "account_receivable_turnover_ratio": 0.95,
            "reinvestment_rate": 52.31,
            "research_to_sale_ratio": 0.44,
            "price_fair": 163.48,
            "eps_avg_yearly": 4.67,
            "eps_latest_yearly": 6.04,
            "eps_growth_yearly": 633.08
        },
        "20142": {
            "year_quarter": 20142,
            "year": 2014,
            "quarter": 2,
            "eps": 1.69,
            "eps_growth_year": -5.06,
            "eps_4q": 8.12,
            "eps_4q_growth_year": 66.49,
            "roe": 5.32,
            "roe_4q": 25.490000000000002,
            "gross_profit": 451651,
            "gross_margin": 12.23,
            "gross_margin_4q_avg": 12.41,
            "net_income": 271210,
            "net_income_4q": null,
            "revenue": 3694425,
            "revenue_4q": null,
            "common_shares": 1350000,
            "book_valuer_per_share": 31.24,
            "book_valuer_per_share_4q_avg": 33.13,
            "equity": 5148189,
            "current_ratio": 100.28,
            "debt_ratio": 62.66,
            "inventory_turnover_ratio": 7.99,
            "account_receivable_turnover_ratio": 1.24,
            "reinvestment_rate": 36.44,
            "research_to_sale_ratio": 0.25,
            "price_fair": 176.51,
            "eps_avg_yearly": 5.04,
            "eps_latest_yearly": 6.76,
            "eps_growth_yearly": 657.87
        },
        "20143": {
            "year_quarter": 20143,
            "year": 2014,
            "quarter": 3,
            "eps": 3.07,
            "eps_growth_year": 30.64,
            "eps_4q": 8.83,
            "eps_4q_growth_year": 31.12,
            "roe": 9.14,
            "roe_4q": 26.830000000000002,
            "gross_profit": 491654,
            "gross_margin": 13.09,
            "gross_margin_4q_avg": 12.65,
            "net_income": 479920,
            "net_income_4q": null,
            "revenue": 3755713,
            "revenue_4q": null,
            "common_shares": 1350000,
            "book_valuer_per_share": 32.24,
            "book_valuer_per_share_4q_avg": 33.26,
            "equity": 5353061,
            "current_ratio": 117.18,
            "debt_ratio": 56.57,
            "inventory_turnover_ratio": 8.3,
            "account_receivable_turnover_ratio": 1.27,
            "reinvestment_rate": 14.44,
            "research_to_sale_ratio": 0.36,
            "price_fair": 203.32,
            "eps_avg_yearly": 5.81,
            "eps_latest_yearly": 12.28,
            "eps_growth_yearly": 676.58
        },
        "20144": {
            "year_quarter": 20144,
            "year": 2014,
            "quarter": 4,
            "eps": 2.12,
            "eps_growth_year": -17.79,
            "eps_4q": 8.38,
            "eps_4q_growth_year": 1.46,
            "roe": 6.22,
            "roe_4q": 25.23,
            "gross_profit": 511692,
            "gross_margin": 13.87,
            "gross_margin_4q_avg": 13.12,
            "net_income": 343647,
            "net_income_4q": null,
            "revenue": 3688920,
            "revenue_4q": null,
            "common_shares": 1350000,
            "book_valuer_per_share": 34.32,
            "book_valuer_per_share_4q_avg": 33.16,
            "equity": 5690041,
            "current_ratio": 125.51,
            "debt_ratio": 54.59,
            "inventory_turnover_ratio": 8.86,
            "account_receivable_turnover_ratio": 1.15,
            "reinvestment_rate": 24.42,
            "research_to_sale_ratio": 0.26,
            "price_fair": 210,
            "eps_avg_yearly": 6,
            "eps_latest_yearly": 8.48,
            "eps_growth_yearly": 619.41
        },
        "20151": {
            "year_quarter": 20151,
            "year": 2015,
            "quarter": 1,
            "eps": 1.01,
            "eps_growth_year": -33.11,
            "eps_4q": 7.88,
            "eps_4q_growth_year": -4.01,
            "roe": 2.91,
            "roe_4q": 23.59,
            "gross_profit": 384052,
            "gross_margin": 13.19,
            "gross_margin_4q_avg": 13.1,
            "net_income": 168229,
            "net_income_4q": null,
            "revenue": 2912540,
            "revenue_4q": null,
            "common_shares": 1350000,
            "book_valuer_per_share": 35.34,
            "book_valuer_per_share_4q_avg": 33.29,
            "equity": 5862225,
            "current_ratio": 132.79,
            "debt_ratio": 52.01,
            "inventory_turnover_ratio": 7.82,
            "account_receivable_turnover_ratio": 0.84,
            "reinvestment_rate": 31.03,
            "research_to_sale_ratio": 0.56,
            "price_fair": 205.43,
            "eps_avg_yearly": 5.87,
            "eps_latest_yearly": 4.04,
            "eps_growth_yearly": 564.16
        },
        "20152": {
            "year_quarter": 20152,
            "year": 2015,
            "quarter": 2,
            "eps": 0.71,
            "eps_growth_year": -57.99,
            "eps_4q": 6.9,
            "eps_4q_growth_year": -14.93,
            "roe": 2.76,
            "roe_4q": 21.03,
            "gross_profit": 349572,
            "gross_margin": 14.1,
            "gross_margin_4q_avg": 13.56,
            "net_income": 148660,
            "net_income_4q": null,
            "revenue": 2479575,
            "revenue_4q": null,
            "common_shares": 1350000,
            "book_valuer_per_share": 29.14,
            "book_valuer_per_share_4q_avg": 32.76,
            "equity": 4915814,
            "current_ratio": 110.84,
            "debt_ratio": 60.75,
            "inventory_turnover_ratio": 6.63,
            "account_receivable_turnover_ratio": 0.76,
            "reinvestment_rate": 38.34,
            "research_to_sale_ratio": 0.39,
            "price_fair": 198.8,
            "eps_avg_yearly": 5.68,
            "eps_latest_yearly": 2.84,
            "eps_growth_yearly": 521.47
        },
        "20153": {
            "year_quarter": 20153,
            "year": 2015,
            "quarter": 3,
            "eps": 2.08,
            "eps_growth_year": -32.25,
            "eps_4q": 5.91,
            "eps_4q_growth_year": -33.06,
            "roe": 5.9,
            "roe_4q": 17.79,
            "gross_profit": 210504,
            "gross_margin": 11.46,
            "gross_margin_4q_avg": 13.16,
            "net_income": 304314,
            "net_income_4q": null,
            "revenue": 1836897,
            "revenue_4q": null,
            "common_shares": 1350000,
            "book_valuer_per_share": 29.24,
            "book_valuer_per_share_4q_avg": 32.01,
            "equity": 5391583,
            "current_ratio": 131.12,
            "debt_ratio": 51.43,
            "inventory_turnover_ratio": 4.81,
            "account_receivable_turnover_ratio": 0.65,
            "reinvestment_rate": 37.73,
            "research_to_sale_ratio": 0.57,
            "price_fair": 212.28,
            "eps_avg_yearly": 6.07,
            "eps_latest_yearly": 8.32,
            "eps_growth_yearly": 144.71
        },
        "20154": {
            "year_quarter": 20154,
            "year": 2015,
            "quarter": 4,
            "eps": 1.34,
            "eps_growth_year": -36.57,
            "eps_4q": 5.14,
            "eps_4q_growth_year": -38.64,
            "roe": 3.23,
            "roe_4q": 14.8,
            "gross_profit": 337320,
            "gross_margin": 13.32,
            "gross_margin_4q_avg": 13.02,
            "net_income": 179622,
            "net_income_4q": null,
            "revenue": 2531819,
            "revenue_4q": null,
            "common_shares": 1350000,
            "book_valuer_per_share": 31.82,
            "book_valuer_per_share_4q_avg": 31.39,
            "equity": 5738691,
            "current_ratio": 131.28,
            "debt_ratio": 50.29,
            "inventory_turnover_ratio": 6.64,
            "account_receivable_turnover_ratio": 0.83,
            "reinvestment_rate": 26.34,
            "research_to_sale_ratio": 0.59,
            "price_fair": 209.39,
            "eps_avg_yearly": 5.98,
            "eps_latest_yearly": 5.36,
            "eps_growth_yearly": 83.5
        },
        "20161": {
            "year_quarter": 20161,
            "year": 2016,
            "quarter": 1,
            "eps": 0.5,
            "eps_growth_year": -50.5,
            "eps_4q": 4.63,
            "eps_4q_growth_year": -41.22,
            "roe": 1.44,
            "roe_4q": 13.33,
            "gross_profit": 256699,
            "gross_margin": 13.66,
            "gross_margin_4q_avg": 13.14,
            "net_income": 80955,
            "net_income_4q": null,
            "revenue": 1879846,
            "revenue_4q": null,
            "common_shares": 1350000,
            "book_valuer_per_share": 30.15,
            "book_valuer_per_share_4q_avg": 30.09,
            "equity": 5522420,
            "current_ratio": 136.55,
            "debt_ratio": 47.81,
            "inventory_turnover_ratio": 5.21,
            "account_receivable_turnover_ratio": 0.66,
            "reinvestment_rate": 6.51,
            "research_to_sale_ratio": 0.82,
            "price_fair": 210.26,
            "eps_avg_yearly": 6.01,
            "eps_latest_yearly": 2,
            "eps_growth_yearly": 86.84
        },
        "20162": {
            "year_quarter": 20162,
            "year": 2016,
            "quarter": 2,
            "eps": 0.45,
            "eps_growth_year": -36.62,
            "eps_4q": 4.36,
            "eps_4q_growth_year": -36.81,
            "roe": 1.89,
            "roe_4q": 12.46,
            "gross_profit": 273065,
            "gross_margin": 13.21,
            "gross_margin_4q_avg": 12.91,
            "net_income": 96871,
            "net_income_4q": null,
            "revenue": 2066582,
            "revenue_4q": null,
            "common_shares": 1350000,
            "book_valuer_per_share": 24.81,
            "book_valuer_per_share_4q_avg": 29.01,
            "equity": 4742950,
            "current_ratio": 104.1,
            "debt_ratio": 54.2,
            "inventory_turnover_ratio": 5.09,
            "account_receivable_turnover_ratio": 0.86,
            "reinvestment_rate": 21.01,
            "research_to_sale_ratio": 0.62,
            "price_fair": 212.45,
            "eps_avg_yearly": 6.07,
            "eps_latest_yearly": 1.8,
            "eps_growth_yearly": 96.84
        },
        "20163": {
            "year_quarter": 20163,
            "year": 2016,
            "quarter": 3,
            "eps": 1.72,
            "eps_growth_year": -17.31,
            "eps_4q": 4.01,
            "eps_4q_growth_year": -32.26,
            "roe": 5.34,
            "roe_4q": 11.9,
            "gross_profit": 401513,
            "gross_margin": 18.23,
            "gross_margin_4q_avg": 14.61,
            "net_income": 262133,
            "net_income_4q": null,
            "revenue": 2202006,
            "revenue_4q": null,
            "common_shares": 1350000,
            "book_valuer_per_share": 27.04,
            "book_valuer_per_share_4q_avg": 28.46,
            "equity": 5074952,
            "current_ratio": 115.02,
            "debt_ratio": 49.67,
            "inventory_turnover_ratio": 4.44,
            "account_receivable_turnover_ratio": 1.04,
            "reinvestment_rate": 3.23,
            "research_to_sale_ratio": 0.65,
            "price_fair": 223.21,
            "eps_avg_yearly": 6.38,
            "eps_latest_yearly": 6.88,
            "eps_growth_yearly": 131.15
        },
        "20164": {
            "year_quarter": 20164,
            "year": 2016,
            "quarter": 4,
            "eps": 1.83,
            "eps_growth_year": 36.53,
            "eps_4q": 4.5,
            "eps_4q_growth_year": -12.53,
            "roe": 5.37,
            "roe_4q": 14.040000000000001,
            "gross_profit": 526689,
            "gross_margin": 19.43,
            "gross_margin_4q_avg": 16.13,
            "net_income": 283153,
            "net_income_4q": null,
            "revenue": 2710713,
            "revenue_4q": null,
            "common_shares": 1350000,
            "book_valuer_per_share": 29.68,
            "book_valuer_per_share_4q_avg": 27.92,
            "equity": 5470158,
            "current_ratio": 119.37,
            "debt_ratio": 47.51,
            "inventory_turnover_ratio": 4.96,
            "account_receivable_turnover_ratio": 1.51,
            "reinvestment_rate": -2.04,
            "research_to_sale_ratio": 0.94,
            "price_fair": 230.04,
            "eps_avg_yearly": 6.57,
            "eps_latest_yearly": 7.32,
            "eps_growth_yearly": 104.17
        },
        "20171": {
            "year_quarter": 20171,
            "year": 2017,
            "quarter": 1,
            "eps": 0.72,
            "eps_growth_year": 44,
            "eps_4q": 4.72,
            "eps_4q_growth_year": 1.93,
            "roe": 1.95,
            "roe_4q": 14.55,
            "gross_profit": 292971,
            "gross_margin": 15.95,
            "gross_margin_4q_avg": 16.71,
            "net_income": 105825,
            "net_income_4q": null,
            "revenue": 1836388,
            "revenue_4q": null,
            "common_shares": 1350000,
            "book_valuer_per_share": 29.11,
            "book_valuer_per_share_4q_avg": 27.66,
            "equity": 5397916,
            "current_ratio": 125.05,
            "debt_ratio": 44.3,
            "inventory_turnover_ratio": 3.57,
            "account_receivable_turnover_ratio": 1.13,
            "reinvestment_rate": 11.16,
            "research_to_sale_ratio": 1.04,
            "price_fair": 222.69,
            "eps_avg_yearly": 6.36,
            "eps_latest_yearly": 2.88,
            "eps_growth_yearly": 76.87
        },
        "20172": {
            "year_quarter": 20172,
            "year": 2017,
            "quarter": 2,
            "eps": 0.75,
            "eps_growth_year": 66.67,
            "eps_4q": 5.02,
            "eps_4q_growth_year": 14.98,
            "roe": 2.38,
            "roe_4q": 15.04,
            "gross_profit": 302420,
            "gross_margin": 15.47,
            "gross_margin_4q_avg": 17.27,
            "net_income": 120907,
            "net_income_4q": null,
            "revenue": 1954919,
            "revenue_4q": null,
            "common_shares": 1350000,
            "book_valuer_per_share": 25,
            "book_valuer_per_share_4q_avg": 27.71,
            "equity": 4761363,
            "current_ratio": 106.04,
            "debt_ratio": 50.39,
            "inventory_turnover_ratio": 4.02,
            "account_receivable_turnover_ratio": 1.29,
            "reinvestment_rate": 9.25,
            "research_to_sale_ratio": 0.95,
            "price_fair": 213.68,
            "eps_avg_yearly": 6.11,
            "eps_latest_yearly": 3,
            "eps_growth_yearly": 74.38
        },
        "20173": {
            "year_quarter": 20173,
            "year": 2017,
            "quarter": 3,
            "eps": 0.56,
            "eps_growth_year": -67.44,
            "eps_4q": 3.86,
            "eps_4q_growth_year": -3.64,
            "roe": 1.97,
            "roe_4q": 11.67,
            "gross_profit": 249443,
            "gross_margin": 14.37,
            "gross_margin_4q_avg": 16.31,
            "net_income": 94772,
            "net_income_4q": null,
            "revenue": 1736442,
            "revenue_4q": null,
            "common_shares": 1350000,
            "book_valuer_per_share": 25.47,
            "book_valuer_per_share_4q_avg": 27.32,
            "equity": 4839067,
            "current_ratio": 110.18,
            "debt_ratio": 46.66,
            "inventory_turnover_ratio": 3.54,
            "account_receivable_turnover_ratio": 1.15,
            "reinvestment_rate": -2.9,
            "research_to_sale_ratio": 1.02,
            "price_fair": 198.01,
            "eps_avg_yearly": 5.66,
            "eps_latest_yearly": 2.24,
            "eps_growth_yearly": 60.04
        },
        "20174": {
            "year_quarter": 20174,
            "year": 2017,
            "quarter": 4,
            "eps": 0.52,
            "eps_growth_year": -71.65,
            "eps_4q": 2.55,
            "eps_4q_growth_year": -43.35,
            "roe": 2.18,
            "roe_4q": 8.48,
            "gross_profit": 257287,
            "gross_margin": 12.69,
            "gross_margin_4q_avg": 14.62,
            "net_income": 108823,
            "net_income_4q": null,
            "revenue": 2027739,
            "revenue_4q": null,
            "common_shares": 1350000,
            "book_valuer_per_share": 27.37,
            "book_valuer_per_share_4q_avg": 26.74,
            "equity": 5136716,
            "current_ratio": 116.15,
            "debt_ratio": 45.11,
            "inventory_turnover_ratio": 3.8,
            "account_receivable_turnover_ratio": 1.38,
            "reinvestment_rate": -6.01,
            "research_to_sale_ratio": 0.9,
            "price_fair": 180.08,
            "eps_avg_yearly": 5.15,
            "eps_latest_yearly": 2.08,
            "eps_growth_yearly": 55.92
        },
        "20181": {
            "year_quarter": 20181,
            "year": 2018,
            "quarter": 1,
            "eps": 0.46,
            "eps_growth_year": -36.11,
            "eps_4q": 2.28,
            "eps_4q_growth_year": -51.59,
            "roe": 1.28,
            "roe_4q": 7.81,
            "gross_profit": 235152,
            "gross_margin": 12.15,
            "gross_margin_4q_avg": 13.67,
            "net_income": 67771,
            "net_income_4q": null,
            "revenue": 1935917,
            "revenue_4q": null,
            "common_shares": 1350000,
            "book_valuer_per_share": 29.59,
            "book_valuer_per_share_4q_avg": 26.86,
            "equity": 5448553,
            "current_ratio": 114.37,
            "debt_ratio": 43.88,
            "inventory_turnover_ratio": 3.33,
            "account_receivable_turnover_ratio": 1.27,
            "reinvestment_rate": -112.32,
            "research_to_sale_ratio": 1.18,
            "price_fair": 170.89,
            "eps_avg_yearly": 4.88,
            "eps_latest_yearly": 1.84,
            "eps_growth_yearly": 63.34
        },
        "20182": {
            "year_quarter": 20182,
            "year": 2018,
            "quarter": 2,
            "eps": 1.16,
            "eps_growth_year": 54.67,
            "eps_4q": 2.69,
            "eps_4q_growth_year": -46.3,
            "roe": 3.16,
            "roe_4q": 8.590000000000002,
            "gross_profit": 368906,
            "gross_margin": 17.05,
            "gross_margin_4q_avg": 14.07,
            "net_income": 172182,
            "net_income_4q": null,
            "revenue": 2164101,
            "revenue_4q": null,
            "common_shares": 1350000,
            "book_valuer_per_share": 29.99,
            "book_valuer_per_share_4q_avg": 28.11,
            "equity": 5444688,
            "current_ratio": 105.75,
            "debt_ratio": 45.59,
            "inventory_turnover_ratio": 3.7,
            "account_receivable_turnover_ratio": 1.52,
            "reinvestment_rate": -122.42,
            "research_to_sale_ratio": 0.78,
            "price_fair": 166.25,
            "eps_avg_yearly": 4.75,
            "eps_latest_yearly": 4.64,
            "eps_growth_yearly": 98.41
        },
        "20183": {
            "year_quarter": 20183,
            "year": 2018,
            "quarter": 3,
            "eps": 2.11,
            "eps_growth_year": 276.79,
            "eps_4q": 4.24,
            "eps_4q_growth_year": 9.89,
            "roe": 5.4,
            "roe_4q": 12.02,
            "gross_profit": 352274,
            "gross_margin": 16.11,
            "gross_margin_4q_avg": 14.5,
            "net_income": 300931,
            "net_income_4q": null,
            "revenue": 2186948,
            "revenue_4q": null,
            "common_shares": 1350000,
            "book_valuer_per_share": 31.76,
            "book_valuer_per_share_4q_avg": 29.68,
            "equity": 5698523,
            "current_ratio": 124.72,
            "debt_ratio": 43.57,
            "inventory_turnover_ratio": 3.87,
            "account_receivable_turnover_ratio": 1.78,
            "reinvestment_rate": -116.22,
            "research_to_sale_ratio": 0.76,
            "price_fair": 157.85,
            "eps_avg_yearly": 4.51,
            "eps_latest_yearly": 8.44,
            "eps_growth_yearly": 98.47
        },
        "20184": {
            "year_quarter": 20184,
            "year": 2018,
            "quarter": 4,
            "eps": 1.17,
            "eps_growth_year": 125.99,
            "eps_4q": 4.9,
            "eps_4q_growth_year": 92.22,
            "roe": 3.42,
            "roe_4q": 13.26,
            "gross_profit": 353938,
            "gross_margin": 15,
            "gross_margin_4q_avg": 15.08,
            "net_income": 190678,
            "net_income_4q": null,
            "revenue": 2359104,
            "revenue_4q": null,
            "common_shares": 1350000,
            "book_valuer_per_share": 29.83,
            "book_valuer_per_share_4q_avg": 30.29,
            "equity": 5463940,
            "current_ratio": 138.56,
            "debt_ratio": 45.03,
            "inventory_turnover_ratio": 4.16,
            "account_receivable_turnover_ratio": 1.91,
            "reinvestment_rate": -130.28,
            "research_to_sale_ratio": 0.65,
            "price_fair": 149.54,
            "eps_avg_yearly": 4.27,
            "eps_latest_yearly": 4.68,
            "eps_growth_yearly": 95.07
        },
        "20191": {
            "year_quarter": 20191,
            "year": 2019,
            "quarter": 1,
            "eps": 0.25,
            "eps_growth_year": -45.65,
            "eps_4q": 4.69,
            "eps_4q_growth_year": 105.4,
            "roe": 0.76,
            "roe_4q": 12.74,
            "gross_profit": 219160,
            "gross_margin": 11.39,
            "gross_margin_4q_avg": 14.89,
            "net_income": 42075,
            "net_income_4q": null,
            "revenue": 1924117,
            "revenue_4q": null,
            "common_shares": 1350000,
            "book_valuer_per_share": 30.34,
            "book_valuer_per_share_4q_avg": 30.48,
            "equity": 5543615,
            "current_ratio": 135.29,
            "debt_ratio": 44.13,
            "inventory_turnover_ratio": 3.54,
            "account_receivable_turnover_ratio": 1.81,
            "reinvestment_rate": -138.86,
            "research_to_sale_ratio": 0.69,
            "price_fair": 142.89,
            "eps_avg_yearly": 4.08,
            "eps_latest_yearly": 1,
            "eps_growth_yearly": 88.5
        },
        "20192": {
            "year_quarter": 20192,
            "year": 2019,
            "quarter": 2,
            "eps": 0.94,
            "eps_growth_year": -18.97,
            "eps_4q": 4.48,
            "eps_4q_growth_year": 66.35,
            "roe": 2.47,
            "roe_4q": 12.05,
            "gross_profit": 328155,
            "gross_margin": 11.94,
            "gross_margin_4q_avg": 13.61,
            "net_income": 128725,
            "net_income_4q": null,
            "revenue": 2748501,
            "revenue_4q": null,
            "common_shares": 1350000,
            "book_valuer_per_share": 25.77,
            "book_valuer_per_share_4q_avg": 29.43,
            "equity": 4861571,
            "current_ratio": 108.31,
            "debt_ratio": 52.35,
            "inventory_turnover_ratio": 5.31,
            "account_receivable_turnover_ratio": 2.56,
            "reinvestment_rate": -138.64,
            "research_to_sale_ratio": 0.53,
            "price_fair": 144.9,
            "eps_avg_yearly": 4.14,
            "eps_latest_yearly": 3.76,
            "eps_growth_yearly": 164.92
        },
        "20193": {
            "year_quarter": 20193,
            "year": 2019,
            "quarter": 3,
            "eps": 1.98,
            "eps_growth_year": -6.16,
            "eps_4q": 4.35,
            "eps_4q_growth_year": 2.52,
            "roe": 5.92,
            "roe_4q": 12.57,
            "gross_profit": 391155,
            "gross_margin": 12.98,
            "gross_margin_4q_avg": 12.83,
            "net_income": 289572,
            "net_income_4q": null,
            "revenue": 3014299,
            "revenue_4q": null,
            "common_shares": 1350000,
            "book_valuer_per_share": 26.15,
            "book_valuer_per_share_4q_avg": 28.02,
            "equity": 4929475,
            "current_ratio": 120.59,
            "debt_ratio": 49.03,
            "inventory_turnover_ratio": 6,
            "account_receivable_turnover_ratio": 2.41,
            "reinvestment_rate": -108.72,
            "research_to_sale_ratio": 0.39,
            "price_fair": 144.03,
            "eps_avg_yearly": 4.12,
            "eps_latest_yearly": 7.92,
            "eps_growth_yearly": 144.34
        },
        "20194": {
            "year_quarter": 20194,
            "year": 2019,
            "quarter": 4,
            "eps": 1.86,
            "eps_growth_year": 58.51,
            "eps_4q": 5.03,
            "eps_4q_growth_year": 2.85,
            "roe": 5.34,
            "roe_4q": 14.49,
            "gross_profit": 494216,
            "gross_margin": 12.51,
            "gross_margin_4q_avg": 12.21,
            "net_income": 272761,
            "net_income_4q": null,
            "revenue": 3950405,
            "revenue_4q": null,
            "common_shares": 1350000,
            "book_valuer_per_share": 28.57,
            "book_valuer_per_share_4q_avg": 27.71,
            "equity": 5280399,
            "current_ratio": 129.06,
            "debt_ratio": 52.56,
            "inventory_turnover_ratio": 7.78,
            "account_receivable_turnover_ratio": 2.95,
            "reinvestment_rate": -106.68,
            "research_to_sale_ratio": 0.5,
            "price_fair": 148.58,
            "eps_avg_yearly": 4.25,
            "eps_latest_yearly": 7.44,
            "eps_growth_yearly": 151.72
        },
        "20201": {
            "year_quarter": 20201,
            "year": 2020,
            "quarter": 1,
            "eps": 0.63,
            "eps_growth_year": 152,
            "eps_4q": 5.41,
            "eps_4q_growth_year": 15.32,
            "roe": 1.15,
            "roe_4q": 14.88,
            "gross_profit": 270819,
            "gross_margin": 9.94,
            "gross_margin_4q_avg": 11.84,
            "net_income": 60344,
            "net_income_4q": null,
            "revenue": 2723923,
            "revenue_4q": null,
            "common_shares": 1350000,
            "book_valuer_per_share": 28.27,
            "book_valuer_per_share_4q_avg": 27.19,
            "equity": 5209256,
            "current_ratio": 136.2,
            "debt_ratio": 49.57,
            "inventory_turnover_ratio": 5.39,
            "account_receivable_turnover_ratio": 2.53,
            "reinvestment_rate": -89.25,
            "research_to_sale_ratio": 0.59,
            "price_fair": 149.71,
            "eps_avg_yearly": 4.28,
            "eps_latest_yearly": 2.52,
            "eps_growth_yearly": 150.86
        },
        "20202": {
            "year_quarter": 20202,
            "year": 2020,
            "quarter": 2,
            "eps": 0.77,
            "eps_growth_year": -18.09,
            "eps_4q": 5.24,
            "eps_4q_growth_year": 16.86,
            "roe": 2.48,
            "roe_4q": 14.889999999999999,
            "gross_profit": 336868,
            "gross_margin": 11.43,
            "gross_margin_4q_avg": 11.72,
            "net_income": 123860,
            "net_income_4q": null,
            "revenue": 2946040,
            "revenue_4q": null,
            "common_shares": 1350000,
            "book_valuer_per_share": 25.16,
            "book_valuer_per_share_4q_avg": 27.04,
            "equity": 4768378,
            "current_ratio": 112.68,
            "debt_ratio": 56.71,
            "inventory_turnover_ratio": 5.67,
            "account_receivable_turnover_ratio": 3.1,
            "reinvestment_rate": -93.95,
            "research_to_sale_ratio": 0.45,
            "price_fair": 152.51,
            "eps_avg_yearly": 4.36,
            "eps_latest_yearly": 3.08,
            "eps_growth_yearly": 158.92
        },
        "20203": {
            "year_quarter": 20203,
            "year": 2020,
            "quarter": 3,
            "eps": 2.36,
            "eps_growth_year": 19.19,
            "eps_4q": 5.62,
            "eps_4q_growth_year": 29.18,
            "roe": 7.39,
            "roe_4q": 16.36,
            "gross_profit": 486446,
            "gross_margin": 13.1,
            "gross_margin_4q_avg": 11.75,
            "net_income": 362206,
            "net_income_4q": null,
            "revenue": 3713093,
            "revenue_4q": null,
            "common_shares": 1350000,
            "book_valuer_per_share": 26.79,
            "book_valuer_per_share_4q_avg": 27.2,
            "equity": 5028864,
            "current_ratio": 120.25,
            "debt_ratio": 56.43,
            "inventory_turnover_ratio": 6.85,
            "account_receivable_turnover_ratio": 3.08,
            "reinvestment_rate": -92.16,
            "research_to_sale_ratio": 0.38,
            "price_fair": 158.11,
            "eps_avg_yearly": 4.52,
            "eps_latest_yearly": 9.44,
            "eps_growth_yearly": 139.99
        },
        "20204": {
            "year_quarter": 20204,
            "year": 2020,
            "quarter": 4,
            "eps": 3.72,
            "eps_growth_year": 100.21,
            "eps_4q": 7.48,
            "eps_4q_growth_year": 48.59,
            "roe": 10.12,
            "roe_4q": 21.139999999999997,
            "gross_profit": 865761,
            "gross_margin": 17.03,
            "gross_margin_4q_avg": 12.88,
            "net_income": 543048,
            "net_income_4q": null,
            "revenue": 5085010,
            "revenue_4q": null,
            "common_shares": 1350000,
            "book_valuer_per_share": 31.47,
            "book_valuer_per_share_4q_avg": 27.92,
            "equity": 5705094,
            "current_ratio": 128.09,
            "debt_ratio": 52.65,
            "inventory_turnover_ratio": 9.22,
            "account_receivable_turnover_ratio": 4.16,
            "reinvestment_rate": -83.8,
            "research_to_sale_ratio": 0.34,
            "price_fair": 174.65,
            "eps_avg_yearly": 4.99,
            "eps_latest_yearly": 14.88,
            "eps_growth_yearly": 152.79
        },
        "20211": {
            "year_quarter": 20211,
            "year": 2021,
            "quarter": 1,
            "eps": 2.74,
            "eps_growth_year": 334.92,
            "eps_4q": 9.59,
            "eps_4q_growth_year": 77.29,
            "roe": 6.41,
            "roe_4q": 26.400000000000002,
            "gross_profit": 664772,
            "gross_margin": 14.37,
            "gross_margin_4q_avg": 13.98,
            "net_income": 386264,
            "net_income_4q": null,
            "revenue": 4627426,
            "revenue_4q": null,
            "common_shares": 1350000,
            "book_valuer_per_share": 36.07,
            "book_valuer_per_share_4q_avg": 29.87,
            "equity": 6346998,
            "current_ratio": 131.51,
            "debt_ratio": 52.94,
            "inventory_turnover_ratio": 9.51,
            "account_receivable_turnover_ratio": 3.56,
            "reinvestment_rate": -70.4,
            "research_to_sale_ratio": 0.31,
            "price_fair": 192.33,
            "eps_avg_yearly": 5.5,
            "eps_latest_yearly": 10.96,
            "eps_growth_yearly": 161.37
        },
        "20212": {
            "year_quarter": 20212,
            "year": 2021,
            "quarter": 2,
            "eps": 3.22,
            "eps_growth_year": 318.18,
            "eps_4q": 8.79,
            "eps_4q_growth_year": 67.93,
            "roe": 6.3,
            "roe_4q": 30.22,
            "gross_profit": 842755,
            "gross_margin": 15.26,
            "gross_margin_4q_avg": 14.94,
            "net_income": 388533,
            "net_income_4q": null,
            "revenue": 5524219,
            "revenue_4q": null,
            "common_shares": 1350000,
            "book_valuer_per_share": 34.22,
            "book_valuer_per_share_4q_avg": 32.14,
            "equity": 5981277,
            "current_ratio": 119.42,
            "debt_ratio": 58.02,
            "inventory_turnover_ratio": 11.01,
            "account_receivable_turnover_ratio": 3.35,
            "reinvestment_rate": -60.89,
            "research_to_sale_ratio": 0.32,
            "price_fair": 213.94,
            "eps_avg_yearly": 6.11,
            "eps_latest_yearly": 12.88,
            "eps_growth_yearly": 164.71
        },
        "20213": {
            "year_quarter": 20213,
            "year": 2021,
            "quarter": 3,
            "eps": 2.54,
            "eps_growth_year": 7.63,
            "eps_4q": 9.61,
            "eps_4q_growth_year": 71.06,
            "roe": 6.67,
            "roe_4q": 29.5,
            "gross_profit": 813845,
            "gross_margin": 15.98,
            "gross_margin_4q_avg": 15.66,
            "net_income": 453128,
            "net_income_4q": null,
            "revenue": 5094335,
            "revenue_4q": null,
            "common_shares": 1849500,
            "book_valuer_per_share": 32.77,
            "book_valuer_per_share_4q_avg": 33.63,
            "equity": 7608716,
            "current_ratio": 131.27,
            "debt_ratio": 52.75,
            "inventory_turnover_ratio": 8.83,
            "account_receivable_turnover_ratio": 2.23,
            "reinvestment_rate": -54.35,
            "research_to_sale_ratio": 0.4,
            "price_fair": 231.26,
            "eps_avg_yearly": 6.61,
            "eps_latest_yearly": 10.16,
            "eps_growth_yearly": 165.76
        },
        "20214": {
            "year_quarter": 20214,
            "year": 2021,
            "quarter": 4,
            "eps": 3.07,
            "eps_growth_year": -17.55,
            "eps_4q": 9.96,
            "eps_4q_growth_year": 33.14,
            "roe": 7.04,
            "roe_4q": 26.42,
            "gross_profit": 954663,
            "gross_margin": 15.67,
            "gross_margin_4q_avg": 15.32,
            "net_income": 557226,
            "net_income_4q": null,
            "revenue": 6091118,
            "revenue_4q": null,
            "common_shares": 1849500,
            "book_valuer_per_share": 36.1,
            "book_valuer_per_share_4q_avg": 34.79,
            "equity": 8212237,
            "current_ratio": 146.38,
            "debt_ratio": 52.83,
            "inventory_turnover_ratio": 9.32,
            "account_receivable_turnover_ratio": 2.33,
            "reinvestment_rate": -52.63,
            "research_to_sale_ratio": 0.32,
            "price_fair": 253.58,
            "eps_avg_yearly": 7.25,
            "eps_latest_yearly": 12.28,
            "eps_growth_yearly": 172.77
        },
        "20221": {
            "year_quarter": 20221,
            "year": 2022,
            "quarter": 1,
            "eps": 1.59,
            "eps_growth_year": -41.97,
            "eps_4q": 9.56,
            "eps_4q_growth_year": -0.36,
            "roe": 2.96,
            "roe_4q": 22.970000000000002,
            "gross_profit": 562244,
            "gross_margin": 10.96,
            "gross_margin_4q_avg": 14.47,
            "net_income": 255588,
            "net_income_4q": null,
            "revenue": 5128719,
            "revenue_4q": null,
            "common_shares": 1849500,
            "book_valuer_per_share": 40.76,
            "book_valuer_per_share_4q_avg": 35.96,
            "equity": 9082972,
            "current_ratio": 147.87,
            "debt_ratio": 51.03,
            "inventory_turnover_ratio": 7.3,
            "account_receivable_turnover_ratio": 2.22,
            "reinvestment_rate": 11.42,
            "research_to_sale_ratio": 0.35,
            "price_fair": 263.46,
            "eps_avg_yearly": 7.53,
            "eps_latest_yearly": 6.36,
            "eps_growth_yearly": 163.6
        },
        "20222": {
            "year_quarter": 20222,
            "year": 2022,
            "quarter": 2,
            "eps": 2.59,
            "eps_growth_year": -19.57,
            "eps_4q": 9.8,
            "eps_4q_growth_year": 11.4,
            "roe": 6.28,
            "roe_4q": 22.950000000000003,
            "gross_profit": 867684,
            "gross_margin": 13.99,
            "gross_margin_4q_avg": 14.15,
            "net_income": 496785,
            "net_income_4q": null,
            "revenue": 6203701,
            "revenue_4q": null,
            "common_shares": 1849500,
            "book_valuer_per_share": 28.63,
            "book_valuer_per_share_4q_avg": 34.57,
            "equity": 6726692,
            "current_ratio": 121.31,
            "debt_ratio": 63.91,
            "inventory_turnover_ratio": 7.46,
            "account_receivable_turnover_ratio": 2.33,
            "reinvestment_rate": 12.59,
            "research_to_sale_ratio": 0.3,
            "price_fair": 275.98,
            "eps_avg_yearly": 7.89,
            "eps_latest_yearly": 10.36,
            "eps_growth_yearly": 141.28
        },
        "20223": {
            "year_quarter": 20223,
            "year": 2022,
            "quarter": 3,
            "eps": 3.97,
            "eps_growth_year": 56.3,
            "eps_4q": 11.23,
            "eps_4q_growth_year": 16.83,
            "roe": 11.89,
            "roe_4q": 28.17,
            "gross_profit": 1015311,
            "gross_margin": 16.16,
            "gross_margin_4q_avg": 14.2,
            "net_income": 789858,
            "net_income_4q": null,
            "revenue": 6281890,
            "revenue_4q": null,
            "common_shares": 1849500,
            "book_valuer_per_share": 27.76,
            "book_valuer_per_share_4q_avg": 33.31,
            "equity": 6561455,
            "current_ratio": 115.08,
            "debt_ratio": 65.46,
            "inventory_turnover_ratio": 6.88,
            "account_receivable_turnover_ratio": 2.07,
            "reinvestment_rate": 12.98,
            "research_to_sale_ratio": 0.29,
            "price_fair": 292.25,
            "eps_avg_yearly": 8.35,
            "eps_latest_yearly": 15.88,
            "eps_growth_yearly": 134.12
        },
        "20224": {
            "year_quarter": 20224,
            "year": 2022,
            "quarter": 4,
            "eps": 2.99,
            "eps_growth_year": -2.76,
            "eps_4q": 11.14,
            "eps_4q_growth_year": 11.85,
            "roe": 8,
            "roe_4q": 29.130000000000003,
            "gross_profit": 943013,
            "gross_margin": 13.53,
            "gross_margin_4q_avg": 13.66,
            "net_income": 585473,
            "net_income_4q": null,
            "revenue": 6968757,
            "revenue_4q": null,
            "common_shares": 1849500,
            "book_valuer_per_share": 35.32,
            "book_valuer_per_share_4q_avg": 33.12,
            "equity": 8076446,
            "current_ratio": 107.74,
            "debt_ratio": 63.84,
            "inventory_turnover_ratio": 8.05,
            "account_receivable_turnover_ratio": 2.73,
            "reinvestment_rate": 12.4,
            "research_to_sale_ratio": 0.23,
            "price_fair": 308.18,
            "eps_avg_yearly": 8.81,
            "eps_latest_yearly": 11.96,
            "eps_growth_yearly": 139.09
        },
        "20231": {
            "year_quarter": 20231,
            "year": 2023,
            "quarter": 1,
            "eps": 1.26,
            "eps_growth_year": -20.75,
            "eps_4q": 10.8,
            "eps_4q_growth_year": 13.04,
            "roe": 3.08,
            "roe_4q": 29.25,
            "gross_profit": 562222,
            "gross_margin": 11.68,
            "gross_margin_4q_avg": 13.84,
            "net_income": 243490,
            "net_income_4q": null,
            "revenue": 4814743,
            "revenue_4q": null,
            "common_shares": 1849500,
            "book_valuer_per_share": 33.66,
            "book_valuer_per_share_4q_avg": 31.34,
            "equity": 7731302,
            "current_ratio": 120.73,
            "debt_ratio": 62.54,
            "inventory_turnover_ratio": 5.8,
            "account_receivable_turnover_ratio": 1.8,
            "reinvestment_rate": 13.7,
            "research_to_sale_ratio": 0.34,
            "price_fair": 317.01,
            "eps_avg_yearly": 9.06,
            "eps_latest_yearly": 5.04,
            "eps_growth_yearly": 144.28
        },
        "20232": {
            "year_quarter": 20232,
            "year": 2023,
            "quarter": 2,
            "eps": 1.97,
            "eps_growth_year": -23.94,
            "eps_4q": 10.18,
            "eps_4q_growth_year": 3.91,
            "roe": 5.7,
            "roe_4q": 28.67,
            "gross_profit": 777722,
            "gross_margin": 13.89,
            "gross_margin_4q_avg": 13.82,
            "net_income": 403809,
            "net_income_4q": null,
            "revenue": 5600703,
            "revenue_4q": null,
            "common_shares": 1849500,
            "book_valuer_per_share": 26.74,
            "book_valuer_per_share_4q_avg": 30.87,
            "equity": 6448734,
            "current_ratio": 104.21,
            "debt_ratio": 69.33,
            "inventory_turnover_ratio": 6.52,
            "account_receivable_turnover_ratio": 1.91,
            "reinvestment_rate": 13.99,
            "research_to_sale_ratio": 0.41,
            "price_fair": 326.03,
            "eps_avg_yearly": 9.32,
            "eps_latest_yearly": 7.88,
            "eps_growth_yearly": 89.37
        },
        "20233": {
            "year_quarter": 20233,
            "year": 2023,
            "quarter": 3,
            "eps": 3.28,
            "eps_growth_year": -17.38,
            "eps_4q": 9.49,
            "eps_4q_growth_year": -15.47,
            "roe": 9.73,
            "roe_4q": 26.509999999999998,
            "gross_profit": 946529,
            "gross_margin": 16.31,
            "gross_margin_4q_avg": 13.85,
            "net_income": 653383,
            "net_income_4q": null,
            "revenue": 5804464,
            "revenue_4q": null,
            "common_shares": 1849500,
            "book_valuer_per_share": 29.4,
            "book_valuer_per_share_4q_avg": 31.28,
            "equity": 6977267,
            "current_ratio": 131.24,
            "debt_ratio": 65.62,
            "inventory_turnover_ratio": 6.53,
            "account_receivable_turnover_ratio": 1.99,
            "reinvestment_rate": 11.36,
            "research_to_sale_ratio": 0.39,
            "price_fair": 337.4,
            "eps_avg_yearly": 9.64,
            "eps_latest_yearly": 13.12,
            "eps_growth_yearly": 78.34
        }
    },
    "months": {
        "2007-12": {
            "month": "2007-12",
            "price": "28.21",
            "revenue": 825918
        },
        "2008-01": {
            "month": "2008-01",
            "price": "27.38",
            "revenue": 483758
        },
        "2008-02": {
            "month": "2008-02",
            "price": "30.19",
            "revenue": 425339
        },
        "2008-03": {
            "month": "2008-03",
            "price": "33.14",
            "revenue": 988726
        },
        "2008-04": {
            "month": "2008-04",
            "price": "43.44",
            "revenue": 1217274
        },
        "2008-05": {
            "month": "2008-05",
            "price": "42.78",
            "revenue": 1379695
        },
        "2008-06": {
            "month": "2008-06",
            "price": "39.83",
            "revenue": 1232425
        },
        "2008-07": {
            "month": "2008-07",
            "price": "24.79",
            "revenue": 1021903
        },
        "2008-08": {
            "month": "2008-08",
            "price": "22.93",
            "revenue": 1257288
        },
        "2008-09": {
            "month": "2008-09",
            "price": "22.85",
            "revenue": 972111
        },
        "2008-10": {
            "month": "2008-10",
            "price": "17.57",
            "revenue": 1360664
        },
        "2008-11": {
            "month": "2008-11",
            "price": "14.36",
            "revenue": 809163
        },
        "2008-12": {
            "month": "2008-12",
            "price": "14.93",
            "revenue": 1724485
        },
        "2009-01": {
            "month": "2009-01",
            "price": "18.58",
            "revenue": 417900
        },
        "2009-02": {
            "month": "2009-02",
            "price": "20.77",
            "revenue": 412106
        },
        "2009-03": {
            "month": "2009-03",
            "price": "23.40",
            "revenue": 603995
        },
        "2009-04": {
            "month": "2009-04",
            "price": "27.75",
            "revenue": 640263
        },
        "2009-05": {
            "month": "2009-05",
            "price": "27.73",
            "revenue": 563151
        },
        "2009-06": {
            "month": "2009-06",
            "price": "25.80",
            "revenue": 481519
        },
        "2009-07": {
            "month": "2009-07",
            "price": "26.16",
            "revenue": 353558
        },
        "2009-08": {
            "month": "2009-08",
            "price": "25.34",
            "revenue": 313189
        },
        "2009-09": {
            "month": "2009-09",
            "price": "27.73",
            "revenue": 1052632
        },
        "2009-10": {
            "month": "2009-10",
            "price": "35.23",
            "revenue": 408283
        },
        "2009-11": {
            "month": "2009-11",
            "price": "40.02",
            "revenue": 362568
        },
        "2009-12": {
            "month": "2009-12",
            "price": "54.06",
            "revenue": 434129
        },
        "2010-01": {
            "month": "2010-01",
            "price": "55.93",
            "revenue": 447599
        },
        "2010-02": {
            "month": "2010-02",
            "price": "55.08",
            "revenue": 345823
        },
        "2010-03": {
            "month": "2010-03",
            "price": "54.80",
            "revenue": 966347
        },
        "2010-04": {
            "month": "2010-04",
            "price": "55.45",
            "revenue": 370835
        },
        "2010-05": {
            "month": "2010-05",
            "price": "54.32",
            "revenue": 408504
        },
        "2010-06": {
            "month": "2010-06",
            "price": "54.83",
            "revenue": 313796
        },
        "2010-07": {
            "month": "2010-07",
            "price": "48.41",
            "revenue": 335277
        },
        "2010-08": {
            "month": "2010-08",
            "price": "48.82",
            "revenue": 446628
        },
        "2010-09": {
            "month": "2010-09",
            "price": "47.23",
            "revenue": 350174
        },
        "2010-10": {
            "month": "2010-10",
            "price": "44.98",
            "revenue": 409241
        },
        "2010-11": {
            "month": "2010-11",
            "price": "43.47",
            "revenue": 335238
        },
        "2010-12": {
            "month": "2010-12",
            "price": "43.78",
            "revenue": 335301
        },
        "2011-01": {
            "month": "2011-01",
            "price": "44.02",
            "revenue": 335826
        },
        "2011-02": {
            "month": "2011-02",
            "price": "40.64",
            "revenue": 163861
        },
        "2011-03": {
            "month": "2011-03",
            "price": "37.90",
            "revenue": 300428
        },
        "2011-04": {
            "month": "2011-04",
            "price": "37.43",
            "revenue": 350334
        },
        "2011-05": {
            "month": "2011-05",
            "price": "34.88",
            "revenue": 328243
        },
        "2011-06": {
            "month": "2011-06",
            "price": "33.55",
            "revenue": 221893
        },
        "2011-07": {
            "month": "2011-07",
            "price": "31.35",
            "revenue": 395846
        },
        "2011-08": {
            "month": "2011-08",
            "price": "28.00",
            "revenue": 446047
        },
        "2011-09": {
            "month": "2011-09",
            "price": "24.05",
            "revenue": 462029
        },
        "2011-10": {
            "month": "2011-10",
            "price": "22.35",
            "revenue": 433876
        },
        "2011-11": {
            "month": "2011-11",
            "price": "22.84",
            "revenue": 566058
        },
        "2011-12": {
            "month": "2011-12",
            "price": "23.96",
            "revenue": 632039
        },
        "2012-01": {
            "month": "2012-01",
            "price": "26.19",
            "revenue": 357007
        },
        "2012-02": {
            "month": "2012-02",
            "price": "33.94",
            "revenue": 359514
        },
        "2012-03": {
            "month": "2012-03",
            "price": "37.59",
            "revenue": 441782
        },
        "2012-04": {
            "month": "2012-04",
            "price": "36.77",
            "revenue": 521263
        },
        "2012-05": {
            "month": "2012-05",
            "price": "34.04",
            "revenue": 502795
        },
        "2012-06": {
            "month": "2012-06",
            "price": "31.53",
            "revenue": 605135
        },
        "2012-07": {
            "month": "2012-07",
            "price": "34.58",
            "revenue": 390160
        },
        "2012-08": {
            "month": "2012-08",
            "price": "36.92",
            "revenue": 327493
        },
        "2012-09": {
            "month": "2012-09",
            "price": "37.87",
            "revenue": 418057
        },
        "2012-10": {
            "month": "2012-10",
            "price": "37.35",
            "revenue": 565522
        },
        "2012-11": {
            "month": "2012-11",
            "price": "36.55",
            "revenue": 606002
        },
        "2012-12": {
            "month": "2012-12",
            "price": "38.33",
            "revenue": 759896
        },
        "2013-01": {
            "month": "2013-01",
            "price": "41.01",
            "revenue": 1078209
        },
        "2013-02": {
            "month": "2013-02",
            "price": "41.98",
            "revenue": 658497
        },
        "2013-03": {
            "month": "2013-03",
            "price": "44.58",
            "revenue": 1194054
        },
        "2013-04": {
            "month": "2013-04",
            "price": "43.85",
            "revenue": 1194496
        },
        "2013-05": {
            "month": "2013-05",
            "price": "46.42",
            "revenue": 1421358
        },
        "2013-06": {
            "month": "2013-06",
            "price": "47.33",
            "revenue": 1121115
        },
        "2013-07": {
            "month": "2013-07",
            "price": "47.28",
            "revenue": 1155558
        },
        "2013-08": {
            "month": "2013-08",
            "price": "55.90",
            "revenue": 1263887
        },
        "2013-09": {
            "month": "2013-09",
            "price": "57.53",
            "revenue": 1148990
        },
        "2013-10": {
            "month": "2013-10",
            "price": "57.25",
            "revenue": 1395749
        },
        "2013-11": {
            "month": "2013-11",
            "price": "59.32",
            "revenue": 1461466
        },
        "2013-12": {
            "month": "2013-12",
            "price": "61.53",
            "revenue": 1399263
        },
        "2014-01": {
            "month": "2014-01",
            "price": "61.08",
            "revenue": 1095938
        },
        "2014-02": {
            "month": "2014-02",
            "price": "61.49",
            "revenue": 791821
        },
        "2014-03": {
            "month": "2014-03",
            "price": "66.50",
            "revenue": 1178909
        },
        "2014-04": {
            "month": "2014-04",
            "price": "71.86",
            "revenue": 1216610
        },
        "2014-05": {
            "month": "2014-05",
            "price": "71.27",
            "revenue": 1252852
        },
        "2014-06": {
            "month": "2014-06",
            "price": "71.85",
            "revenue": 1224962
        },
        "2014-07": {
            "month": "2014-07",
            "price": "61.39",
            "revenue": 1331854
        },
        "2014-08": {
            "month": "2014-08",
            "price": "59.96",
            "revenue": 1267357
        },
        "2014-09": {
            "month": "2014-09",
            "price": "62.30",
            "revenue": 1156502
        },
        "2014-10": {
            "month": "2014-10",
            "price": "63.16",
            "revenue": 1316518
        },
        "2014-11": {
            "month": "2014-11",
            "price": "63.64",
            "revenue": 1157802
        },
        "2014-12": {
            "month": "2014-12",
            "price": "63.90",
            "revenue": 1227621
        },
        "2015-01": {
            "month": "2015-01",
            "price": "63.64",
            "revenue": 1369183
        },
        "2015-02": {
            "month": "2015-02",
            "price": "64.48",
            "revenue": 558231
        },
        "2015-03": {
            "month": "2015-03",
            "price": "68.29",
            "revenue": 985127
        },
        "2015-04": {
            "month": "2015-04",
            "price": "69.70",
            "revenue": 808605
        },
        "2015-05": {
            "month": "2015-05",
            "price": "67.22",
            "revenue": 858185
        },
        "2015-06": {
            "month": "2015-06",
            "price": "61.75",
            "revenue": 759414
        },
        "2015-07": {
            "month": "2015-07",
            "price": "52.16",
            "revenue": 757318
        },
        "2015-08": {
            "month": "2015-08",
            "price": "39.97",
            "revenue": 591036
        },
        "2015-09": {
            "month": "2015-09",
            "price": "36.87",
            "revenue": 541913
        },
        "2015-10": {
            "month": "2015-10",
            "price": "37.95",
            "revenue": 800391
        },
        "2015-11": {
            "month": "2015-11",
            "price": "38.14",
            "revenue": 890501
        },
        "2015-12": {
            "month": "2015-12",
            "price": "40.73",
            "revenue": 824994
        },
        "2016-01": {
            "month": "2016-01",
            "price": "38.50",
            "revenue": 712905
        },
        "2016-02": {
            "month": "2016-02",
            "price": "41.64",
            "revenue": 505964
        },
        "2016-03": {
            "month": "2016-03",
            "price": "46.06",
            "revenue": 660976
        },
        "2016-04": {
            "month": "2016-04",
            "price": "44.41",
            "revenue": 579381
        },
        "2016-05": {
            "month": "2016-05",
            "price": "42.28",
            "revenue": 683777
        },
        "2016-06": {
            "month": "2016-06",
            "price": "43.65",
            "revenue": 803426
        },
        "2016-07": {
            "month": "2016-07",
            "price": "40.53",
            "revenue": 713680
        },
        "2016-08": {
            "month": "2016-08",
            "price": "38.33",
            "revenue": 865098
        },
        "2016-09": {
            "month": "2016-09",
            "price": "37.24",
            "revenue": 623226
        },
        "2016-10": {
            "month": "2016-10",
            "price": "36.87",
            "revenue": 812031
        },
        "2016-11": {
            "month": "2016-11",
            "price": "36.58",
            "revenue": 844122
        },
        "2016-12": {
            "month": "2016-12",
            "price": "37.64",
            "revenue": 1048641
        },
        "2017-01": {
            "month": "2017-01",
            "price": "37.69",
            "revenue": 573153
        },
        "2017-02": {
            "month": "2017-02",
            "price": "39.75",
            "revenue": 561541
        },
        "2017-03": {
            "month": "2017-03",
            "price": "41.45",
            "revenue": 701694
        },
        "2017-04": {
            "month": "2017-04",
            "price": "43.96",
            "revenue": 603681
        },
        "2017-05": {
            "month": "2017-05",
            "price": "43.82",
            "revenue": 700801
        },
        "2017-06": {
            "month": "2017-06",
            "price": "44.26",
            "revenue": 650438
        },
        "2017-07": {
            "month": "2017-07",
            "price": "39.95",
            "revenue": 612218
        },
        "2017-08": {
            "month": "2017-08",
            "price": "38.60",
            "revenue": 600055
        },
        "2017-09": {
            "month": "2017-09",
            "price": "38.36",
            "revenue": 524169
        },
        "2017-10": {
            "month": "2017-10",
            "price": "39.39",
            "revenue": 609881
        },
        "2017-11": {
            "month": "2017-11",
            "price": "38.80",
            "revenue": 636059
        },
        "2017-12": {
            "month": "2017-12",
            "price": "37.75",
            "revenue": 763515
        },
        "2018-01": {
            "month": "2018-01",
            "price": "38.08",
            "revenue": 804362
        },
        "2018-02": {
            "month": "2018-02",
            "price": "37.55",
            "revenue": 396073
        },
        "2018-03": {
            "month": "2018-03",
            "price": "38.00",
            "revenue": 735482
        },
        "2018-04": {
            "month": "2018-04",
            "price": "38.04",
            "revenue": 699729
        },
        "2018-05": {
            "month": "2018-05",
            "price": "37.94",
            "revenue": 688816
        },
        "2018-06": {
            "month": "2018-06",
            "price": "38.59",
            "revenue": 775034
        },
        "2018-07": {
            "month": "2018-07",
            "price": "37.04",
            "revenue": 732094
        },
        "2018-08": {
            "month": "2018-08",
            "price": "36.61",
            "revenue": 829308
        },
        "2018-09": {
            "month": "2018-09",
            "price": "36.99",
            "revenue": 626068
        },
        "2018-10": {
            "month": "2018-10",
            "price": "37.28",
            "revenue": 785457
        },
        "2018-11": {
            "month": "2018-11",
            "price": "42.96",
            "revenue": 718037
        },
        "2018-12": {
            "month": "2018-12",
            "price": "49.69",
            "revenue": 856775
        },
        "2019-01": {
            "month": "2019-01",
            "price": "50.98",
            "revenue": 681668
        },
        "2019-02": {
            "month": "2019-02",
            "price": "55.45",
            "revenue": 476336
        },
        "2019-03": {
            "month": "2019-03",
            "price": "57.64",
            "revenue": 766115
        },
        "2019-04": {
            "month": "2019-04",
            "price": "58.56",
            "revenue": 858993
        },
        "2019-05": {
            "month": "2019-05",
            "price": "57.93",
            "revenue": 965954
        },
        "2019-06": {
            "month": "2019-06",
            "price": "58.87",
            "revenue": 923551
        },
        "2019-07": {
            "month": "2019-07",
            "price": "57.71",
            "revenue": 932791
        },
        "2019-08": {
            "month": "2019-08",
            "price": "54.38",
            "revenue": 1054901
        },
        "2019-09": {
            "month": "2019-09",
            "price": "55.21",
            "revenue": 1026608
        },
        "2019-10": {
            "month": "2019-10",
            "price": "57.32",
            "revenue": 1287603
        },
        "2019-11": {
            "month": "2019-11",
            "price": "59.51",
            "revenue": 1255875
        },
        "2019-12": {
            "month": "2019-12",
            "price": "60.63",
            "revenue": 1399236
        },
        "2020-01": {
            "month": "2020-01",
            "price": "63.71",
            "revenue": 762123
        },
        "2020-02": {
            "month": "2020-02",
            "price": "63.14",
            "revenue": 896053
        },
        "2020-03": {
            "month": "2020-03",
            "price": "56.87",
            "revenue": 1069945
        },
        "2020-04": {
            "month": "2020-04",
            "price": "59.74",
            "revenue": 925927
        },
        "2020-05": {
            "month": "2020-05",
            "price": "61.86",
            "revenue": 1002291
        },
        "2020-06": {
            "month": "2020-06",
            "price": "64.92",
            "revenue": 1013623
        },
        "2020-07": {
            "month": "2020-07",
            "price": "61.94",
            "revenue": 1101351
        },
        "2020-08": {
            "month": "2020-08",
            "price": "59.88",
            "revenue": 1192502
        },
        "2020-09": {
            "month": "2020-09",
            "price": "59.87",
            "revenue": 1419242
        },
        "2020-10": {
            "month": "2020-10",
            "price": "60.32",
            "revenue": 1437264
        },
        "2020-11": {
            "month": "2020-11",
            "price": "61.94",
            "revenue": 1716731
        },
        "2020-12": {
            "month": "2020-12",
            "price": "64.52",
            "revenue": 1905888
        },
        "2021-01": {
            "month": "2021-01",
            "price": "67.96",
            "revenue": 1862320
        },
        "2021-02": {
            "month": "2021-02",
            "price": "73.95",
            "revenue": 1173925
        },
        "2021-03": {
            "month": "2021-03",
            "price": "88.62",
            "revenue": 1591181
        },
        "2021-04": {
            "month": "2021-04",
            "price": "145.29",
            "revenue": 1897598
        },
        "2021-05": {
            "month": "2021-05",
            "price": "142.26",
            "revenue": 1848778
        },
        "2021-06": {
            "month": "2021-06",
            "price": "141.74",
            "revenue": 1777843
        },
        "2021-07": {
            "month": "2021-07",
            "price": "160.09",
            "revenue": 1644890
        },
        "2021-08": {
            "month": "2021-08",
            "price": "145.48",
            "revenue": 1839467
        },
        "2021-09": {
            "month": "2021-09",
            "price": "130.55",
            "revenue": 1609977
        },
        "2021-10": {
            "month": "2021-10",
            "price": "125.45",
            "revenue": 1541247
        },
        "2021-11": {
            "month": "2021-11",
            "price": "124.45",
            "revenue": 1907822
        },
        "2021-12": {
            "month": "2021-12",
            "price": "120.73",
            "revenue": 2555990
        },
        "2022-01": {
            "month": "2022-01",
            "price": "124.67",
            "revenue": 1716913
        },
        "2022-02": {
            "month": "2022-02",
            "price": "132.60",
            "revenue": 1347784
        },
        "2022-03": {
            "month": "2022-03",
            "price": "140.74",
            "revenue": 2064011
        },
        "2022-04": {
            "month": "2022-04",
            "price": "130.61",
            "revenue": 1856484
        },
        "2022-05": {
            "month": "2022-05",
            "price": "118.24",
            "revenue": 1827020
        },
        "2022-06": {
            "month": "2022-06",
            "price": "109.21",
            "revenue": 2520208
        },
        "2022-07": {
            "month": "2022-07",
            "price": "91.66",
            "revenue": 1894600
        },
        "2022-08": {
            "month": "2022-08",
            "price": "88.68",
            "revenue": 2146555
        },
        "2022-09": {
            "month": "2022-09",
            "price": "87.52",
            "revenue": 2240735
        },
        "2022-10": {
            "month": "2022-10",
            "price": "83.63",
            "revenue": 2086441
        },
        "2022-11": {
            "month": "2022-11",
            "price": "102.42",
            "revenue": 2207669
        },
        "2022-12": {
            "month": "2022-12",
            "price": "120.34",
            "revenue": 2640140
        },
        "2023-01": {
            "month": "2023-01",
            "price": "123.96",
            "revenue": 1322152
        },
        "2023-02": {
            "month": "2023-02",
            "price": "125.03",
            "revenue": 1545596
        },
        "2023-03": {
            "month": "2023-03",
            "price": "123.98",
            "revenue": 1946996
        },
        "2023-04": {
            "month": "2023-04",
            "price": "121.38",
            "revenue": 1731809
        },
        "2023-05": {
            "month": "2023-05",
            "price": "117.91",
            "revenue": 1879725
        },
        "2023-06": {
            "month": "2023-06",
            "price": "116.92",
            "revenue": 1989168
        },
        "2023-07": {
            "month": "2023-07",
            "price": "105.21",
            "revenue": 1853016
        },
        "2023-08": {
            "month": "2023-08",
            "price": "102.45",
            "revenue": 2012734
        },
        "2023-09": {
            "month": "2023-09",
            "price": "101.80",
            "revenue": 1938714
        },
        "2023-10": {
            "month": "2023-10",
            "price": "99.92",
            "revenue": 1757922
        },
        "2023-11": {
            "month": "2023-11",
            "price": "104.08",
            "revenue": 2094412
        }
    }
}
