{
    "summary": {
        "stock_name": "益航",
        "stock_id": "2601",
        "category": "貿易百貨",
        "main_business": "百貨零售業<br>經營國內外航運及有關之附屬業務、船舶及其零件批發業<br>設備及小客車租賃業、經營國內外投資業務住宅及大樓開發租售業務",
        "website_url": "http://www.firsteam.com.tw",
        "ceo": "郭人豪",
        "pe_ratio": -15,
        "report_year_from": 2001,
        "report_year_to": 2023,
        "age": 23,
        "eps_negative_percentage": 36,
        "eps_growth_avg": {
            "last_all": -27.18,
            "last_2y": -97.37,
            "last_4y": -48.68,
            "last_8y": -58.95,
            "last_12y": -57.59,
            "last_16y": -25.89,
            "last_20y": -27.18,
            "at_2006_last_3y": -34.95,
            "at_2007_last_3y": 10.03,
            "at_2008_last_3y": 76.7,
            "at_2009_last_3y": 43.17,
            "at_2010_last_3y": 37.52,
            "at_2011_last_3y": -0.85,
            "at_2012_last_3y": -28.97,
            "at_2013_last_3y": -39.62,
            "at_2014_last_3y": -55.33,
            "at_2015_last_3y": -56.25,
            "at_2016_last_3y": -100,
            "at_2017_last_3y": null,
            "at_2018_last_3y": -100,
            "at_2019_last_3y": 0,
            "at_2020_last_3y": -33.33,
            "at_2021_last_3y": -33.33,
            "at_2022_last_3y": -31.58,
            "at_2023_last_3y": -98.25,
            "at_2024_last_3y": -98.25,
            "at_2006_last_all": -34.95,
            "at_2007_last_all": 10.03,
            "at_2008_last_all": 32.52,
            "at_2009_last_all": 14.54,
            "at_2010_last_all": 13.37,
            "at_2011_last_all": 3.82,
            "at_2012_last_all": 1.78,
            "at_2013_last_all": -9.53,
            "at_2014_last_all": -9.53,
            "at_2015_last_all": -9.53,
            "at_2016_last_all": -9.53,
            "at_2017_last_all": -9.53,
            "at_2018_last_all": -18.58,
            "at_2019_last_all": -7.8,
            "at_2020_last_all": -15.48,
            "at_2021_last_all": -15.48,
            "at_2022_last_all": -21.58,
            "at_2023_last_all": -27.18,
            "at_2024_last_all": -27.18
        },
        "latest_eps": -0.56,
        "latest_price": 8.25,
        "latest_roe": -6.67,
        "latest_gross_margin": 64.58,
        "latest_equity": 13349835,
        "latest_revenue": 1243742,
        "latest_gross_profit": 803203,
        "latest_net_income": -312556,
        "latest_debt_ratio": 65.74,
        "latest_current_ratio": 71.56,
        "latest_account_receivable_turnover_ratio": 2.65,
        "latest_inventory_turnover_ratio": 0.22,
        "latest_reinvestment_rate": null,
        "latest_research_to_sale_ratio": null
    },
    "eps_dividends": {
        "1997": {
            "cash": 0,
            "stock": 0.5,
            "eps": 0
        },
        "1998": {
            "cash": 0,
            "stock": 0.6,
            "eps": 0
        },
        "2001": {
            "cash": 0,
            "stock": 0,
            "eps": 0
        },
        "2002": {
            "cash": 0,
            "stock": 0,
            "eps": -0.67
        },
        "2003": {
            "cash": 0,
            "stock": 0,
            "eps": 0.13
        },
        "2004": {
            "cash": 0,
            "stock": 0,
            "eps": -1.92
        },
        "2005": {
            "cash": 0,
            "stock": 0,
            "eps": 1.03
        },
        "2006": {
            "cash": 0,
            "stock": 0,
            "eps": 1.34
        },
        "2007": {
            "cash": 0,
            "stock": 0,
            "eps": 3.25
        },
        "2008": {
            "cash": 1,
            "stock": 0,
            "eps": 9.39
        },
        "2009": {
            "cash": 1.03,
            "stock": 1.03,
            "eps": 4
        },
        "2010": {
            "cash": 1.01,
            "stock": 0,
            "eps": 4.3
        },
        "2011": {
            "cash": 1.51,
            "stock": 0,
            "eps": 2
        },
        "2012": {
            "cash": 0,
            "stock": 0,
            "eps": 1.75
        },
        "2013": {
            "cash": 0.25,
            "stock": 0,
            "eps": -0.79
        },
        "2014": {
            "cash": 0,
            "stock": 0,
            "eps": -0.05
        },
        "2015": {
            "cash": 0.25,
            "stock": 0,
            "eps": -4.02
        },
        "2016": {
            "cash": 0,
            "stock": 0,
            "eps": -2.92
        },
        "2017": {
            "cash": 0,
            "stock": 0,
            "eps": 1.1
        },
        "2018": {
            "cash": 0,
            "stock": 0,
            "eps": 0
        },
        "2019": {
            "cash": 0.1,
            "stock": 0,
            "eps": 2.23
        },
        "2020": {
            "cash": 0.4,
            "stock": 0.9,
            "eps": -0.46
        },
        "2021": {
            "cash": 0,
            "stock": 0,
            "eps": 0.19
        },
        "2022": {
            "cash": 0,
            "stock": 0,
            "eps": 0.01
        },
        "2023": {
            "cash": 0,
            "stock": 0,
            "eps": -0.46
        }
    },
    "dividends": {
        "1997-05-03": {
            "cash": 0,
            "stock": 0.5
        },
        "1998-05-28": {
            "cash": 0,
            "stock": 0.6
        },
        "2008-04-28": {
            "cash": 1,
            "stock": 0
        },
        "2009-04-21": {
            "cash": 1.03,
            "stock": 1.03
        },
        "2010-04-27": {
            "cash": 1.01,
            "stock": 0
        },
        "2011-01-01": {
            "cash": 0.5,
            "stock": 0
        },
        "2011-04-26": {
            "cash": 1.01,
            "stock": 0
        },
        "2013-05-09": {
            "cash": 0.25,
            "stock": 0
        },
        "2015-10-08": {
            "cash": 0.25,
            "stock": 0
        },
        "2019-10-08": {
            "cash": 0.1,
            "stock": 0
        },
        "2020-11-30": {
            "cash": 0.4,
            "stock": 0.9
        }
    },
    "prices": {
        "200101": "3.18",
        "200102": "3.48",
        "200103": "3.26",
        "200104": "3.02",
        "200105": "2.73",
        "200106": "2.42",
        "200107": "1.95",
        "200108": "2.47",
        "200109": "2.16",
        "200110": "1.78",
        "200111": "1.83",
        "200112": "2.06",
        "200201": "2.94",
        "200202": "2.90",
        "200203": "3.02",
        "200204": "3.65",
        "200205": "3.50",
        "200206": "2.88",
        "200207": "2.36",
        "200208": "2.08",
        "200209": "1.75",
        "200210": "1.75",
        "200211": "無",
        "200212": "3.93",
        "200301": "6.04",
        "200302": "5.17",
        "200303": "4.62",
        "200304": "4.18",
        "200305": "3.54",
        "200306": "4.73",
        "200307": "5.34",
        "200308": "5.45",
        "200309": "5.35",
        "200310": "5.10",
        "200311": "5.62",
        "200312": "5.49",
        "200401": "6.47",
        "200402": "8.87",
        "200403": "10.50",
        "200404": "9.45",
        "200405": "10.27",
        "200406": "7.74",
        "200407": "7.17",
        "200408": "6.24",
        "200409": "6.66",
        "200410": "9.03",
        "200411": "8.88",
        "200412": "8.86",
        "200501": "8.83",
        "200502": "8.50",
        "200503": "7.85",
        "200504": "6.58",
        "200505": "6.12",
        "200506": "6.72",
        "200507": "6.41",
        "200508": "6.15",
        "200509": "5.51",
        "200510": "4.55",
        "200511": "4.15",
        "200512": "5.26",
        "200601": "5.25",
        "200602": "6.27",
        "200603": "6.50",
        "200604": "6.89",
        "200605": "11.10",
        "200606": "12.53",
        "200607": "12.43",
        "200608": "13.76",
        "200609": "14.91",
        "200610": "22.49",
        "200611": "23.62",
        "200612": "29.15",
        "200701": "34.18",
        "200702": "34.03",
        "200703": "33.46",
        "200704": "43.78",
        "200705": "44.79",
        "200706": "47.54",
        "200707": "59.29",
        "200708": "76.80",
        "200709": "79.46",
        "200710": "92.55",
        "200711": "71.65",
        "200712": "65.09",
        "200801": "63.58",
        "200802": "63.56",
        "200803": "68.39",
        "200804": "78.78",
        "200805": "79.44",
        "200806": "60.77",
        "200807": "58.46",
        "200808": "57.22",
        "200809": "48.41",
        "200810": "31.18",
        "200811": "31.76",
        "200812": "31.13",
        "200901": "32.72",
        "200902": "33.67",
        "200903": "38.32",
        "200904": "42.75",
        "200905": "46.08",
        "200906": "46.13",
        "200907": "47.19",
        "200908": "40.31",
        "200909": "38.54",
        "200910": "44.21",
        "200911": "46.56",
        "200912": "46.53",
        "201001": "51.35",
        "201002": "43.59",
        "201003": "48.84",
        "201004": "54.04",
        "201005": "51.07",
        "201006": "51.51",
        "201007": "53.68",
        "201008": "62.51",
        "201009": "68.04",
        "201010": "64.68",
        "201011": "65.89",
        "201012": "69.30",
        "201101": "64.88",
        "201102": "58.74",
        "201103": "64.11",
        "201104": "69.33",
        "201105": "65.25",
        "201106": "66.53",
        "201107": "71.13",
        "201108": "65.55",
        "201109": "57.02",
        "201110": "44.27",
        "201111": "46.41",
        "201112": "35.49",
        "201201": "35.71",
        "201202": "42.88",
        "201203": "45.12",
        "201204": "42.41",
        "201205": "42.92",
        "201206": "35.32",
        "201207": "31.81",
        "201208": "31.62",
        "201209": "30.92",
        "201210": "28.13",
        "201211": "23.63",
        "201212": "26.06",
        "201301": "24.56",
        "201302": "23.45",
        "201303": "22.75",
        "201304": "22.04",
        "201305": "21.47",
        "201306": "20.54",
        "201307": "19.85",
        "201308": "18.84",
        "201309": "20.14",
        "201310": "20.08",
        "201311": "19.97",
        "201312": "20.00",
        "201401": "19.50",
        "201402": "18.70",
        "201403": "18.18",
        "201404": "18.16",
        "201405": "19.22",
        "201406": "20.44",
        "201407": "20.52",
        "201408": "20.93",
        "201409": "21.99",
        "201410": "19.71",
        "201411": "18.42",
        "201412": "17.41",
        "201501": "17.72",
        "201502": "16.88",
        "201503": "16.77",
        "201504": "16.86",
        "201505": "15.31",
        "201506": "13.43",
        "201507": "12.04",
        "201508": "11.14",
        "201509": "10.82",
        "201510": "11.68",
        "201511": "10.29",
        "201512": "9.16",
        "201601": "8.69",
        "201602": "8.99",
        "201603": "9.27",
        "201604": "8.88",
        "201605": "7.92",
        "201606": "7.93",
        "201607": "8.03",
        "201608": "7.81",
        "201609": "7.75",
        "201610": "7.34",
        "201611": "7.41",
        "201612": "7.14",
        "201701": "7.14",
        "201702": "8.26",
        "201703": "8.53",
        "201704": "7.84",
        "201705": "8.37",
        "201706": "9.68",
        "201707": "9.90",
        "201708": "9.22",
        "201709": "8.73",
        "201710": "8.05",
        "201711": "7.97",
        "201712": "8.91",
        "201801": "8.83",
        "201802": "8.33",
        "201803": "8.53",
        "201804": "9.85",
        "201805": "12.87",
        "201806": "12.87",
        "201807": "11.94",
        "201808": "10.97",
        "201809": "10.22",
        "201810": "10.82",
        "201811": "10.64",
        "201812": "11.24",
        "201901": "10.74",
        "201902": "11.91",
        "201903": "12.54",
        "201904": "12.35",
        "201905": "11.44",
        "201906": "12.09",
        "201907": "12.54",
        "201908": "12.14",
        "201909": "12.42",
        "201910": "11.84",
        "201911": "11.16",
        "201912": "11.07",
        "202001": "11.00",
        "202002": "9.50",
        "202003": "8.37",
        "202004": "9.36",
        "202005": "9.74",
        "202006": "9.87",
        "202007": "9.80",
        "202008": "9.86",
        "202009": "9.95",
        "202010": "9.92",
        "202011": "9.17",
        "202012": "10.52",
        "202101": "9.96",
        "202102": "9.67",
        "202103": "10.58",
        "202104": "12.95",
        "202105": "13.18",
        "202106": "17.15",
        "202107": "20.48",
        "202108": "16.45",
        "202109": "15.32",
        "202110": "13.21",
        "202111": "13.03",
        "202112": "13.19",
        "202201": "12.06",
        "202202": "12.37",
        "202203": "12.13",
        "202204": "11.11",
        "202205": "10.64",
        "202206": "10.05",
        "202207": "9.45",
        "202208": "9.48",
        "202209": "9.01",
        "202210": "8.22",
        "202211": "8.29",
        "202212": "8.89",
        "202301": "8.58",
        "202302": "8.65",
        "202303": "9.57",
        "202304": "9.20",
        "202305": "9.02",
        "202306": "9.05",
        "202307": "8.70",
        "202308": "8.54",
        "202309": "8.45",
        "202310": "8.23",
        "202311": "8.19",
        "202312": "8.99"
    },
    "quarters": {
        "20011": {
            "year_quarter": 20011,
            "year": 2001,
            "quarter": 1,
            "eps": null,
            "eps_growth_year": null,
            "eps_4q": null,
            "eps_4q_growth_year": null,
            "roe": null,
            "roe_4q": 0,
            "gross_profit": null,
            "gross_margin": null,
            "gross_margin_4q_avg": 0,
            "net_income": null,
            "net_income_4q": null,
            "revenue": null,
            "revenue_4q": null,
            "common_shares": null,
            "book_valuer_per_share": null,
            "book_valuer_per_share_4q_avg": 0,
            "equity": null,
            "current_ratio": null,
            "debt_ratio": null,
            "inventory_turnover_ratio": null,
            "account_receivable_turnover_ratio": null,
            "reinvestment_rate": null,
            "research_to_sale_ratio": null,
            "price_fair": 0,
            "eps_avg_yearly": 0,
            "eps_latest_yearly": 0,
            "eps_growth_yearly": 0
        },
        "20012": {
            "year_quarter": 20012,
            "year": 2001,
            "quarter": 2,
            "eps": null,
            "eps_growth_year": null,
            "eps_4q": null,
            "eps_4q_growth_year": null,
            "roe": null,
            "roe_4q": 0,
            "gross_profit": null,
            "gross_margin": null,
            "gross_margin_4q_avg": 0,
            "net_income": null,
            "net_income_4q": null,
            "revenue": null,
            "revenue_4q": null,
            "common_shares": null,
            "book_valuer_per_share": null,
            "book_valuer_per_share_4q_avg": 0,
            "equity": null,
            "current_ratio": null,
            "debt_ratio": null,
            "inventory_turnover_ratio": null,
            "account_receivable_turnover_ratio": null,
            "reinvestment_rate": null,
            "research_to_sale_ratio": null,
            "price_fair": 0,
            "eps_avg_yearly": 0,
            "eps_latest_yearly": 0,
            "eps_growth_yearly": 0
        },
        "20013": {
            "year_quarter": 20013,
            "year": 2001,
            "quarter": 3,
            "eps": null,
            "eps_growth_year": null,
            "eps_4q": null,
            "eps_4q_growth_year": null,
            "roe": null,
            "roe_4q": 0,
            "gross_profit": null,
            "gross_margin": null,
            "gross_margin_4q_avg": 0,
            "net_income": null,
            "net_income_4q": null,
            "revenue": null,
            "revenue_4q": null,
            "common_shares": null,
            "book_valuer_per_share": null,
            "book_valuer_per_share_4q_avg": 0,
            "equity": null,
            "current_ratio": null,
            "debt_ratio": null,
            "inventory_turnover_ratio": null,
            "account_receivable_turnover_ratio": null,
            "reinvestment_rate": null,
            "research_to_sale_ratio": null,
            "price_fair": 0,
            "eps_avg_yearly": 0,
            "eps_latest_yearly": 0,
            "eps_growth_yearly": 0
        },
        "20014": {
            "year_quarter": 20014,
            "year": 2001,
            "quarter": 4,
            "eps": null,
            "eps_growth_year": null,
            "eps_4q": null,
            "eps_4q_growth_year": null,
            "roe": null,
            "roe_4q": 0,
            "gross_profit": null,
            "gross_margin": null,
            "gross_margin_4q_avg": 0,
            "net_income": null,
            "net_income_4q": null,
            "revenue": null,
            "revenue_4q": null,
            "common_shares": 4416225,
            "book_valuer_per_share": 5.85,
            "book_valuer_per_share_4q_avg": 1.46,
            "equity": 2583112,
            "current_ratio": 41.42,
            "debt_ratio": 47.92,
            "inventory_turnover_ratio": null,
            "account_receivable_turnover_ratio": null,
            "reinvestment_rate": null,
            "research_to_sale_ratio": null,
            "price_fair": 0,
            "eps_avg_yearly": 0,
            "eps_latest_yearly": 0,
            "eps_growth_yearly": 0
        },
        "20021": {
            "year_quarter": 20021,
            "year": 2002,
            "quarter": 1,
            "eps": 0.02,
            "eps_growth_year": null,
            "eps_4q": null,
            "eps_4q_growth_year": null,
            "roe": 0.27,
            "roe_4q": 0.27,
            "gross_profit": 11774,
            "gross_margin": 20.76,
            "gross_margin_4q_avg": 5.19,
            "net_income": 6768,
            "net_income_4q": null,
            "revenue": 56719,
            "revenue_4q": null,
            "common_shares": 4416225,
            "book_valuer_per_share": 5.66,
            "book_valuer_per_share_4q_avg": 2.88,
            "equity": 2500631,
            "current_ratio": 239.07,
            "debt_ratio": 22.21,
            "inventory_turnover_ratio": null,
            "account_receivable_turnover_ratio": null,
            "reinvestment_rate": null,
            "research_to_sale_ratio": null,
            "price_fair": 0,
            "eps_avg_yearly": 0,
            "eps_latest_yearly": 0,
            "eps_growth_yearly": 0
        },
        "20022": {
            "year_quarter": 20022,
            "year": 2002,
            "quarter": 2,
            "eps": -0.01,
            "eps_growth_year": null,
            "eps_4q": null,
            "eps_4q_growth_year": null,
            "roe": -0.21,
            "roe_4q": 0.060000000000000026,
            "gross_profit": 17622,
            "gross_margin": 34.35,
            "gross_margin_4q_avg": 13.78,
            "net_income": -5270,
            "net_income_4q": null,
            "revenue": 51300,
            "revenue_4q": null,
            "common_shares": 4416225,
            "book_valuer_per_share": 5.48,
            "book_valuer_per_share_4q_avg": 4.25,
            "equity": 2420705,
            "current_ratio": 33.33,
            "debt_ratio": 25.63,
            "inventory_turnover_ratio": null,
            "account_receivable_turnover_ratio": null,
            "reinvestment_rate": null,
            "research_to_sale_ratio": null,
            "price_fair": 0,
            "eps_avg_yearly": 0,
            "eps_latest_yearly": 0,
            "eps_growth_yearly": 0
        },
        "20023": {
            "year_quarter": 20023,
            "year": 2002,
            "quarter": 3,
            "eps": -0.39,
            "eps_growth_year": null,
            "eps_4q": null,
            "eps_4q_growth_year": null,
            "roe": -3.24,
            "roe_4q": -3.18,
            "gross_profit": 4507,
            "gross_margin": 8.73,
            "gross_margin_4q_avg": 15.96,
            "net_income": -78423,
            "net_income_4q": null,
            "revenue": 51615,
            "revenue_4q": null,
            "common_shares": 2119933,
            "book_valuer_per_share": 11.4,
            "book_valuer_per_share_4q_avg": 7.1,
            "equity": 2417682,
            "current_ratio": 25.87,
            "debt_ratio": 24.82,
            "inventory_turnover_ratio": null,
            "account_receivable_turnover_ratio": null,
            "reinvestment_rate": null,
            "research_to_sale_ratio": null,
            "price_fair": 0,
            "eps_avg_yearly": 0,
            "eps_latest_yearly": 0,
            "eps_growth_yearly": 0
        },
        "20024": {
            "year_quarter": 20024,
            "year": 2002,
            "quarter": 4,
            "eps": -0.29,
            "eps_growth_year": null,
            "eps_4q": -0.67,
            "eps_4q_growth_year": null,
            "roe": -2.45,
            "roe_4q": -5.630000000000001,
            "gross_profit": -601,
            "gross_margin": -1.49,
            "gross_margin_4q_avg": 15.59,
            "net_income": -58579,
            "net_income_4q": null,
            "revenue": 40348,
            "revenue_4q": null,
            "common_shares": 2119933,
            "book_valuer_per_share": 11.11,
            "book_valuer_per_share_4q_avg": 8.41,
            "equity": 2356090,
            "current_ratio": 29.26,
            "debt_ratio": 39.7,
            "inventory_turnover_ratio": null,
            "account_receivable_turnover_ratio": null,
            "reinvestment_rate": null,
            "research_to_sale_ratio": null,
            "price_fair": 0,
            "eps_avg_yearly": 0,
            "eps_latest_yearly": 0,
            "eps_growth_yearly": 0
        },
        "20031": {
            "year_quarter": 20031,
            "year": 2003,
            "quarter": 1,
            "eps": 0.03,
            "eps_growth_year": 50,
            "eps_4q": -0.6,
            "eps_4q_growth_year": null,
            "roe": 0.26,
            "roe_4q": -5.640000000000001,
            "gross_profit": 7124,
            "gross_margin": 26.9,
            "gross_margin_4q_avg": 17.12,
            "net_income": 6800,
            "net_income_4q": null,
            "revenue": 26483,
            "revenue_4q": null,
            "common_shares": 3705648,
            "book_valuer_per_share": 7.59,
            "book_valuer_per_share_4q_avg": 8.9,
            "equity": 2811183,
            "current_ratio": 57.01,
            "debt_ratio": 21.1,
            "inventory_turnover_ratio": null,
            "account_receivable_turnover_ratio": null,
            "reinvestment_rate": null,
            "research_to_sale_ratio": null,
            "price_fair": 0,
            "eps_avg_yearly": 0,
            "eps_latest_yearly": 0,
            "eps_growth_yearly": 0
        },
        "20032": {
            "year_quarter": 20032,
            "year": 2003,
            "quarter": 2,
            "eps": 0.03,
            "eps_growth_year": null,
            "eps_4q": -0.4,
            "eps_4q_growth_year": null,
            "roe": 0.32,
            "roe_4q": -5.11,
            "gross_profit": 4572,
            "gross_margin": 17.15,
            "gross_margin_4q_avg": 12.82,
            "net_income": 9089,
            "net_income_4q": null,
            "revenue": 26652,
            "revenue_4q": null,
            "common_shares": 3705647,
            "book_valuer_per_share": 7.6,
            "book_valuer_per_share_4q_avg": 9.43,
            "equity": 2815316,
            "current_ratio": 48.03,
            "debt_ratio": 19.37,
            "inventory_turnover_ratio": null,
            "account_receivable_turnover_ratio": null,
            "reinvestment_rate": null,
            "research_to_sale_ratio": null,
            "price_fair": 1.2,
            "eps_avg_yearly": 0.12,
            "eps_latest_yearly": 0.12,
            "eps_growth_yearly": 0
        },
        "20033": {
            "year_quarter": 20033,
            "year": 2003,
            "quarter": 3,
            "eps": 0.04,
            "eps_growth_year": null,
            "eps_4q": -0.08,
            "eps_4q_growth_year": null,
            "roe": 0.49,
            "roe_4q": -1.3800000000000001,
            "gross_profit": 7549,
            "gross_margin": 26.18,
            "gross_margin_4q_avg": 17.19,
            "net_income": 13761,
            "net_income_4q": null,
            "revenue": 28836,
            "revenue_4q": null,
            "common_shares": 3705647,
            "book_valuer_per_share": 7.5,
            "book_valuer_per_share_4q_avg": 8.45,
            "equity": 2777715,
            "current_ratio": 49.44,
            "debt_ratio": 19.24,
            "inventory_turnover_ratio": null,
            "account_receivable_turnover_ratio": null,
            "reinvestment_rate": null,
            "research_to_sale_ratio": null,
            "price_fair": 4.9,
            "eps_avg_yearly": 0.14,
            "eps_latest_yearly": 0.16,
            "eps_growth_yearly": 66.67
        },
        "20034": {
            "year_quarter": 20034,
            "year": 2003,
            "quarter": 4,
            "eps": 0.03,
            "eps_growth_year": null,
            "eps_4q": 0.11,
            "eps_4q_growth_year": null,
            "roe": 0.39,
            "roe_4q": 1.46,
            "gross_profit": 42255,
            "gross_margin": 71.88,
            "gross_margin_4q_avg": 35.53,
            "net_income": 10840,
            "net_income_4q": null,
            "revenue": 58783,
            "revenue_4q": null,
            "common_shares": 3705648,
            "book_valuer_per_share": 7.54,
            "book_valuer_per_share_4q_avg": 7.56,
            "equity": 2797666,
            "current_ratio": 64.27,
            "debt_ratio": 32.22,
            "inventory_turnover_ratio": null,
            "account_receivable_turnover_ratio": null,
            "reinvestment_rate": null,
            "research_to_sale_ratio": null,
            "price_fair": 2.81,
            "eps_avg_yearly": 0.13,
            "eps_latest_yearly": 0.12,
            "eps_growth_yearly": 11.11
        },
        "20041": {
            "year_quarter": 20041,
            "year": 2004,
            "quarter": 1,
            "eps": 0.08,
            "eps_growth_year": 166.67,
            "eps_4q": 0.21,
            "eps_4q_growth_year": null,
            "roe": 0.72,
            "roe_4q": 1.92,
            "gross_profit": 12433,
            "gross_margin": 38.17,
            "gross_margin_4q_avg": 38.35,
            "net_income": 20166,
            "net_income_4q": null,
            "revenue": 32569,
            "revenue_4q": null,
            "common_shares": 2441880,
            "book_valuer_per_share": 11.33,
            "book_valuer_per_share_4q_avg": 8.49,
            "equity": 2766751,
            "current_ratio": 47.93,
            "debt_ratio": 19.93,
            "inventory_turnover_ratio": null,
            "account_receivable_turnover_ratio": null,
            "reinvestment_rate": null,
            "research_to_sale_ratio": null,
            "price_fair": 6.3,
            "eps_avg_yearly": 0.18,
            "eps_latest_yearly": 0.32,
            "eps_growth_yearly": 175
        },
        "20042": {
            "year_quarter": 20042,
            "year": 2004,
            "quarter": 2,
            "eps": -0.88,
            "eps_growth_year": -3033.33,
            "eps_4q": -0.68,
            "eps_4q_growth_year": null,
            "roe": -7.92,
            "roe_4q": -6.32,
            "gross_profit": 13284,
            "gross_margin": 40.36,
            "gross_margin_4q_avg": 44.15,
            "net_income": -211868,
            "net_income_4q": null,
            "revenue": 32917,
            "revenue_4q": null,
            "common_shares": 2441880,
            "book_valuer_per_share": 10.58,
            "book_valuer_per_share_4q_avg": 9.24,
            "equity": 2584612,
            "current_ratio": 55.61,
            "debt_ratio": 22.5,
            "inventory_turnover_ratio": null,
            "account_receivable_turnover_ratio": null,
            "reinvestment_rate": null,
            "research_to_sale_ratio": null,
            "price_fair": 6.3,
            "eps_avg_yearly": 0.18,
            "eps_latest_yearly": 0.32,
            "eps_growth_yearly": 175
        },
        "20043": {
            "year_quarter": 20043,
            "year": 2004,
            "quarter": 3,
            "eps": -0.01,
            "eps_growth_year": -125,
            "eps_4q": -0.75,
            "eps_4q_growth_year": null,
            "roe": -0.12,
            "roe_4q": -6.93,
            "gross_profit": 12070,
            "gross_margin": 35.86,
            "gross_margin_4q_avg": 46.57,
            "net_income": -3073,
            "net_income_4q": null,
            "revenue": 33654,
            "revenue_4q": null,
            "common_shares": 2441880,
            "book_valuer_per_share": 10.62,
            "book_valuer_per_share_4q_avg": 10.02,
            "equity": 2594184,
            "current_ratio": 59.68,
            "debt_ratio": 22.51,
            "inventory_turnover_ratio": null,
            "account_receivable_turnover_ratio": null,
            "reinvestment_rate": null,
            "research_to_sale_ratio": null,
            "price_fair": 6.3,
            "eps_avg_yearly": 0.18,
            "eps_latest_yearly": 0.32,
            "eps_growth_yearly": 175
        },
        "20044": {
            "year_quarter": 20044,
            "year": 2004,
            "quarter": 4,
            "eps": -1.11,
            "eps_growth_year": -3800,
            "eps_4q": -1.92,
            "eps_4q_growth_year": -1813.36,
            "roe": -11.23,
            "roe_4q": -18.55,
            "gross_profit": 7136,
            "gross_margin": 22.89,
            "gross_margin_4q_avg": 34.32,
            "net_income": -268804,
            "net_income_4q": null,
            "revenue": 31177,
            "revenue_4q": null,
            "common_shares": 2441880,
            "book_valuer_per_share": 8.98,
            "book_valuer_per_share_4q_avg": 10.38,
            "equity": 2194682,
            "current_ratio": 204.64,
            "debt_ratio": 24.92,
            "inventory_turnover_ratio": null,
            "account_receivable_turnover_ratio": null,
            "reinvestment_rate": null,
            "research_to_sale_ratio": null,
            "price_fair": 6.3,
            "eps_avg_yearly": 0.18,
            "eps_latest_yearly": 0.32,
            "eps_growth_yearly": 175
        },
        "20051": {
            "year_quarter": 20051,
            "year": 2005,
            "quarter": 1,
            "eps": 0.03,
            "eps_growth_year": -62.5,
            "eps_4q": -1.78,
            "eps_4q_growth_year": -934.5,
            "roe": 0.37,
            "roe_4q": -18.9,
            "gross_profit": -5577,
            "gross_margin": -30.94,
            "gross_margin_4q_avg": 17.04,
            "net_income": 8005,
            "net_income_4q": null,
            "revenue": 18028,
            "revenue_4q": null,
            "common_shares": 2441880,
            "book_valuer_per_share": 8.97,
            "book_valuer_per_share_4q_avg": 9.79,
            "equity": 2190577,
            "current_ratio": 50.53,
            "debt_ratio": 24.49,
            "inventory_turnover_ratio": null,
            "account_receivable_turnover_ratio": null,
            "reinvestment_rate": null,
            "research_to_sale_ratio": null,
            "price_fair": 6.3,
            "eps_avg_yearly": 0.18,
            "eps_latest_yearly": 0.32,
            "eps_growth_yearly": 175
        },
        "20052": {
            "year_quarter": 20052,
            "year": 2005,
            "quarter": 2,
            "eps": 0,
            "eps_growth_year": null,
            "eps_4q": -1.08,
            "eps_4q_growth_year": null,
            "roe": 0.03,
            "roe_4q": -10.95,
            "gross_profit": 4444,
            "gross_margin": 15.11,
            "gross_margin_4q_avg": 10.73,
            "net_income": 562,
            "net_income_4q": null,
            "revenue": 29407,
            "revenue_4q": null,
            "common_shares": 2441880,
            "book_valuer_per_share": 9,
            "book_valuer_per_share_4q_avg": 9.39,
            "equity": 2198691,
            "current_ratio": 26.35,
            "debt_ratio": 24.62,
            "inventory_turnover_ratio": null,
            "account_receivable_turnover_ratio": null,
            "reinvestment_rate": null,
            "research_to_sale_ratio": null,
            "price_fair": 6.3,
            "eps_avg_yearly": 0.18,
            "eps_latest_yearly": 0.32,
            "eps_growth_yearly": 175
        },
        "20053": {
            "year_quarter": 20053,
            "year": 2005,
            "quarter": 3,
            "eps": 0.03,
            "eps_growth_year": null,
            "eps_4q": -1,
            "eps_4q_growth_year": null,
            "roe": 0.34,
            "roe_4q": -10.49,
            "gross_profit": 4313,
            "gross_margin": 15.06,
            "gross_margin_4q_avg": 5.53,
            "net_income": 7575,
            "net_income_4q": null,
            "revenue": 28639,
            "revenue_4q": null,
            "common_shares": 2441880,
            "book_valuer_per_share": 9.41,
            "book_valuer_per_share_4q_avg": 9.09,
            "equity": 2297480,
            "current_ratio": 27.06,
            "debt_ratio": 24.76,
            "inventory_turnover_ratio": null,
            "account_receivable_turnover_ratio": null,
            "reinvestment_rate": null,
            "research_to_sale_ratio": null,
            "price_fair": 6.3,
            "eps_avg_yearly": 0.18,
            "eps_latest_yearly": 0.32,
            "eps_growth_yearly": 175
        },
        "20054": {
            "year_quarter": 20054,
            "year": 2005,
            "quarter": 4,
            "eps": 0.97,
            "eps_growth_year": null,
            "eps_4q": 1.04,
            "eps_4q_growth_year": null,
            "roe": 9.76,
            "roe_4q": 10.499999999999998,
            "gross_profit": 41423,
            "gross_margin": 61.59,
            "gross_margin_4q_avg": 15.21,
            "net_income": 234615,
            "net_income_4q": null,
            "revenue": 67253,
            "revenue_4q": null,
            "common_shares": 2441880,
            "book_valuer_per_share": 10.26,
            "book_valuer_per_share_4q_avg": 9.41,
            "equity": 2508178,
            "current_ratio": 261.28,
            "debt_ratio": 23.47,
            "inventory_turnover_ratio": null,
            "account_receivable_turnover_ratio": null,
            "reinvestment_rate": null,
            "research_to_sale_ratio": null,
            "price_fair": 32.2,
            "eps_avg_yearly": 0.92,
            "eps_latest_yearly": 3.88,
            "eps_growth_yearly": 2646.67
        },
        "20061": {
            "year_quarter": 20061,
            "year": 2006,
            "quarter": 1,
            "eps": 0.24,
            "eps_growth_year": 700,
            "eps_4q": 1.23,
            "eps_4q_growth_year": null,
            "roe": 2.32,
            "roe_4q": 12.45,
            "gross_profit": 26392,
            "gross_margin": 89.52,
            "gross_margin_4q_avg": 45.32,
            "net_income": 58617,
            "net_income_4q": null,
            "revenue": 29481,
            "revenue_4q": null,
            "common_shares": 2441880,
            "book_valuer_per_share": 10.4,
            "book_valuer_per_share_4q_avg": 9.77,
            "equity": 2540582,
            "current_ratio": 72.24,
            "debt_ratio": 31.41,
            "inventory_turnover_ratio": null,
            "account_receivable_turnover_ratio": null,
            "reinvestment_rate": null,
            "research_to_sale_ratio": null,
            "price_fair": 32.43,
            "eps_avg_yearly": 0.93,
            "eps_latest_yearly": 0.96,
            "eps_growth_yearly": 2155.38
        },
        "20062": {
            "year_quarter": 20062,
            "year": 2006,
            "quarter": 2,
            "eps": 0.31,
            "eps_growth_year": null,
            "eps_4q": 1.57,
            "eps_4q_growth_year": null,
            "roe": 2.85,
            "roe_4q": 15.27,
            "gross_profit": 34130,
            "gross_margin": 61.61,
            "gross_margin_4q_avg": 56.95,
            "net_income": 74016,
            "net_income_4q": null,
            "revenue": 55398,
            "revenue_4q": null,
            "common_shares": 2441880,
            "book_valuer_per_share": 10.84,
            "book_valuer_per_share_4q_avg": 10.23,
            "equity": 2645916,
            "current_ratio": 98.71,
            "debt_ratio": 34.4,
            "inventory_turnover_ratio": null,
            "account_receivable_turnover_ratio": null,
            "reinvestment_rate": null,
            "research_to_sale_ratio": null,
            "price_fair": 34,
            "eps_avg_yearly": 0.97,
            "eps_latest_yearly": 1.24,
            "eps_growth_yearly": 1864.14
        },
        "20063": {
            "year_quarter": 20063,
            "year": 2006,
            "quarter": 3,
            "eps": 0.28,
            "eps_growth_year": 833.33,
            "eps_4q": 1.79,
            "eps_4q_growth_year": null,
            "roe": 2.51,
            "roe_4q": 17.439999999999998,
            "gross_profit": 37671,
            "gross_margin": 64.9,
            "gross_margin_4q_avg": 69.41,
            "net_income": 68017,
            "net_income_4q": null,
            "revenue": 58045,
            "revenue_4q": null,
            "common_shares": 2441880,
            "book_valuer_per_share": 11.39,
            "book_valuer_per_share_4q_avg": 10.72,
            "equity": 2780495,
            "current_ratio": 104.08,
            "debt_ratio": 29.41,
            "inventory_turnover_ratio": null,
            "account_receivable_turnover_ratio": null,
            "reinvestment_rate": null,
            "research_to_sale_ratio": null,
            "price_fair": 34.65,
            "eps_avg_yearly": 0.99,
            "eps_latest_yearly": 1.12,
            "eps_growth_yearly": 1626.28
        },
        "20064": {
            "year_quarter": 20064,
            "year": 2006,
            "quarter": 4,
            "eps": 0.51,
            "eps_growth_year": -47.42,
            "eps_4q": 1.33,
            "eps_4q_growth_year": 28.16,
            "roe": 4.12,
            "roe_4q": 11.8,
            "gross_profit": 31386,
            "gross_margin": 55.36,
            "gross_margin_4q_avg": 67.85,
            "net_income": 125000,
            "net_income_4q": null,
            "revenue": 56698,
            "revenue_4q": null,
            "common_shares": 2441880,
            "book_valuer_per_share": 11.77,
            "book_valuer_per_share_4q_avg": 11.1,
            "equity": 3289959,
            "current_ratio": 64.83,
            "debt_ratio": 59.09,
            "inventory_turnover_ratio": 1.08,
            "account_receivable_turnover_ratio": null,
            "reinvestment_rate": 1793.88,
            "research_to_sale_ratio": null,
            "price_fair": 38.73,
            "eps_avg_yearly": 1.11,
            "eps_latest_yearly": 2.04,
            "eps_growth_yearly": 1482.09
        },
        "20071": {
            "year_quarter": 20071,
            "year": 2007,
            "quarter": 1,
            "eps": 0.62,
            "eps_growth_year": 158.33,
            "eps_4q": 1.72,
            "eps_4q_growth_year": 39.09,
            "roe": 4.78,
            "roe_4q": 14.26,
            "gross_profit": 38278,
            "gross_margin": 60.12,
            "gross_margin_4q_avg": 60.5,
            "net_income": 151025,
            "net_income_4q": null,
            "revenue": 63666,
            "revenue_4q": null,
            "common_shares": 2441880,
            "book_valuer_per_share": 12.4,
            "book_valuer_per_share_4q_avg": 11.6,
            "equity": 3027058,
            "current_ratio": 68.09,
            "debt_ratio": 27.83,
            "inventory_turnover_ratio": 1.09,
            "account_receivable_turnover_ratio": null,
            "reinvestment_rate": 66.38,
            "research_to_sale_ratio": null,
            "price_fair": 43.54,
            "eps_avg_yearly": 1.24,
            "eps_latest_yearly": 2.48,
            "eps_growth_yearly": 1342.51
        },
        "20072": {
            "year_quarter": 20072,
            "year": 2007,
            "quarter": 2,
            "eps": 0.64,
            "eps_growth_year": 106.45,
            "eps_4q": 2.04,
            "eps_4q_growth_year": 30.1,
            "roe": 5.06,
            "roe_4q": 16.47,
            "gross_profit": 54256,
            "gross_margin": 72.47,
            "gross_margin_4q_avg": 63.21,
            "net_income": 157003,
            "net_income_4q": null,
            "revenue": 74866,
            "revenue_4q": null,
            "common_shares": 2441880,
            "book_valuer_per_share": 13.02,
            "book_valuer_per_share_4q_avg": 12.15,
            "equity": 3179566,
            "current_ratio": 65.32,
            "debt_ratio": 26.52,
            "inventory_turnover_ratio": null,
            "account_receivable_turnover_ratio": null,
            "reinvestment_rate": 47.74,
            "research_to_sale_ratio": null,
            "price_fair": 52.08,
            "eps_avg_yearly": 1.49,
            "eps_latest_yearly": 2.56,
            "eps_growth_yearly": 1343.8
        },
        "20073": {
            "year_quarter": 20073,
            "year": 2007,
            "quarter": 3,
            "eps": 0.55,
            "eps_growth_year": 96.43,
            "eps_4q": 2.32,
            "eps_4q_growth_year": 29.65,
            "roe": 4.14,
            "roe_4q": 18.1,
            "gross_profit": 51678,
            "gross_margin": 68.67,
            "gross_margin_4q_avg": 64.16,
            "net_income": 134317,
            "net_income_4q": null,
            "revenue": 75253,
            "revenue_4q": null,
            "common_shares": 2441880,
            "book_valuer_per_share": 13.54,
            "book_valuer_per_share_4q_avg": 12.68,
            "equity": 3307312,
            "current_ratio": 67.35,
            "debt_ratio": 24.74,
            "inventory_turnover_ratio": null,
            "account_receivable_turnover_ratio": null,
            "reinvestment_rate": 37.29,
            "research_to_sale_ratio": null,
            "price_fair": 59.22,
            "eps_avg_yearly": 1.69,
            "eps_latest_yearly": 2.2,
            "eps_growth_yearly": 1324.84
        },
        "20074": {
            "year_quarter": 20074,
            "year": 2007,
            "quarter": 4,
            "eps": 1.44,
            "eps_growth_year": 182.35,
            "eps_4q": 3.25,
            "eps_4q_growth_year": 144.44,
            "roe": 8.89,
            "roe_4q": 22.87,
            "gross_profit": 56241,
            "gross_margin": 67.84,
            "gross_margin_4q_avg": 67.28,
            "net_income": 352363,
            "net_income_4q": null,
            "revenue": 82901,
            "revenue_4q": null,
            "common_shares": 2441880,
            "book_valuer_per_share": 14.94,
            "book_valuer_per_share_4q_avg": 13.48,
            "equity": 4616103,
            "current_ratio": 75.72,
            "debt_ratio": 63.76,
            "inventory_turnover_ratio": 0.78,
            "account_receivable_turnover_ratio": null,
            "reinvestment_rate": 608.23,
            "research_to_sale_ratio": null,
            "price_fair": 78.96,
            "eps_avg_yearly": 2.26,
            "eps_latest_yearly": 5.76,
            "eps_growth_yearly": 1399.57
        },
        "20081": {
            "year_quarter": 20081,
            "year": 2008,
            "quarter": 1,
            "eps": 2.1,
            "eps_growth_year": 238.71,
            "eps_4q": 4.03,
            "eps_4q_growth_year": 135,
            "roe": 12.51,
            "roe_4q": 30.599999999999998,
            "gross_profit": 1154152,
            "gross_margin": 31.12,
            "gross_margin_4q_avg": 60.03,
            "net_income": 600858,
            "net_income_4q": null,
            "revenue": 3708312,
            "revenue_4q": null,
            "common_shares": 2441880,
            "book_valuer_per_share": 15.8,
            "book_valuer_per_share_4q_avg": 14.33,
            "equity": 4986216,
            "current_ratio": 82.53,
            "debt_ratio": 59.36,
            "inventory_turnover_ratio": 35.13,
            "account_receivable_turnover_ratio": null,
            "reinvestment_rate": 412.35,
            "research_to_sale_ratio": null,
            "price_fair": 107.24,
            "eps_avg_yearly": 3.06,
            "eps_latest_yearly": 8.4,
            "eps_growth_yearly": 1351.24
        },
        "20082": {
            "year_quarter": 20082,
            "year": 2008,
            "quarter": 2,
            "eps": 2.33,
            "eps_growth_year": 264.06,
            "eps_4q": 5.47,
            "eps_4q_growth_year": 167.62,
            "roe": 13,
            "roe_4q": 38.54,
            "gross_profit": 980984,
            "gross_margin": 29.35,
            "gross_margin_4q_avg": 49.25,
            "net_income": 666024,
            "net_income_4q": null,
            "revenue": 3342544,
            "revenue_4q": null,
            "common_shares": 2441880,
            "book_valuer_per_share": 16.89,
            "book_valuer_per_share_4q_avg": 15.29,
            "equity": 5261734,
            "current_ratio": 80.56,
            "debt_ratio": 58.3,
            "inventory_turnover_ratio": 30.03,
            "account_receivable_turnover_ratio": null,
            "reinvestment_rate": 264.09,
            "research_to_sale_ratio": null,
            "price_fair": 127.15,
            "eps_avg_yearly": 3.63,
            "eps_latest_yearly": 9.32,
            "eps_growth_yearly": 1232.38
        },
        "20083": {
            "year_quarter": 20083,
            "year": 2008,
            "quarter": 3,
            "eps": 2.28,
            "eps_growth_year": 314.55,
            "eps_4q": 7.55,
            "eps_4q_growth_year": 225.2,
            "roe": 10.64,
            "roe_4q": 45.04,
            "gross_profit": 988512,
            "gross_margin": 29.14,
            "gross_margin_4q_avg": 39.36,
            "net_income": 597344,
            "net_income_4q": null,
            "revenue": 3392072,
            "revenue_4q": null,
            "common_shares": 2441880,
            "book_valuer_per_share": 19.35,
            "book_valuer_per_share_4q_avg": 16.75,
            "equity": 5966930,
            "current_ratio": 78.57,
            "debt_ratio": 55.61,
            "inventory_turnover_ratio": 31.47,
            "account_receivable_turnover_ratio": null,
            "reinvestment_rate": 229.18,
            "research_to_sale_ratio": null,
            "price_fair": 143.15,
            "eps_avg_yearly": 4.09,
            "eps_latest_yearly": 9.12,
            "eps_growth_yearly": 1128.97
        },
        "20084": {
            "year_quarter": 20084,
            "year": 2008,
            "quarter": 4,
            "eps": 2.68,
            "eps_growth_year": 86.11,
            "eps_4q": 8.04,
            "eps_4q_growth_year": 147.48,
            "roe": 11.54,
            "roe_4q": 47.69,
            "gross_profit": 1512618,
            "gross_margin": 29.25,
            "gross_margin_4q_avg": 29.72,
            "net_income": 758169,
            "net_income_4q": null,
            "revenue": 5172159,
            "revenue_4q": null,
            "common_shares": 2441880,
            "book_valuer_per_share": 22.38,
            "book_valuer_per_share_4q_avg": 18.61,
            "equity": 7178061,
            "current_ratio": 98.62,
            "debt_ratio": 53.85,
            "inventory_turnover_ratio": 33.07,
            "account_receivable_turnover_ratio": 149.42,
            "reinvestment_rate": 190.15,
            "research_to_sale_ratio": null,
            "price_fair": 161,
            "eps_avg_yearly": 4.6,
            "eps_latest_yearly": 10.72,
            "eps_growth_yearly": 1047.52
        },
        "20091": {
            "year_quarter": 20091,
            "year": 2009,
            "quarter": 1,
            "eps": 1.19,
            "eps_growth_year": -43.33,
            "eps_4q": 6.63,
            "eps_4q_growth_year": 64.4,
            "roe": 4.93,
            "roe_4q": 40.11,
            "gross_profit": 1110055,
            "gross_margin": 25.32,
            "gross_margin_4q_avg": 28.27,
            "net_income": 367371,
            "net_income_4q": null,
            "revenue": 4383722,
            "revenue_4q": null,
            "common_shares": 2441880,
            "book_valuer_per_share": 24.08,
            "book_valuer_per_share_4q_avg": 20.68,
            "equity": 7727098,
            "current_ratio": 100.34,
            "debt_ratio": 52.36,
            "inventory_turnover_ratio": 22.53,
            "account_receivable_turnover_ratio": 94.73,
            "reinvestment_rate": 202.05,
            "research_to_sale_ratio": null,
            "price_fair": 161.4,
            "eps_avg_yearly": 4.61,
            "eps_latest_yearly": 4.76,
            "eps_growth_yearly": 956.81
        },
        "20092": {
            "year_quarter": 20092,
            "year": 2009,
            "quarter": 2,
            "eps": 0.64,
            "eps_growth_year": -72.53,
            "eps_4q": 5.12,
            "eps_4q_growth_year": -6.27,
            "roe": 2.68,
            "roe_4q": 29.79,
            "gross_profit": 677644,
            "gross_margin": 17.83,
            "gross_margin_4q_avg": 25.39,
            "net_income": 204060,
            "net_income_4q": null,
            "revenue": 3800101,
            "revenue_4q": null,
            "common_shares": 2441880,
            "book_valuer_per_share": 23.11,
            "book_valuer_per_share_4q_avg": 22.23,
            "equity": 7474226,
            "current_ratio": 91.93,
            "debt_ratio": 55.28,
            "inventory_turnover_ratio": 25.05,
            "account_receivable_turnover_ratio": 188.85,
            "reinvestment_rate": 200.59,
            "research_to_sale_ratio": null,
            "price_fair": 156.61,
            "eps_avg_yearly": 4.47,
            "eps_latest_yearly": 2.56,
            "eps_growth_yearly": 880.7
        },
        "20093": {
            "year_quarter": 20093,
            "year": 2009,
            "quarter": 3,
            "eps": 1.03,
            "eps_growth_year": -54.82,
            "eps_4q": 5.13,
            "eps_4q_growth_year": -32.11,
            "roe": 3.6,
            "roe_4q": 22.75,
            "gross_profit": 709904,
            "gross_margin": 20.29,
            "gross_margin_4q_avg": 23.17,
            "net_income": 271648,
            "net_income_4q": null,
            "revenue": 3498298,
            "revenue_4q": null,
            "common_shares": 2686068,
            "book_valuer_per_share": 21.66,
            "book_valuer_per_share_4q_avg": 22.81,
            "equity": 7631107,
            "current_ratio": 97.23,
            "debt_ratio": 55.4,
            "inventory_turnover_ratio": 21.98,
            "account_receivable_turnover_ratio": 79.49,
            "reinvestment_rate": 190.58,
            "research_to_sale_ratio": null,
            "price_fair": 155.84,
            "eps_avg_yearly": 4.45,
            "eps_latest_yearly": 4.12,
            "eps_growth_yearly": 840.89
        },
        "20094": {
            "year_quarter": 20094,
            "year": 2009,
            "quarter": 4,
            "eps": 1.14,
            "eps_growth_year": -57.46,
            "eps_4q": 3.84,
            "eps_4q_growth_year": -52.28,
            "roe": 6.16,
            "roe_4q": 17.369999999999997,
            "gross_profit": 1489632,
            "gross_margin": 23.53,
            "gross_margin_4q_avg": 21.74,
            "net_income": 485424,
            "net_income_4q": null,
            "revenue": 6330403,
            "revenue_4q": null,
            "common_shares": 2686068,
            "book_valuer_per_share": 22.9,
            "book_valuer_per_share_4q_avg": 22.94,
            "equity": 8123553,
            "current_ratio": 118,
            "debt_ratio": 60.32,
            "inventory_turnover_ratio": 31.13,
            "account_receivable_turnover_ratio": 219.49,
            "reinvestment_rate": 187.53,
            "research_to_sale_ratio": null,
            "price_fair": 157.33,
            "eps_avg_yearly": 4.5,
            "eps_latest_yearly": 4.56,
            "eps_growth_yearly": 60.23
        },
        "20101": {
            "year_quarter": 20101,
            "year": 2010,
            "quarter": 1,
            "eps": 1.27,
            "eps_growth_year": 6.72,
            "eps_4q": 3.67,
            "eps_4q_growth_year": -44.66,
            "roe": 4.05,
            "roe_4q": 16.490000000000002,
            "gross_profit": 962502,
            "gross_margin": 17.95,
            "gross_margin_4q_avg": 19.9,
            "net_income": 334936,
            "net_income_4q": null,
            "revenue": 5362790,
            "revenue_4q": null,
            "common_shares": 2693426,
            "book_valuer_per_share": 24.24,
            "book_valuer_per_share_4q_avg": 22.98,
            "equity": 8427276,
            "current_ratio": 139.14,
            "debt_ratio": 59.49,
            "inventory_turnover_ratio": 27.25,
            "account_receivable_turnover_ratio": 104.78,
            "reinvestment_rate": 191.18,
            "research_to_sale_ratio": null,
            "price_fair": 166.34,
            "eps_avg_yearly": 4.75,
            "eps_latest_yearly": 5.08,
            "eps_growth_yearly": 81.89
        },
        "20102": {
            "year_quarter": 20102,
            "year": 2010,
            "quarter": 2,
            "eps": 0.74,
            "eps_growth_year": 16.02,
            "eps_4q": 3.83,
            "eps_4q_growth_year": -25.16,
            "roe": 2.83,
            "roe_4q": 16.64,
            "gross_profit": 1069744,
            "gross_margin": 23.15,
            "gross_margin_4q_avg": 21.23,
            "net_income": 243046,
            "net_income_4q": null,
            "revenue": 4620136,
            "revenue_4q": null,
            "common_shares": 2693426,
            "book_valuer_per_share": 24.16,
            "book_valuer_per_share_4q_avg": 23.24,
            "equity": 8758204,
            "current_ratio": 126.01,
            "debt_ratio": 58.08,
            "inventory_turnover_ratio": 23.75,
            "account_receivable_turnover_ratio": 128.97,
            "reinvestment_rate": 186.5,
            "research_to_sale_ratio": null,
            "price_fair": 170.1,
            "eps_avg_yearly": 4.86,
            "eps_latest_yearly": 2.96,
            "eps_growth_yearly": 64.17
        },
        "20103": {
            "year_quarter": 20103,
            "year": 2010,
            "quarter": 3,
            "eps": 1.18,
            "eps_growth_year": 14.9,
            "eps_4q": 3.96,
            "eps_4q_growth_year": -22.86,
            "roe": 3.65,
            "roe_4q": 16.69,
            "gross_profit": 806023,
            "gross_margin": 18.7,
            "gross_margin_4q_avg": 20.83,
            "net_income": 322554,
            "net_income_4q": null,
            "revenue": 4310945,
            "revenue_4q": null,
            "common_shares": 2725063,
            "book_valuer_per_share": 24.86,
            "book_valuer_per_share_4q_avg": 24.04,
            "equity": 8905974,
            "current_ratio": 130.78,
            "debt_ratio": 58.37,
            "inventory_turnover_ratio": 23.98,
            "account_receivable_turnover_ratio": 82.82,
            "reinvestment_rate": 183.61,
            "research_to_sale_ratio": null,
            "price_fair": 177.98,
            "eps_avg_yearly": 5.09,
            "eps_latest_yearly": 4.72,
            "eps_growth_yearly": 81.45
        },
        "20104": {
            "year_quarter": 20104,
            "year": 2010,
            "quarter": 4,
            "eps": 1.11,
            "eps_growth_year": -2.98,
            "eps_4q": 3.91,
            "eps_4q_growth_year": 1.85,
            "roe": 4.36,
            "roe_4q": 14.89,
            "gross_profit": 1274903,
            "gross_margin": 18.03,
            "gross_margin_4q_avg": 19.46,
            "net_income": 387244,
            "net_income_4q": null,
            "revenue": 7072652,
            "revenue_4q": null,
            "common_shares": 2751880,
            "book_valuer_per_share": 24.46,
            "book_valuer_per_share_4q_avg": 24.43,
            "equity": 8854107,
            "current_ratio": 115.69,
            "debt_ratio": 59.63,
            "inventory_turnover_ratio": 37.53,
            "account_receivable_turnover_ratio": 102.16,
            "reinvestment_rate": 121.78,
            "research_to_sale_ratio": null,
            "price_fair": 183.23,
            "eps_avg_yearly": 5.24,
            "eps_latest_yearly": 4.44,
            "eps_growth_yearly": 59.43
        },
        "20111": {
            "year_quarter": 20111,
            "year": 2011,
            "quarter": 1,
            "eps": 1.02,
            "eps_growth_year": -19.68,
            "eps_4q": 3.97,
            "eps_4q_growth_year": 8.3,
            "roe": 4.42,
            "roe_4q": 15.260000000000002,
            "gross_profit": 1191925,
            "gross_margin": 17.88,
            "gross_margin_4q_avg": 19.44,
            "net_income": 406457,
            "net_income_4q": null,
            "revenue": 6667181,
            "revenue_4q": null,
            "common_shares": 2772118,
            "book_valuer_per_share": 25.86,
            "book_valuer_per_share_4q_avg": 24.84,
            "equity": 9526164,
            "current_ratio": 98.35,
            "debt_ratio": 57.17,
            "inventory_turnover_ratio": 34.37,
            "account_receivable_turnover_ratio": 132.36,
            "reinvestment_rate": 212.51,
            "research_to_sale_ratio": null,
            "price_fair": 186.73,
            "eps_avg_yearly": 5.34,
            "eps_latest_yearly": 4.08,
            "eps_growth_yearly": 52.01
        },
        "20112": {
            "year_quarter": 20112,
            "year": 2011,
            "quarter": 2,
            "eps": 0.74,
            "eps_growth_year": 0.12,
            "eps_4q": 3.98,
            "eps_4q_growth_year": 3.78,
            "roe": 2.98,
            "roe_4q": 15.410000000000002,
            "gross_profit": 1643966,
            "gross_margin": 29.09,
            "gross_margin_4q_avg": 20.93,
            "net_income": 291519,
            "net_income_4q": null,
            "revenue": 5651024,
            "revenue_4q": null,
            "common_shares": 2790237,
            "book_valuer_per_share": 25.04,
            "book_valuer_per_share_4q_avg": 25.06,
            "equity": 10065423,
            "current_ratio": 96.27,
            "debt_ratio": 54.19,
            "inventory_turnover_ratio": 25.51,
            "account_receivable_turnover_ratio": 84.26,
            "reinvestment_rate": 210.24,
            "research_to_sale_ratio": null,
            "price_fair": 187.6,
            "eps_avg_yearly": 5.36,
            "eps_latest_yearly": 2.96,
            "eps_growth_yearly": 44.35
        },
        "20113": {
            "year_quarter": 20113,
            "year": 2011,
            "quarter": 3,
            "eps": 0.18,
            "eps_growth_year": -84.66,
            "eps_4q": 2.98,
            "eps_4q_growth_year": -24.71,
            "roe": 0.7,
            "roe_4q": 12.46,
            "gross_profit": 1251752,
            "gross_margin": 21.58,
            "gross_margin_4q_avg": 21.65,
            "net_income": 73749,
            "net_income_4q": null,
            "revenue": 5799384,
            "revenue_4q": null,
            "common_shares": 2801822,
            "book_valuer_per_share": 26.59,
            "book_valuer_per_share_4q_avg": 25.49,
            "equity": 11010645,
            "current_ratio": 100.21,
            "debt_ratio": 52.35,
            "inventory_turnover_ratio": 25.85,
            "account_receivable_turnover_ratio": 60.63,
            "reinvestment_rate": 229.2,
            "research_to_sale_ratio": null,
            "price_fair": 184.36,
            "eps_avg_yearly": 5.27,
            "eps_latest_yearly": 0.72,
            "eps_growth_yearly": 28.94
        },
        "20114": {
            "year_quarter": 20114,
            "year": 2011,
            "quarter": 4,
            "eps": 0.06,
            "eps_growth_year": -94.81,
            "eps_4q": 1.96,
            "eps_4q_growth_year": -49.7,
            "roe": 1.43,
            "roe_4q": 9.53,
            "gross_profit": 1769102,
            "gross_margin": 20.21,
            "gross_margin_4q_avg": 22.19,
            "net_income": 159784,
            "net_income_4q": null,
            "revenue": 8753542,
            "revenue_4q": null,
            "common_shares": 2776172,
            "book_valuer_per_share": 26.3,
            "book_valuer_per_share_4q_avg": 25.95,
            "equity": 11300851,
            "current_ratio": 102.07,
            "debt_ratio": 57.47,
            "inventory_turnover_ratio": 33.43,
            "account_receivable_turnover_ratio": 76.76,
            "reinvestment_rate": 132.25,
            "research_to_sale_ratio": null,
            "price_fair": 14.77,
            "eps_avg_yearly": 4.92,
            "eps_latest_yearly": 0.24,
            "eps_growth_yearly": -28.18
        },
        "20121": {
            "year_quarter": 20121,
            "year": 2012,
            "quarter": 1,
            "eps": 1.09,
            "eps_growth_year": 6.86,
            "eps_4q": 2.07,
            "eps_4q_growth_year": -48.02,
            "roe": 4.21,
            "roe_4q": 9.32,
            "gross_profit": 1601033,
            "gross_margin": 20.22,
            "gross_margin_4q_avg": 22.78,
            "net_income": 476004,
            "net_income_4q": null,
            "revenue": 7917883,
            "revenue_4q": null,
            "common_shares": 2776172,
            "book_valuer_per_share": 26.69,
            "book_valuer_per_share_4q_avg": 26.16,
            "equity": 11327808,
            "current_ratio": 92.84,
            "debt_ratio": 52.19,
            "inventory_turnover_ratio": 30.99,
            "account_receivable_turnover_ratio": 68.61,
            "reinvestment_rate": 151.71,
            "research_to_sale_ratio": null,
            "price_fair": 163.45,
            "eps_avg_yearly": 4.67,
            "eps_latest_yearly": 4.36,
            "eps_growth_yearly": 389.53
        },
        "20122": {
            "year_quarter": 20122,
            "year": 2012,
            "quarter": 2,
            "eps": -0.27,
            "eps_growth_year": -135.89,
            "eps_4q": 1.06,
            "eps_4q_growth_year": -73.26,
            "roe": -0.12,
            "roe_4q": 6.22,
            "gross_profit": 1390621,
            "gross_margin": 20.97,
            "gross_margin_4q_avg": 20.75,
            "net_income": -14981,
            "net_income_4q": null,
            "revenue": 6631300,
            "revenue_4q": null,
            "common_shares": 2776172,
            "book_valuer_per_share": 28.72,
            "book_valuer_per_share_4q_avg": 27.08,
            "equity": 13569287,
            "current_ratio": 126.84,
            "debt_ratio": 52.5,
            "inventory_turnover_ratio": 30.01,
            "account_receivable_turnover_ratio": 58.61,
            "reinvestment_rate": 211.22,
            "research_to_sale_ratio": null,
            "price_fair": 152.6,
            "eps_avg_yearly": 4.36,
            "eps_latest_yearly": 4.36,
            "eps_growth_yearly": 412.58
        },
        "20123": {
            "year_quarter": 20123,
            "year": 2012,
            "quarter": 3,
            "eps": 0.31,
            "eps_growth_year": 68.11,
            "eps_4q": 1.19,
            "eps_4q_growth_year": -60.13,
            "roe": 1.01,
            "roe_4q": 6.529999999999999,
            "gross_profit": 1386214,
            "gross_margin": 23.03,
            "gross_margin_4q_avg": 21.11,
            "net_income": 136553,
            "net_income_4q": null,
            "revenue": 6020459,
            "revenue_4q": null,
            "common_shares": 2776172,
            "book_valuer_per_share": 28.35,
            "book_valuer_per_share_4q_avg": 27.52,
            "equity": 13362824,
            "current_ratio": 113.04,
            "debt_ratio": 50.45,
            "inventory_turnover_ratio": 27.18,
            "account_receivable_turnover_ratio": 39.22,
            "reinvestment_rate": 243.31,
            "research_to_sale_ratio": null,
            "price_fair": 140.7,
            "eps_avg_yearly": 4.02,
            "eps_latest_yearly": 4.36,
            "eps_growth_yearly": 442.66
        },
        "20124": {
            "year_quarter": 20124,
            "year": 2012,
            "quarter": 4,
            "eps": 0.62,
            "eps_growth_year": 983.26,
            "eps_4q": 1.75,
            "eps_4q_growth_year": -10.82,
            "roe": 2.84,
            "roe_4q": 7.9399999999999995,
            "gross_profit": 1795861,
            "gross_margin": 20.09,
            "gross_margin_4q_avg": 21.08,
            "net_income": 379546,
            "net_income_4q": null,
            "revenue": 8937002,
            "revenue_4q": null,
            "common_shares": 2776172,
            "book_valuer_per_share": 28.7,
            "book_valuer_per_share_4q_avg": 28.12,
            "equity": 13376374,
            "current_ratio": 86.98,
            "debt_ratio": 54.98,
            "inventory_turnover_ratio": 34.85,
            "account_receivable_turnover_ratio": 59.13,
            "reinvestment_rate": 322.89,
            "research_to_sale_ratio": null,
            "price_fair": 120.1,
            "eps_avg_yearly": 3.43,
            "eps_latest_yearly": 2.48,
            "eps_growth_yearly": 466.22
        },
        "20131": {
            "year_quarter": 20131,
            "year": 2013,
            "quarter": 1,
            "eps": -0.49,
            "eps_growth_year": -144.95,
            "eps_4q": 0.02,
            "eps_4q_growth_year": -99.25,
            "roe": -0.4,
            "roe_4q": 3.33,
            "gross_profit": 1603010,
            "gross_margin": 77.7,
            "gross_margin_4q_avg": 35.45,
            "net_income": -55388,
            "net_income_4q": null,
            "revenue": 2063106,
            "revenue_4q": null,
            "common_shares": 3776172,
            "book_valuer_per_share": 24.42,
            "book_valuer_per_share_4q_avg": 27.55,
            "equity": 14158005,
            "current_ratio": 109.64,
            "debt_ratio": 54.99,
            "inventory_turnover_ratio": 2.31,
            "account_receivable_turnover_ratio": 12.02,
            "reinvestment_rate": 164.87,
            "research_to_sale_ratio": null,
            "price_fair": 116.52,
            "eps_avg_yearly": 3.33,
            "eps_latest_yearly": 2.48,
            "eps_growth_yearly": 519.19
        },
        "20132": {
            "year_quarter": 20132,
            "year": 2013,
            "quarter": 2,
            "eps": -0.48,
            "eps_growth_year": null,
            "eps_4q": -0.27,
            "eps_4q_growth_year": -125.63,
            "roe": -0.65,
            "roe_4q": 2.8,
            "gross_profit": 1401681,
            "gross_margin": 75.2,
            "gross_margin_4q_avg": 49.01,
            "net_income": -90459,
            "net_income_4q": null,
            "revenue": 1863915,
            "revenue_4q": null,
            "common_shares": 3776172,
            "book_valuer_per_share": 24.09,
            "book_valuer_per_share_4q_avg": 26.39,
            "equity": 13694982,
            "current_ratio": 96.8,
            "debt_ratio": 57.66,
            "inventory_turnover_ratio": 2.93,
            "account_receivable_turnover_ratio": 7.96,
            "reinvestment_rate": 225.97,
            "research_to_sale_ratio": null,
            "price_fair": 118.77,
            "eps_avg_yearly": 3.39,
            "eps_latest_yearly": 2.48,
            "eps_growth_yearly": 577.86
        },
        "20133": {
            "year_quarter": 20133,
            "year": 2013,
            "quarter": 3,
            "eps": 0.22,
            "eps_growth_year": -27.93,
            "eps_4q": -0.28,
            "eps_4q_growth_year": -123.67,
            "roe": 1.38,
            "roe_4q": 3.17,
            "gross_profit": 1236354,
            "gross_margin": 71.5,
            "gross_margin_4q_avg": 61.12,
            "net_income": 189377,
            "net_income_4q": null,
            "revenue": 1729208,
            "revenue_4q": null,
            "common_shares": 3776172,
            "book_valuer_per_share": 24.09,
            "book_valuer_per_share_4q_avg": 25.33,
            "equity": 13689704,
            "current_ratio": 95.13,
            "debt_ratio": 55.71,
            "inventory_turnover_ratio": 3,
            "account_receivable_turnover_ratio": 9.8,
            "reinvestment_rate": 244.16,
            "research_to_sale_ratio": null,
            "price_fair": 116.45,
            "eps_avg_yearly": 3.33,
            "eps_latest_yearly": 2.48,
            "eps_growth_yearly": 608.23
        },
        "20134": {
            "year_quarter": 20134,
            "year": 2013,
            "quarter": 4,
            "eps": -0.04,
            "eps_growth_year": -106.15,
            "eps_4q": -0.79,
            "eps_4q_growth_year": -144.8,
            "roe": 1.07,
            "roe_4q": 1.4000000000000004,
            "gross_profit": 1798744,
            "gross_margin": 72.95,
            "gross_margin_4q_avg": 74.34,
            "net_income": 146483,
            "net_income_4q": null,
            "revenue": 2465815,
            "revenue_4q": null,
            "common_shares": 3776172,
            "book_valuer_per_share": 24.08,
            "book_valuer_per_share_4q_avg": 24.17,
            "equity": 13736949,
            "current_ratio": 99.48,
            "debt_ratio": 59.43,
            "inventory_turnover_ratio": 3.37,
            "account_receivable_turnover_ratio": 21.87,
            "reinvestment_rate": 309.7,
            "research_to_sale_ratio": null,
            "price_fair": 112.14,
            "eps_avg_yearly": 3.2,
            "eps_latest_yearly": 2.48,
            "eps_growth_yearly": 664.79
        },
        "20141": {
            "year_quarter": 20141,
            "year": 2014,
            "quarter": 1,
            "eps": 0.65,
            "eps_growth_year": null,
            "eps_4q": 0.36,
            "eps_4q_growth_year": 2208.82,
            "roe": 2.99,
            "roe_4q": 4.79,
            "gross_profit": 1746006,
            "gross_margin": 76.74,
            "gross_margin_4q_avg": 74.1,
            "net_income": 419941,
            "net_income_4q": null,
            "revenue": 2275270,
            "revenue_4q": null,
            "common_shares": 3776172,
            "book_valuer_per_share": 25.15,
            "book_valuer_per_share_4q_avg": 24.35,
            "equity": 14356890,
            "current_ratio": 108.02,
            "debt_ratio": 56.79,
            "inventory_turnover_ratio": 2.51,
            "account_receivable_turnover_ratio": 15.76,
            "reinvestment_rate": 267.11,
            "research_to_sale_ratio": null,
            "price_fair": 104.84,
            "eps_avg_yearly": 3,
            "eps_latest_yearly": 2.48,
            "eps_growth_yearly": 733.58
        },
        "20142": {
            "year_quarter": 20142,
            "year": 2014,
            "quarter": 2,
            "eps": 0.39,
            "eps_growth_year": null,
            "eps_4q": 1.24,
            "eps_4q_growth_year": null,
            "roe": 1.91,
            "roe_4q": 7.3500000000000005,
            "gross_profit": 1540482,
            "gross_margin": 76.65,
            "gross_margin_4q_avg": 74.46,
            "net_income": 272258,
            "net_income_4q": null,
            "revenue": 2009882,
            "revenue_4q": null,
            "common_shares": 3776172,
            "book_valuer_per_share": 25,
            "book_valuer_per_share_4q_avg": 24.58,
            "equity": 14086623,
            "current_ratio": 111.25,
            "debt_ratio": 58.15,
            "inventory_turnover_ratio": 2.36,
            "account_receivable_turnover_ratio": 8.85,
            "reinvestment_rate": 231.09,
            "research_to_sale_ratio": null,
            "price_fair": 99.4,
            "eps_avg_yearly": 2.84,
            "eps_latest_yearly": 1.56,
            "eps_growth_yearly": 734.35
        },
        "20143": {
            "year_quarter": 20143,
            "year": 2014,
            "quarter": 3,
            "eps": -0.82,
            "eps_growth_year": -472.73,
            "eps_4q": 0.18,
            "eps_4q_growth_year": null,
            "roe": -1.94,
            "roe_4q": 4.03,
            "gross_profit": 1412042,
            "gross_margin": 73.57,
            "gross_margin_4q_avg": 74.98,
            "net_income": -273724,
            "net_income_4q": null,
            "revenue": 1919439,
            "revenue_4q": null,
            "common_shares": 3776172,
            "book_valuer_per_share": 24.69,
            "book_valuer_per_share_4q_avg": 24.73,
            "equity": 14070381,
            "current_ratio": 113.28,
            "debt_ratio": 60.15,
            "inventory_turnover_ratio": 2.57,
            "account_receivable_turnover_ratio": 5.47,
            "reinvestment_rate": 496.2,
            "research_to_sale_ratio": null,
            "price_fair": 91.18,
            "eps_avg_yearly": 2.61,
            "eps_latest_yearly": 1.56,
            "eps_growth_yearly": 796.42
        },
        "20144": {
            "year_quarter": 20144,
            "year": 2014,
            "quarter": 4,
            "eps": -0.27,
            "eps_growth_year": null,
            "eps_4q": -0.05,
            "eps_4q_growth_year": null,
            "roe": 0.47,
            "roe_4q": 3.43,
            "gross_profit": 1953581,
            "gross_margin": 76.19,
            "gross_margin_4q_avg": 75.79,
            "net_income": 67060,
            "net_income_4q": null,
            "revenue": 2564034,
            "revenue_4q": null,
            "common_shares": 3776172,
            "book_valuer_per_share": 25.55,
            "book_valuer_per_share_4q_avg": 25.1,
            "equity": 14670813,
            "current_ratio": 100.66,
            "debt_ratio": 62.51,
            "inventory_turnover_ratio": 2.83,
            "account_receivable_turnover_ratio": 5.78,
            "reinvestment_rate": 781.91,
            "research_to_sale_ratio": null,
            "price_fair": 82,
            "eps_avg_yearly": 2.34,
            "eps_latest_yearly": 1.56,
            "eps_growth_yearly": 913.58
        },
        "20151": {
            "year_quarter": 20151,
            "year": 2015,
            "quarter": 1,
            "eps": 0.32,
            "eps_growth_year": -50.77,
            "eps_4q": -0.4,
            "eps_4q_growth_year": -209.89,
            "roe": 2.02,
            "roe_4q": 2.46,
            "gross_profit": 1816127,
            "gross_margin": 74.12,
            "gross_margin_4q_avg": 75.13,
            "net_income": 297609,
            "net_income_4q": null,
            "revenue": 2450367,
            "revenue_4q": null,
            "common_shares": 3776172,
            "book_valuer_per_share": 25.6,
            "book_valuer_per_share_4q_avg": 25.21,
            "equity": 14767081,
            "current_ratio": 99.78,
            "debt_ratio": 62.04,
            "inventory_turnover_ratio": 2.82,
            "account_receivable_turnover_ratio": 5.26,
            "reinvestment_rate": 768.46,
            "research_to_sale_ratio": null,
            "price_fair": 71.87,
            "eps_avg_yearly": 2.05,
            "eps_latest_yearly": 1.56,
            "eps_growth_yearly": 1071.25
        },
        "20152": {
            "year_quarter": 20152,
            "year": 2015,
            "quarter": 2,
            "eps": 0.15,
            "eps_growth_year": -61.54,
            "eps_4q": -0.64,
            "eps_4q_growth_year": -151.32,
            "roe": 1.08,
            "roe_4q": 1.6300000000000003,
            "gross_profit": 1508662,
            "gross_margin": 75.14,
            "gross_margin_4q_avg": 74.76,
            "net_income": 157456,
            "net_income_4q": null,
            "revenue": 2007740,
            "revenue_4q": null,
            "common_shares": 3776172,
            "book_valuer_per_share": 25.13,
            "book_valuer_per_share_4q_avg": 25.24,
            "equity": 14369127,
            "current_ratio": 103.79,
            "debt_ratio": 62.81,
            "inventory_turnover_ratio": 2.4,
            "account_receivable_turnover_ratio": 4.37,
            "reinvestment_rate": 871.65,
            "research_to_sale_ratio": null,
            "price_fair": 58.1,
            "eps_avg_yearly": 1.66,
            "eps_latest_yearly": 0.6,
            "eps_growth_yearly": 1054.13
        },
        "20153": {
            "year_quarter": 20153,
            "year": 2015,
            "quarter": 3,
            "eps": -3.22,
            "eps_growth_year": null,
            "eps_4q": -3.02,
            "eps_4q_growth_year": -1745.74,
            "roe": -10.18,
            "roe_4q": -6.61,
            "gross_profit": 1390125,
            "gross_margin": 73.88,
            "gross_margin_4q_avg": 74.83,
            "net_income": -1419181,
            "net_income_4q": null,
            "revenue": 1881608,
            "revenue_4q": null,
            "common_shares": 3776172,
            "book_valuer_per_share": 23.22,
            "book_valuer_per_share_4q_avg": 24.88,
            "equity": 13501942,
            "current_ratio": 102.44,
            "debt_ratio": 65.57,
            "inventory_turnover_ratio": 2.09,
            "account_receivable_turnover_ratio": 3.54,
            "reinvestment_rate": null,
            "research_to_sale_ratio": null,
            "price_fair": 64.68,
            "eps_avg_yearly": 1.85,
            "eps_latest_yearly": 0.6,
            "eps_growth_yearly": 1325.5
        },
        "20154": {
            "year_quarter": 20154,
            "year": 2015,
            "quarter": 4,
            "eps": -1.27,
            "eps_growth_year": null,
            "eps_4q": -4.01,
            "eps_4q_growth_year": null,
            "roe": -2.84,
            "roe_4q": -9.92,
            "gross_profit": 1543192,
            "gross_margin": 71.54,
            "gross_margin_4q_avg": 73.67,
            "net_income": -375091,
            "net_income_4q": null,
            "revenue": 2157092,
            "revenue_4q": null,
            "common_shares": 3776172,
            "book_valuer_per_share": 21.58,
            "book_valuer_per_share_4q_avg": 23.88,
            "equity": 12867689,
            "current_ratio": 120.08,
            "debt_ratio": 67.95,
            "inventory_turnover_ratio": 1.51,
            "account_receivable_turnover_ratio": 4.36,
            "reinvestment_rate": null,
            "research_to_sale_ratio": null,
            "price_fair": 78.75,
            "eps_avg_yearly": 2.25,
            "eps_latest_yearly": 0.6,
            "eps_growth_yearly": 1723.54
        },
        "20161": {
            "year_quarter": 20161,
            "year": 2016,
            "quarter": 1,
            "eps": -1.3,
            "eps_growth_year": -506.25,
            "eps_4q": -5.64,
            "eps_4q_growth_year": null,
            "roe": -4.15,
            "roe_4q": -16.090000000000003,
            "gross_profit": 1556787,
            "gross_margin": 71.18,
            "gross_margin_4q_avg": 72.94,
            "net_income": -517375,
            "net_income_4q": null,
            "revenue": 2186958,
            "revenue_4q": null,
            "common_shares": 3776172,
            "book_valuer_per_share": 19.98,
            "book_valuer_per_share_4q_avg": 22.48,
            "equity": 12077795,
            "current_ratio": 114.49,
            "debt_ratio": 68.52,
            "inventory_turnover_ratio": 1.08,
            "account_receivable_turnover_ratio": 5.88,
            "reinvestment_rate": null,
            "research_to_sale_ratio": null,
            "price_fair": 29.64,
            "eps_avg_yearly": 1.55,
            "eps_latest_yearly": 0.6,
            "eps_growth_yearly": 9.17
        },
        "20162": {
            "year_quarter": 20162,
            "year": 2016,
            "quarter": 2,
            "eps": -0.11,
            "eps_growth_year": -173.33,
            "eps_4q": -5.9,
            "eps_4q_growth_year": null,
            "roe": 0.21,
            "roe_4q": -16.96,
            "gross_profit": 1299000,
            "gross_margin": 71.5,
            "gross_margin_4q_avg": 72.03,
            "net_income": 25045,
            "net_income_4q": null,
            "revenue": 1816811,
            "revenue_4q": null,
            "common_shares": 3776172,
            "book_valuer_per_share": 19.67,
            "book_valuer_per_share_4q_avg": 21.11,
            "equity": 11775737,
            "current_ratio": 109.78,
            "debt_ratio": 68.91,
            "inventory_turnover_ratio": 0.83,
            "account_receivable_turnover_ratio": 5.47,
            "reinvestment_rate": null,
            "research_to_sale_ratio": null,
            "price_fair": 29.64,
            "eps_avg_yearly": 1.55,
            "eps_latest_yearly": 0.6,
            "eps_growth_yearly": 9.17
        },
        "20163": {
            "year_quarter": 20163,
            "year": 2016,
            "quarter": 3,
            "eps": -1.21,
            "eps_growth_year": null,
            "eps_4q": -3.89,
            "eps_4q_growth_year": null,
            "roe": -4.33,
            "roe_4q": -11.11,
            "gross_profit": 1079901,
            "gross_margin": 69.99,
            "gross_margin_4q_avg": 71.05,
            "net_income": -485518,
            "net_income_4q": null,
            "revenue": 1542927,
            "revenue_4q": null,
            "common_shares": 3708832,
            "book_valuer_per_share": 17.84,
            "book_valuer_per_share_4q_avg": 19.77,
            "equity": 10666771,
            "current_ratio": 106.99,
            "debt_ratio": 71.4,
            "inventory_turnover_ratio": 0.77,
            "account_receivable_turnover_ratio": 4.44,
            "reinvestment_rate": null,
            "research_to_sale_ratio": null,
            "price_fair": 29.64,
            "eps_avg_yearly": 1.55,
            "eps_latest_yearly": 0.6,
            "eps_growth_yearly": 9.17
        },
        "20164": {
            "year_quarter": 20164,
            "year": 2016,
            "quarter": 4,
            "eps": -0.3,
            "eps_growth_year": null,
            "eps_4q": -2.93,
            "eps_4q_growth_year": null,
            "roe": 0.17,
            "roe_4q": -8.100000000000001,
            "gross_profit": 1528900,
            "gross_margin": 73.87,
            "gross_margin_4q_avg": 71.64,
            "net_income": 18331,
            "net_income_4q": null,
            "revenue": 2069609,
            "revenue_4q": null,
            "common_shares": 3708832,
            "book_valuer_per_share": 17.68,
            "book_valuer_per_share_4q_avg": 18.79,
            "equity": 10663148,
            "current_ratio": 102.88,
            "debt_ratio": 70.25,
            "inventory_turnover_ratio": 0.79,
            "account_receivable_turnover_ratio": 4.09,
            "reinvestment_rate": null,
            "research_to_sale_ratio": null,
            "price_fair": 3.24,
            "eps_avg_yearly": 1.08,
            "eps_latest_yearly": 0.6,
            "eps_growth_yearly": -186.25
        },
        "20171": {
            "year_quarter": 20171,
            "year": 2017,
            "quarter": 1,
            "eps": 0.61,
            "eps_growth_year": null,
            "eps_4q": -1.02,
            "eps_4q_growth_year": null,
            "roe": 2.53,
            "roe_4q": -1.4200000000000004,
            "gross_profit": 1301306,
            "gross_margin": 70.48,
            "gross_margin_4q_avg": 71.46,
            "net_income": 263359,
            "net_income_4q": null,
            "revenue": 1846339,
            "revenue_4q": null,
            "common_shares": 3708832,
            "book_valuer_per_share": 16.82,
            "book_valuer_per_share_4q_avg": 18,
            "equity": 10163826,
            "current_ratio": 94.05,
            "debt_ratio": 68.62,
            "inventory_turnover_ratio": 0.73,
            "account_receivable_turnover_ratio": 3.9,
            "reinvestment_rate": null,
            "research_to_sale_ratio": null,
            "price_fair": 3.24,
            "eps_avg_yearly": 1.08,
            "eps_latest_yearly": 0.6,
            "eps_growth_yearly": -186.25
        },
        "20172": {
            "year_quarter": 20172,
            "year": 2017,
            "quarter": 2,
            "eps": -0.23,
            "eps_growth_year": null,
            "eps_4q": -0.72,
            "eps_4q_growth_year": null,
            "roe": -1.09,
            "roe_4q": -2.7200000000000006,
            "gross_profit": 1181915,
            "gross_margin": 72.04,
            "gross_margin_4q_avg": 71.6,
            "net_income": -121605,
            "net_income_4q": null,
            "revenue": 1640703,
            "revenue_4q": null,
            "common_shares": 6308832,
            "book_valuer_per_share": 13.06,
            "book_valuer_per_share_4q_avg": 16.35,
            "equity": 12188593,
            "current_ratio": 94.14,
            "debt_ratio": 61.08,
            "inventory_turnover_ratio": 0.61,
            "account_receivable_turnover_ratio": 4.53,
            "reinvestment_rate": null,
            "research_to_sale_ratio": null,
            "price_fair": 3.24,
            "eps_avg_yearly": 1.08,
            "eps_latest_yearly": 0.6,
            "eps_growth_yearly": -186.25
        },
        "20173": {
            "year_quarter": 20173,
            "year": 2017,
            "quarter": 3,
            "eps": 0.16,
            "eps_growth_year": null,
            "eps_4q": 0.16,
            "eps_4q_growth_year": null,
            "roe": 0.28,
            "roe_4q": 1.8899999999999997,
            "gross_profit": 1107929,
            "gross_margin": 70.62,
            "gross_margin_4q_avg": 71.75,
            "net_income": 35010,
            "net_income_4q": null,
            "revenue": 1568849,
            "revenue_4q": null,
            "common_shares": 6308832,
            "book_valuer_per_share": 13.47,
            "book_valuer_per_share_4q_avg": 15.26,
            "equity": 12520820,
            "current_ratio": 89.84,
            "debt_ratio": 61.05,
            "inventory_turnover_ratio": 0.56,
            "account_receivable_turnover_ratio": 4.18,
            "reinvestment_rate": null,
            "research_to_sale_ratio": null,
            "price_fair": 3.24,
            "eps_avg_yearly": 1.08,
            "eps_latest_yearly": 0.6,
            "eps_growth_yearly": -186.25
        },
        "20174": {
            "year_quarter": 20174,
            "year": 2017,
            "quarter": 4,
            "eps": 0.56,
            "eps_growth_year": null,
            "eps_4q": 0.9,
            "eps_4q_growth_year": null,
            "roe": 4.07,
            "roe_4q": 5.790000000000001,
            "gross_profit": 1676110,
            "gross_margin": 74.77,
            "gross_margin_4q_avg": 71.98,
            "net_income": 518185,
            "net_income_4q": null,
            "revenue": 2241556,
            "revenue_4q": null,
            "common_shares": 6308832,
            "book_valuer_per_share": 13.54,
            "book_valuer_per_share_4q_avg": 14.22,
            "equity": 12926642,
            "current_ratio": 82.1,
            "debt_ratio": 63.09,
            "inventory_turnover_ratio": 0.64,
            "account_receivable_turnover_ratio": 5.41,
            "reinvestment_rate": null,
            "research_to_sale_ratio": null,
            "price_fair": 51.33,
            "eps_avg_yearly": 1.47,
            "eps_latest_yearly": 2.24,
            "eps_growth_yearly": 209.17
        },
        "20181": {
            "year_quarter": 20181,
            "year": 2018,
            "quarter": 1,
            "eps": 0.13,
            "eps_growth_year": -78.69,
            "eps_4q": 0.67,
            "eps_4q_growth_year": null,
            "roe": 1.18,
            "roe_4q": 4.44,
            "gross_profit": 1473303,
            "gross_margin": 72.49,
            "gross_margin_4q_avg": 72.48,
            "net_income": 154122,
            "net_income_4q": null,
            "revenue": 2032559,
            "revenue_4q": null,
            "common_shares": 6308832,
            "book_valuer_per_share": 13.7,
            "book_valuer_per_share_4q_avg": 13.44,
            "equity": 13163155,
            "current_ratio": 78.05,
            "debt_ratio": 60.36,
            "inventory_turnover_ratio": 0.62,
            "account_receivable_turnover_ratio": 4.57,
            "reinvestment_rate": null,
            "research_to_sale_ratio": null,
            "price_fair": 43.05,
            "eps_avg_yearly": 1.23,
            "eps_latest_yearly": 0.52,
            "eps_growth_yearly": 80.09
        },
        "20182": {
            "year_quarter": 20182,
            "year": 2018,
            "quarter": 2,
            "eps": -0.15,
            "eps_growth_year": null,
            "eps_4q": 0.71,
            "eps_4q_growth_year": null,
            "roe": -0.21,
            "roe_4q": 5.32,
            "gross_profit": 1319473,
            "gross_margin": 71.81,
            "gross_margin_4q_avg": 72.42,
            "net_income": -27713,
            "net_income_4q": null,
            "revenue": 1837482,
            "revenue_4q": null,
            "common_shares": 6308832,
            "book_valuer_per_share": 13.91,
            "book_valuer_per_share_4q_avg": 13.66,
            "equity": 13200389,
            "current_ratio": 78.02,
            "debt_ratio": 58.88,
            "inventory_turnover_ratio": 0.59,
            "account_receivable_turnover_ratio": 2.77,
            "reinvestment_rate": null,
            "research_to_sale_ratio": null,
            "price_fair": 39.2,
            "eps_avg_yearly": 1.12,
            "eps_latest_yearly": 0.52,
            "eps_growth_yearly": 160.12
        },
        "20183": {
            "year_quarter": 20183,
            "year": 2018,
            "quarter": 3,
            "eps": 0,
            "eps_growth_year": -100,
            "eps_4q": 0.55,
            "eps_4q_growth_year": 242.26,
            "roe": -0.04,
            "roe_4q": 5,
            "gross_profit": 1208843,
            "gross_margin": 67.38,
            "gross_margin_4q_avg": 71.61,
            "net_income": -5167,
            "net_income_4q": null,
            "revenue": 1793956,
            "revenue_4q": null,
            "common_shares": 6308832,
            "book_valuer_per_share": 13.61,
            "book_valuer_per_share_4q_avg": 13.69,
            "equity": 12832541,
            "current_ratio": 80.28,
            "debt_ratio": 60.92,
            "inventory_turnover_ratio": 0.68,
            "account_receivable_turnover_ratio": 1.89,
            "reinvestment_rate": null,
            "research_to_sale_ratio": null,
            "price_fair": 39.2,
            "eps_avg_yearly": 1.12,
            "eps_latest_yearly": 0.52,
            "eps_growth_yearly": 160.12
        },
        "20184": {
            "year_quarter": 20184,
            "year": 2018,
            "quarter": 4,
            "eps": 0.02,
            "eps_growth_year": -96.11,
            "eps_4q": 0.01,
            "eps_4q_growth_year": -98.87,
            "roe": 0.76,
            "roe_4q": 1.69,
            "gross_profit": 1730932,
            "gross_margin": 72.73,
            "gross_margin_4q_avg": 71.1,
            "net_income": 98347,
            "net_income_4q": null,
            "revenue": 2379878,
            "revenue_4q": null,
            "common_shares": 6308832,
            "book_valuer_per_share": 13.81,
            "book_valuer_per_share_4q_avg": 13.76,
            "equity": 13079712,
            "current_ratio": 92.2,
            "debt_ratio": 62.06,
            "inventory_turnover_ratio": 0.69,
            "account_receivable_turnover_ratio": 2.17,
            "reinvestment_rate": null,
            "research_to_sale_ratio": null,
            "price_fair": 39.2,
            "eps_avg_yearly": 1.12,
            "eps_latest_yearly": 0.52,
            "eps_growth_yearly": 160.12
        },
        "20191": {
            "year_quarter": 20191,
            "year": 2019,
            "quarter": 1,
            "eps": 0.22,
            "eps_growth_year": 69.23,
            "eps_4q": 0.1,
            "eps_4q_growth_year": -85.59,
            "roe": 1.75,
            "roe_4q": 2.26,
            "gross_profit": 1430595,
            "gross_margin": 66.81,
            "gross_margin_4q_avg": 69.68,
            "net_income": 225724,
            "net_income_4q": null,
            "revenue": 2141422,
            "revenue_4q": null,
            "common_shares": 6308832,
            "book_valuer_per_share": 13.54,
            "book_valuer_per_share_4q_avg": 13.72,
            "equity": 12662010,
            "current_ratio": 92.94,
            "debt_ratio": 69.55,
            "inventory_turnover_ratio": 0.69,
            "account_receivable_turnover_ratio": 1.85,
            "reinvestment_rate": null,
            "research_to_sale_ratio": null,
            "price_fair": 37.1,
            "eps_avg_yearly": 1.06,
            "eps_latest_yearly": 0.88,
            "eps_growth_yearly": 1120.09
        },
        "20192": {
            "year_quarter": 20192,
            "year": 2019,
            "quarter": 2,
            "eps": 1.88,
            "eps_growth_year": null,
            "eps_4q": 2.12,
            "eps_4q_growth_year": 200.66,
            "roe": 9.28,
            "roe_4q": 11.75,
            "gross_profit": 1316216,
            "gross_margin": 67.75,
            "gross_margin_4q_avg": 68.67,
            "net_income": 1225846,
            "net_income_4q": null,
            "revenue": 1942854,
            "revenue_4q": null,
            "common_shares": 6308832,
            "book_valuer_per_share": 15.17,
            "book_valuer_per_share_4q_avg": 14.03,
            "equity": 13767924,
            "current_ratio": 94.61,
            "debt_ratio": 64.96,
            "inventory_turnover_ratio": 0.64,
            "account_receivable_turnover_ratio": 1.82,
            "reinvestment_rate": null,
            "research_to_sale_ratio": null,
            "price_fair": 97.65,
            "eps_avg_yearly": 2.79,
            "eps_latest_yearly": 7.52,
            "eps_growth_yearly": 1927.76
        },
        "20193": {
            "year_quarter": 20193,
            "year": 2019,
            "quarter": 3,
            "eps": -0.19,
            "eps_growth_year": null,
            "eps_4q": 1.93,
            "eps_4q_growth_year": 253.55,
            "roe": -0.9,
            "roe_4q": 10.889999999999999,
            "gross_profit": 1166992,
            "gross_margin": 66.83,
            "gross_margin_4q_avg": 68.53,
            "net_income": -121987,
            "net_income_4q": null,
            "revenue": 1746163,
            "revenue_4q": null,
            "common_shares": 6308832,
            "book_valuer_per_share": 14.66,
            "book_valuer_per_share_4q_avg": 14.3,
            "equity": 13303759,
            "current_ratio": 81.12,
            "debt_ratio": 64.38,
            "inventory_turnover_ratio": 0.6,
            "account_receivable_turnover_ratio": 1.8,
            "reinvestment_rate": -1242.58,
            "research_to_sale_ratio": null,
            "price_fair": 97.65,
            "eps_avg_yearly": 2.79,
            "eps_latest_yearly": 7.52,
            "eps_growth_yearly": 1927.76
        },
        "20194": {
            "year_quarter": 20194,
            "year": 2019,
            "quarter": 4,
            "eps": 0.32,
            "eps_growth_year": 1361.04,
            "eps_4q": 2.23,
            "eps_4q_growth_year": 21842.32,
            "roe": 2.57,
            "roe_4q": 12.7,
            "gross_profit": 1546037,
            "gross_margin": 67.17,
            "gross_margin_4q_avg": 67.14,
            "net_income": 341696,
            "net_income_4q": null,
            "revenue": 2301566,
            "revenue_4q": null,
            "common_shares": 6308832,
            "book_valuer_per_share": 14.49,
            "book_valuer_per_share_4q_avg": 14.47,
            "equity": 13258758,
            "current_ratio": 78.74,
            "debt_ratio": 65.35,
            "inventory_turnover_ratio": 0.77,
            "account_receivable_turnover_ratio": 2.49,
            "reinvestment_rate": -30.04,
            "research_to_sale_ratio": null,
            "price_fair": 97.65,
            "eps_avg_yearly": 2.79,
            "eps_latest_yearly": 7.52,
            "eps_growth_yearly": 1927.76
        },
        "20201": {
            "year_quarter": 20201,
            "year": 2020,
            "quarter": 1,
            "eps": -0.36,
            "eps_growth_year": -263.64,
            "eps_4q": 1.67,
            "eps_4q_growth_year": 1624.71,
            "roe": -2.2,
            "roe_4q": 8.749999999999998,
            "gross_profit": 692900,
            "gross_margin": 57.04,
            "gross_margin_4q_avg": 64.7,
            "net_income": -285953,
            "net_income_4q": null,
            "revenue": 1214806,
            "revenue_4q": null,
            "common_shares": 6308832,
            "book_valuer_per_share": 14.34,
            "book_valuer_per_share_4q_avg": 14.67,
            "equity": 12715406,
            "current_ratio": 72,
            "debt_ratio": 64.67,
            "inventory_turnover_ratio": 0.52,
            "account_receivable_turnover_ratio": 1.31,
            "reinvestment_rate": -69.86,
            "research_to_sale_ratio": null,
            "price_fair": 97.65,
            "eps_avg_yearly": 2.79,
            "eps_latest_yearly": 7.52,
            "eps_growth_yearly": 1927.76
        },
        "20202": {
            "year_quarter": 20202,
            "year": 2020,
            "quarter": 2,
            "eps": -0.17,
            "eps_growth_year": -109.04,
            "eps_4q": -0.37,
            "eps_4q_growth_year": -117.61,
            "roe": -1.15,
            "roe_4q": -1.6800000000000002,
            "gross_profit": 813028,
            "gross_margin": 57.78,
            "gross_margin_4q_avg": 62.21,
            "net_income": -141275,
            "net_income_4q": null,
            "revenue": 1407081,
            "revenue_4q": null,
            "common_shares": 6929715,
            "book_valuer_per_share": 12.31,
            "book_valuer_per_share_4q_avg": 13.95,
            "equity": 11895059,
            "current_ratio": 67.87,
            "debt_ratio": 65.72,
            "inventory_turnover_ratio": 0.6,
            "account_receivable_turnover_ratio": 1.52,
            "reinvestment_rate": -106.9,
            "research_to_sale_ratio": null,
            "price_fair": 97.65,
            "eps_avg_yearly": 2.79,
            "eps_latest_yearly": 7.52,
            "eps_growth_yearly": 1927.76
        },
        "20203": {
            "year_quarter": 20203,
            "year": 2020,
            "quarter": 3,
            "eps": -0.03,
            "eps_growth_year": null,
            "eps_4q": -0.23,
            "eps_4q_growth_year": -111.99,
            "roe": -0.36,
            "roe_4q": -1.1400000000000001,
            "gross_profit": 917680,
            "gross_margin": 48.78,
            "gross_margin_4q_avg": 57.69,
            "net_income": -42280,
            "net_income_4q": null,
            "revenue": 1881348,
            "revenue_4q": null,
            "common_shares": 6867627,
            "book_valuer_per_share": 12.39,
            "book_valuer_per_share_4q_avg": 13.38,
            "equity": 11863325,
            "current_ratio": 57.1,
            "debt_ratio": 65.18,
            "inventory_turnover_ratio": 1,
            "account_receivable_turnover_ratio": 2.09,
            "reinvestment_rate": -10.87,
            "research_to_sale_ratio": null,
            "price_fair": 97.65,
            "eps_avg_yearly": 2.79,
            "eps_latest_yearly": 7.52,
            "eps_growth_yearly": 1927.76
        },
        "20204": {
            "year_quarter": 20204,
            "year": 2020,
            "quarter": 4,
            "eps": 0.1,
            "eps_growth_year": -67.44,
            "eps_4q": -0.42,
            "eps_4q_growth_year": -119.04,
            "roe": 1.24,
            "roe_4q": -2.47,
            "gross_profit": 1196086,
            "gross_margin": 61.7,
            "gross_margin_4q_avg": 56.33,
            "net_income": 148366,
            "net_income_4q": null,
            "revenue": 1938593,
            "revenue_4q": null,
            "common_shares": 6867627,
            "book_valuer_per_share": 12.5,
            "book_valuer_per_share_4q_avg": 12.89,
            "equity": 12111345,
            "current_ratio": 59.4,
            "debt_ratio": 66.73,
            "inventory_turnover_ratio": 0.56,
            "account_receivable_turnover_ratio": 2.26,
            "reinvestment_rate": -47.2,
            "research_to_sale_ratio": null,
            "price_fair": 97.65,
            "eps_avg_yearly": 2.79,
            "eps_latest_yearly": 7.52,
            "eps_growth_yearly": 1927.76
        },
        "20211": {
            "year_quarter": 20211,
            "year": 2021,
            "quarter": 1,
            "eps": 0.01,
            "eps_growth_year": null,
            "eps_4q": -0.07,
            "eps_4q_growth_year": -104.31,
            "roe": 0.09,
            "roe_4q": -0.17999999999999983,
            "gross_profit": 1058085,
            "gross_margin": 59.19,
            "gross_margin_4q_avg": 56.86,
            "net_income": 11121,
            "net_income_4q": null,
            "revenue": 1787694,
            "revenue_4q": null,
            "common_shares": 7459680,
            "book_valuer_per_share": 12.28,
            "book_valuer_per_share_4q_avg": 12.37,
            "equity": 12674878,
            "current_ratio": 70.16,
            "debt_ratio": 63.47,
            "inventory_turnover_ratio": 0.42,
            "account_receivable_turnover_ratio": 2.28,
            "reinvestment_rate": 86.03,
            "research_to_sale_ratio": null,
            "price_fair": 78.4,
            "eps_avg_yearly": 2.24,
            "eps_latest_yearly": 0.04,
            "eps_growth_yearly": 1470.21
        },
        "20212": {
            "year_quarter": 20212,
            "year": 2021,
            "quarter": 2,
            "eps": 0.06,
            "eps_growth_year": null,
            "eps_4q": 0.13,
            "eps_4q_growth_year": null,
            "roe": 0.34,
            "roe_4q": 1.31,
            "gross_profit": 1032740,
            "gross_margin": 62.36,
            "gross_margin_4q_avg": 58.01,
            "net_income": 43556,
            "net_income_4q": null,
            "revenue": 1656082,
            "revenue_4q": null,
            "common_shares": 7903720,
            "book_valuer_per_share": 11.88,
            "book_valuer_per_share_4q_avg": 12.26,
            "equity": 12786368,
            "current_ratio": 79.08,
            "debt_ratio": 62.69,
            "inventory_turnover_ratio": 0.36,
            "account_receivable_turnover_ratio": 2.52,
            "reinvestment_rate": 55.8,
            "research_to_sale_ratio": null,
            "price_fair": 66.73,
            "eps_avg_yearly": 1.91,
            "eps_latest_yearly": 0.24,
            "eps_growth_yearly": 1558.51
        },
        "20213": {
            "year_quarter": 20213,
            "year": 2021,
            "quarter": 3,
            "eps": 0.09,
            "eps_growth_year": null,
            "eps_4q": 0.24,
            "eps_4q_growth_year": null,
            "roe": 0.12,
            "roe_4q": 1.79,
            "gross_profit": 1018906,
            "gross_margin": 64.31,
            "gross_margin_4q_avg": 61.89,
            "net_income": 15934,
            "net_income_4q": null,
            "revenue": 1584278,
            "revenue_4q": null,
            "common_shares": 8347761,
            "book_valuer_per_share": 11.83,
            "book_valuer_per_share_4q_avg": 12.12,
            "equity": 13193858,
            "current_ratio": 77.65,
            "debt_ratio": 61.01,
            "inventory_turnover_ratio": 0.33,
            "account_receivable_turnover_ratio": 2.79,
            "reinvestment_rate": 64.72,
            "research_to_sale_ratio": null,
            "price_fair": 59,
            "eps_avg_yearly": 1.69,
            "eps_latest_yearly": 0.36,
            "eps_growth_yearly": 1364.43
        },
        "20214": {
            "year_quarter": 20214,
            "year": 2021,
            "quarter": 4,
            "eps": 0.03,
            "eps_growth_year": -67.88,
            "eps_4q": 0.19,
            "eps_4q_growth_year": null,
            "roe": -0.1,
            "roe_4q": 0.44999999999999996,
            "gross_profit": 1331964,
            "gross_margin": 70.18,
            "gross_margin_4q_avg": 64.01,
            "net_income": -12731,
            "net_income_4q": null,
            "revenue": 1897920,
            "revenue_4q": null,
            "common_shares": 8347761,
            "book_valuer_per_share": 11.9,
            "book_valuer_per_share_4q_avg": 11.97,
            "equity": 13259050,
            "current_ratio": 85.66,
            "debt_ratio": 65.99,
            "inventory_turnover_ratio": 0.35,
            "account_receivable_turnover_ratio": 3.57,
            "reinvestment_rate": -44.5,
            "research_to_sale_ratio": null,
            "price_fair": 48.4,
            "eps_avg_yearly": 1.38,
            "eps_latest_yearly": 0.12,
            "eps_growth_yearly": 1183.48
        },
        "20221": {
            "year_quarter": 20221,
            "year": 2022,
            "quarter": 1,
            "eps": 0.13,
            "eps_growth_year": 1200,
            "eps_4q": 0.31,
            "eps_4q_growth_year": null,
            "roe": 0.49,
            "roe_4q": 0.8500000000000001,
            "gross_profit": 1239458,
            "gross_margin": 70.04,
            "gross_margin_4q_avg": 66.72,
            "net_income": 66413,
            "net_income_4q": null,
            "revenue": 1769701,
            "revenue_4q": null,
            "common_shares": 8347761,
            "book_valuer_per_share": 12.53,
            "book_valuer_per_share_4q_avg": 12.04,
            "equity": 13846078,
            "current_ratio": 87.57,
            "debt_ratio": 64.42,
            "inventory_turnover_ratio": 0.32,
            "account_receivable_turnover_ratio": 3.18,
            "reinvestment_rate": -16.21,
            "research_to_sale_ratio": null,
            "price_fair": 48.4,
            "eps_avg_yearly": 1.38,
            "eps_latest_yearly": 0.52,
            "eps_growth_yearly": 1417.84
        },
        "20222": {
            "year_quarter": 20222,
            "year": 2022,
            "quarter": 2,
            "eps": 0,
            "eps_growth_year": -100,
            "eps_4q": 0.26,
            "eps_4q_growth_year": 99.74,
            "roe": -0.46,
            "roe_4q": 0.04999999999999996,
            "gross_profit": 1029014,
            "gross_margin": 67.2,
            "gross_margin_4q_avg": 67.93,
            "net_income": -63466,
            "net_income_4q": null,
            "revenue": 1531363,
            "revenue_4q": null,
            "common_shares": 8347761,
            "book_valuer_per_share": 12.66,
            "book_valuer_per_share_4q_avg": 12.23,
            "equity": 13799543,
            "current_ratio": 85.14,
            "debt_ratio": 63.9,
            "inventory_turnover_ratio": 0.3,
            "account_receivable_turnover_ratio": 2.68,
            "reinvestment_rate": -16.37,
            "research_to_sale_ratio": null,
            "price_fair": 48.4,
            "eps_avg_yearly": 1.38,
            "eps_latest_yearly": 0.52,
            "eps_growth_yearly": 1417.84
        },
        "20223": {
            "year_quarter": 20223,
            "year": 2022,
            "quarter": 3,
            "eps": -0.03,
            "eps_growth_year": -133.33,
            "eps_4q": 0.13,
            "eps_4q_growth_year": -44.96,
            "roe": -0.7,
            "roe_4q": -0.7699999999999999,
            "gross_profit": 1036566,
            "gross_margin": 68.03,
            "gross_margin_4q_avg": 68.86,
            "net_income": -98064,
            "net_income_4q": null,
            "revenue": 1523760,
            "revenue_4q": null,
            "common_shares": 8347761,
            "book_valuer_per_share": 13.18,
            "book_valuer_per_share_4q_avg": 12.57,
            "equity": 14207966,
            "current_ratio": 82.83,
            "debt_ratio": 61.65,
            "inventory_turnover_ratio": 0.28,
            "account_receivable_turnover_ratio": 2.87,
            "reinvestment_rate": -7.3,
            "research_to_sale_ratio": null,
            "price_fair": 48.4,
            "eps_avg_yearly": 1.38,
            "eps_latest_yearly": 0.52,
            "eps_growth_yearly": 1417.84
        },
        "20224": {
            "year_quarter": 20224,
            "year": 2022,
            "quarter": 4,
            "eps": -0.09,
            "eps_growth_year": -378.15,
            "eps_4q": 0.01,
            "eps_4q_growth_year": -96.14,
            "roe": -1.87,
            "roe_4q": -2.54,
            "gross_profit": 1013689,
            "gross_margin": 67.52,
            "gross_margin_4q_avg": 68.2,
            "net_income": -260313,
            "net_income_4q": null,
            "revenue": 1501219,
            "revenue_4q": null,
            "common_shares": 8347761,
            "book_valuer_per_share": 12.76,
            "book_valuer_per_share_4q_avg": 12.78,
            "equity": 13645065,
            "current_ratio": 89.84,
            "debt_ratio": 61.85,
            "inventory_turnover_ratio": 0.26,
            "account_receivable_turnover_ratio": 2.92,
            "reinvestment_rate": -17.64,
            "research_to_sale_ratio": null,
            "price_fair": 48.4,
            "eps_avg_yearly": 1.38,
            "eps_latest_yearly": 0.52,
            "eps_growth_yearly": 1417.84
        },
        "20231": {
            "year_quarter": 20231,
            "year": 2023,
            "quarter": 1,
            "eps": 0.08,
            "eps_growth_year": -38.46,
            "eps_4q": -0.05,
            "eps_4q_growth_year": -114.8,
            "roe": 0.43,
            "roe_4q": -2.6,
            "gross_profit": 1033882,
            "gross_margin": 67.7,
            "gross_margin_4q_avg": 67.61,
            "net_income": 58470,
            "net_income_4q": null,
            "revenue": 1527114,
            "revenue_4q": null,
            "common_shares": 8247761,
            "book_valuer_per_share": 12.8,
            "book_valuer_per_share_4q_avg": 12.85,
            "equity": 13693579,
            "current_ratio": 83.66,
            "debt_ratio": 64.69,
            "inventory_turnover_ratio": 0.25,
            "account_receivable_turnover_ratio": 3.12,
            "reinvestment_rate": -39.59,
            "research_to_sale_ratio": null,
            "price_fair": 51.33,
            "eps_avg_yearly": 1.47,
            "eps_latest_yearly": 0.52,
            "eps_growth_yearly": 987.47
        },
        "20232": {
            "year_quarter": 20232,
            "year": 2023,
            "quarter": 2,
            "eps": -0.27,
            "eps_growth_year": null,
            "eps_4q": -0.32,
            "eps_4q_growth_year": -225.53,
            "roe": -3.01,
            "roe_4q": -5.1499999999999995,
            "gross_profit": 860250,
            "gross_margin": 64.63,
            "gross_margin_4q_avg": 66.97,
            "net_income": -404913,
            "net_income_4q": null,
            "revenue": 1330980,
            "revenue_4q": null,
            "common_shares": 8247761,
            "book_valuer_per_share": 12.53,
            "book_valuer_per_share_4q_avg": 12.82,
            "equity": 13193288,
            "current_ratio": 74.46,
            "debt_ratio": 63.82,
            "inventory_turnover_ratio": 0.24,
            "account_receivable_turnover_ratio": 3.15,
            "reinvestment_rate": null,
            "research_to_sale_ratio": null,
            "price_fair": 8.96,
            "eps_avg_yearly": 0.26,
            "eps_latest_yearly": 0.52,
            "eps_growth_yearly": 581.33
        },
        "20233": {
            "year_quarter": 20233,
            "year": 2023,
            "quarter": 3,
            "eps": -0.27,
            "eps_growth_year": null,
            "eps_4q": -0.56,
            "eps_4q_growth_year": -520.5,
            "roe": -2.36,
            "roe_4q": -6.81,
            "gross_profit": 803203,
            "gross_margin": 64.58,
            "gross_margin_4q_avg": 66.11,
            "net_income": -312556,
            "net_income_4q": null,
            "revenue": 1243742,
            "revenue_4q": null,
            "common_shares": 8247761,
            "book_valuer_per_share": 12.69,
            "book_valuer_per_share_4q_avg": 12.7,
            "equity": 13349835,
            "current_ratio": 71.56,
            "debt_ratio": 65.74,
            "inventory_turnover_ratio": 0.22,
            "account_receivable_turnover_ratio": 2.65,
            "reinvestment_rate": null,
            "research_to_sale_ratio": null,
            "price_fair": 8.96,
            "eps_avg_yearly": 0.26,
            "eps_latest_yearly": 0.52,
            "eps_growth_yearly": 581.33
        }
    },
    "months": {
        "2001-06": {
            "month": "2001-06",
            "price": "2.42",
            "revenue": 21741
        },
        "2001-07": {
            "month": "2001-07",
            "price": "1.95",
            "revenue": 20100
        },
        "2001-08": {
            "month": "2001-08",
            "price": "2.47",
            "revenue": 11588
        },
        "2001-09": {
            "month": "2001-09",
            "price": "2.16",
            "revenue": 5823
        },
        "2001-10": {
            "month": "2001-10",
            "price": "1.78",
            "revenue": 12399
        },
        "2001-11": {
            "month": "2001-11",
            "price": "1.83",
            "revenue": 14924
        },
        "2001-12": {
            "month": "2001-12",
            "price": "2.06",
            "revenue": 13343
        },
        "2002-01": {
            "month": "2002-01",
            "price": "2.94",
            "revenue": 20207
        },
        "2002-02": {
            "month": "2002-02",
            "price": "2.90",
            "revenue": 15544
        },
        "2002-03": {
            "month": "2002-03",
            "price": "3.02",
            "revenue": 20967
        },
        "2002-04": {
            "month": "2002-04",
            "price": "3.65",
            "revenue": 19774
        },
        "2002-05": {
            "month": "2002-05",
            "price": "3.50",
            "revenue": 16450
        },
        "2002-06": {
            "month": "2002-06",
            "price": "2.88",
            "revenue": 15473
        },
        "2002-07": {
            "month": "2002-07",
            "price": "2.36",
            "revenue": 16860
        },
        "2002-08": {
            "month": "2002-08",
            "price": "2.08",
            "revenue": 16991
        },
        "2002-09": {
            "month": "2002-09",
            "price": "1.75",
            "revenue": 17764
        },
        "2002-10": {
            "month": "2002-10",
            "price": "1.75",
            "revenue": 13871
        },
        "2002-12": {
            "month": "2002-12",
            "price": "3.93",
            "revenue": 13755
        },
        "2003-01": {
            "month": "2003-01",
            "price": "6.04",
            "revenue": 8578
        },
        "2003-02": {
            "month": "2003-02",
            "price": "5.17",
            "revenue": 8535
        },
        "2003-03": {
            "month": "2003-03",
            "price": "4.62",
            "revenue": 9370
        },
        "2003-04": {
            "month": "2003-04",
            "price": "4.18",
            "revenue": 8936
        },
        "2003-05": {
            "month": "2003-05",
            "price": "3.54",
            "revenue": 9208
        },
        "2003-06": {
            "month": "2003-06",
            "price": "4.73",
            "revenue": 8911
        },
        "2003-07": {
            "month": "2003-07",
            "price": "5.34",
            "revenue": 9151
        },
        "2003-08": {
            "month": "2003-08",
            "price": "5.45",
            "revenue": 9131
        },
        "2003-09": {
            "month": "2003-09",
            "price": "5.35",
            "revenue": 8863
        },
        "2003-10": {
            "month": "2003-10",
            "price": "5.10",
            "revenue": 9568
        },
        "2003-11": {
            "month": "2003-11",
            "price": "5.62",
            "revenue": 8820
        },
        "2003-12": {
            "month": "2003-12",
            "price": "5.49",
            "revenue": 38851
        },
        "2004-01": {
            "month": "2004-01",
            "price": "6.47",
            "revenue": 11775
        },
        "2004-02": {
            "month": "2004-02",
            "price": "8.87",
            "revenue": 9872
        },
        "2004-03": {
            "month": "2004-03",
            "price": "10.50",
            "revenue": 11562
        },
        "2004-04": {
            "month": "2004-04",
            "price": "9.45",
            "revenue": 11316
        },
        "2004-05": {
            "month": "2004-05",
            "price": "10.27",
            "revenue": 10806
        },
        "2004-06": {
            "month": "2004-06",
            "price": "7.74",
            "revenue": 11439
        },
        "2004-07": {
            "month": "2004-07",
            "price": "7.17",
            "revenue": 11285
        },
        "2004-08": {
            "month": "2004-08",
            "price": "6.24",
            "revenue": 11293
        },
        "2004-09": {
            "month": "2004-09",
            "price": "6.66",
            "revenue": 11076
        },
        "2004-10": {
            "month": "2004-10",
            "price": "9.03",
            "revenue": 11330
        },
        "2004-11": {
            "month": "2004-11",
            "price": "8.88",
            "revenue": 10873
        },
        "2004-12": {
            "month": "2004-12",
            "price": "8.86",
            "revenue": 10704
        },
        "2005-01": {
            "month": "2005-01",
            "price": "8.83",
            "revenue": 6273
        },
        "2005-02": {
            "month": "2005-02",
            "price": "8.50",
            "revenue": 3879
        },
        "2005-03": {
            "month": "2005-03",
            "price": "7.85",
            "revenue": 9332
        },
        "2005-04": {
            "month": "2005-04",
            "price": "6.58",
            "revenue": 9022
        },
        "2005-05": {
            "month": "2005-05",
            "price": "6.12",
            "revenue": 10098
        },
        "2005-06": {
            "month": "2005-06",
            "price": "6.72",
            "revenue": 8830
        },
        "2005-07": {
            "month": "2005-07",
            "price": "6.41",
            "revenue": 9932
        },
        "2005-08": {
            "month": "2005-08",
            "price": "6.15",
            "revenue": 10217
        },
        "2005-09": {
            "month": "2005-09",
            "price": "5.51",
            "revenue": 93322
        },
        "2005-10": {
            "month": "2005-10",
            "price": "4.55",
            "revenue": 102403
        },
        "2005-11": {
            "month": "2005-11",
            "price": "4.15",
            "revenue": 103751
        },
        "2005-12": {
            "month": "2005-12",
            "price": "5.26",
            "revenue": 108121
        },
        "2006-01": {
            "month": "2006-01",
            "price": "5.25",
            "revenue": 113528
        },
        "2006-02": {
            "month": "2006-02",
            "price": "6.27",
            "revenue": 108662
        },
        "2006-03": {
            "month": "2006-03",
            "price": "6.50",
            "revenue": 105817
        },
        "2006-04": {
            "month": "2006-04",
            "price": "6.89",
            "revenue": 107506
        },
        "2006-05": {
            "month": "2006-05",
            "price": "11.10",
            "revenue": 109624
        },
        "2006-06": {
            "month": "2006-06",
            "price": "12.53",
            "revenue": 109665
        },
        "2006-07": {
            "month": "2006-07",
            "price": "12.43",
            "revenue": 114167
        },
        "2006-08": {
            "month": "2006-08",
            "price": "13.76",
            "revenue": 1464854
        },
        "2006-09": {
            "month": "2006-09",
            "price": "14.91",
            "revenue": 423433
        },
        "2006-10": {
            "month": "2006-10",
            "price": "22.49",
            "revenue": 420430
        },
        "2006-11": {
            "month": "2006-11",
            "price": "23.62",
            "revenue": 610178
        },
        "2006-12": {
            "month": "2006-12",
            "price": "29.15",
            "revenue": 712185
        },
        "2007-01": {
            "month": "2007-01",
            "price": "34.18",
            "revenue": 585142
        },
        "2007-02": {
            "month": "2007-02",
            "price": "34.03",
            "revenue": 657416
        },
        "2007-03": {
            "month": "2007-03",
            "price": "33.46",
            "revenue": 554647
        },
        "2007-04": {
            "month": "2007-04",
            "price": "43.78",
            "revenue": 616656
        },
        "2007-05": {
            "month": "2007-05",
            "price": "44.79",
            "revenue": 746097
        },
        "2007-06": {
            "month": "2007-06",
            "price": "47.54",
            "revenue": 612170
        },
        "2007-07": {
            "month": "2007-07",
            "price": "59.29",
            "revenue": 634011
        },
        "2007-08": {
            "month": "2007-08",
            "price": "76.80",
            "revenue": 661709
        },
        "2007-09": {
            "month": "2007-09",
            "price": "79.46",
            "revenue": 729664
        },
        "2007-10": {
            "month": "2007-10",
            "price": "92.55",
            "revenue": 881533
        },
        "2007-11": {
            "month": "2007-11",
            "price": "71.65",
            "revenue": 1172554
        },
        "2007-12": {
            "month": "2007-12",
            "price": "65.09",
            "revenue": 1380114
        },
        "2008-01": {
            "month": "2008-01",
            "price": "63.58",
            "revenue": 1285627
        },
        "2008-02": {
            "month": "2008-02",
            "price": "63.56",
            "revenue": 1214294
        },
        "2008-03": {
            "month": "2008-03",
            "price": "68.39",
            "revenue": 1049315
        },
        "2008-04": {
            "month": "2008-04",
            "price": "78.78",
            "revenue": 962654
        },
        "2008-05": {
            "month": "2008-05",
            "price": "79.44",
            "revenue": 1104612
        },
        "2008-06": {
            "month": "2008-06",
            "price": "60.77",
            "revenue": 982246
        },
        "2008-07": {
            "month": "2008-07",
            "price": "58.46",
            "revenue": 1153712
        },
        "2008-08": {
            "month": "2008-08",
            "price": "57.22",
            "revenue": 955769
        },
        "2008-09": {
            "month": "2008-09",
            "price": "48.41",
            "revenue": 1143094
        },
        "2008-10": {
            "month": "2008-10",
            "price": "31.18",
            "revenue": 1306970
        },
        "2008-11": {
            "month": "2008-11",
            "price": "31.76",
            "revenue": 1798792
        },
        "2008-12": {
            "month": "2008-12",
            "price": "31.13",
            "revenue": 1600762
        },
        "2009-01": {
            "month": "2009-01",
            "price": "32.72",
            "revenue": 1889220
        },
        "2009-02": {
            "month": "2009-02",
            "price": "33.67",
            "revenue": 1156242
        },
        "2009-03": {
            "month": "2009-03",
            "price": "38.32",
            "revenue": 1079146
        },
        "2009-04": {
            "month": "2009-04",
            "price": "42.75",
            "revenue": 1094553
        },
        "2009-05": {
            "month": "2009-05",
            "price": "46.08",
            "revenue": 1273413
        },
        "2009-06": {
            "month": "2009-06",
            "price": "46.13",
            "revenue": 1060890
        },
        "2009-07": {
            "month": "2009-07",
            "price": "47.19",
            "revenue": 1019315
        },
        "2009-08": {
            "month": "2009-08",
            "price": "40.31",
            "revenue": 1123482
        },
        "2009-09": {
            "month": "2009-09",
            "price": "38.54",
            "revenue": 1232854
        },
        "2009-10": {
            "month": "2009-10",
            "price": "44.21",
            "revenue": 1507035
        },
        "2009-11": {
            "month": "2009-11",
            "price": "46.56",
            "revenue": 2064023
        },
        "2009-12": {
            "month": "2009-12",
            "price": "46.53",
            "revenue": 1911144
        },
        "2010-01": {
            "month": "2010-01",
            "price": "51.35",
            "revenue": 1858867
        },
        "2010-02": {
            "month": "2010-02",
            "price": "43.59",
            "revenue": 1852735
        },
        "2010-03": {
            "month": "2010-03",
            "price": "48.84",
            "revenue": 1360534
        },
        "2010-04": {
            "month": "2010-04",
            "price": "54.04",
            "revenue": 1220295
        },
        "2010-05": {
            "month": "2010-05",
            "price": "51.07",
            "revenue": 1495749
        },
        "2010-06": {
            "month": "2010-06",
            "price": "51.51",
            "revenue": 1346119
        },
        "2010-07": {
            "month": "2010-07",
            "price": "53.68",
            "revenue": 1292768
        },
        "2010-08": {
            "month": "2010-08",
            "price": "62.51",
            "revenue": 1351414
        },
        "2010-09": {
            "month": "2010-09",
            "price": "68.04",
            "revenue": 1466722
        },
        "2010-10": {
            "month": "2010-10",
            "price": "64.68",
            "revenue": 1975808
        },
        "2010-11": {
            "month": "2010-11",
            "price": "65.89",
            "revenue": 2479718
        },
        "2010-12": {
            "month": "2010-12",
            "price": "69.30",
            "revenue": 3657770
        },
        "2011-01": {
            "month": "2011-01",
            "price": "64.88",
            "revenue": 3042269
        },
        "2011-02": {
            "month": "2011-02",
            "price": "58.74",
            "revenue": 1745039
        },
        "2011-03": {
            "month": "2011-03",
            "price": "64.11",
            "revenue": 1815743
        },
        "2011-04": {
            "month": "2011-04",
            "price": "69.33",
            "revenue": 1941435
        },
        "2011-05": {
            "month": "2011-05",
            "price": "65.25",
            "revenue": 1935064
        },
        "2011-06": {
            "month": "2011-06",
            "price": "66.53",
            "revenue": 1884895
        },
        "2011-07": {
            "month": "2011-07",
            "price": "71.13",
            "revenue": 1808281
        },
        "2011-08": {
            "month": "2011-08",
            "price": "65.55",
            "revenue": 1842395
        },
        "2011-09": {
            "month": "2011-09",
            "price": "57.02",
            "revenue": 2198200
        },
        "2011-10": {
            "month": "2011-10",
            "price": "44.27",
            "revenue": 2579777
        },
        "2011-11": {
            "month": "2011-11",
            "price": "46.41",
            "revenue": 3070110
        },
        "2011-12": {
            "month": "2011-12",
            "price": "35.49",
            "revenue": 3036224
        },
        "2012-01": {
            "month": "2012-01",
            "price": "35.71",
            "revenue": 3726685
        },
        "2012-02": {
            "month": "2012-02",
            "price": "42.88",
            "revenue": 1998682
        },
        "2012-03": {
            "month": "2012-03",
            "price": "45.12",
            "revenue": 2229063
        },
        "2012-04": {
            "month": "2012-04",
            "price": "42.41",
            "revenue": 2227435
        },
        "2012-05": {
            "month": "2012-05",
            "price": "42.92",
            "revenue": 2259211
        },
        "2012-06": {
            "month": "2012-06",
            "price": "35.32",
            "revenue": 2071856
        },
        "2012-07": {
            "month": "2012-07",
            "price": "31.81",
            "revenue": 1865420
        },
        "2012-08": {
            "month": "2012-08",
            "price": "31.62",
            "revenue": 2130362
        },
        "2012-09": {
            "month": "2012-09",
            "price": "30.92",
            "revenue": 2186879
        },
        "2012-10": {
            "month": "2012-10",
            "price": "28.13",
            "revenue": 2575688
        },
        "2012-11": {
            "month": "2012-11",
            "price": "23.63",
            "revenue": 3297853
        },
        "2012-12": {
            "month": "2012-12",
            "price": "26.06",
            "revenue": 2986795
        },
        "2013-01": {
            "month": "2013-01",
            "price": "24.56",
            "revenue": 751757
        },
        "2013-02": {
            "month": "2013-02",
            "price": "23.45",
            "revenue": 704951
        },
        "2013-03": {
            "month": "2013-03",
            "price": "22.75",
            "revenue": 618649
        },
        "2013-04": {
            "month": "2013-04",
            "price": "22.04",
            "revenue": 627608
        },
        "2013-05": {
            "month": "2013-05",
            "price": "21.47",
            "revenue": 593551
        },
        "2013-06": {
            "month": "2013-06",
            "price": "20.54",
            "revenue": 627212
        },
        "2013-07": {
            "month": "2013-07",
            "price": "19.85",
            "revenue": 533984
        },
        "2013-08": {
            "month": "2013-08",
            "price": "18.84",
            "revenue": 620592
        },
        "2013-09": {
            "month": "2013-09",
            "price": "20.14",
            "revenue": 586630
        },
        "2013-10": {
            "month": "2013-10",
            "price": "20.08",
            "revenue": 753734
        },
        "2013-11": {
            "month": "2013-11",
            "price": "19.97",
            "revenue": 820627
        },
        "2013-12": {
            "month": "2013-12",
            "price": "20.00",
            "revenue": 768328
        },
        "2014-01": {
            "month": "2014-01",
            "price": "19.50",
            "revenue": 913815
        },
        "2014-02": {
            "month": "2014-02",
            "price": "18.70",
            "revenue": 618169
        },
        "2014-03": {
            "month": "2014-03",
            "price": "18.18",
            "revenue": 719736
        },
        "2014-04": {
            "month": "2014-04",
            "price": "18.16",
            "revenue": 659474
        },
        "2014-05": {
            "month": "2014-05",
            "price": "19.22",
            "revenue": 687090
        },
        "2014-06": {
            "month": "2014-06",
            "price": "20.44",
            "revenue": 682562
        },
        "2014-07": {
            "month": "2014-07",
            "price": "20.52",
            "revenue": 568794
        },
        "2014-08": {
            "month": "2014-08",
            "price": "20.93",
            "revenue": 667450
        },
        "2014-09": {
            "month": "2014-09",
            "price": "21.99",
            "revenue": 679249
        },
        "2014-10": {
            "month": "2014-10",
            "price": "19.71",
            "revenue": 771223
        },
        "2014-11": {
            "month": "2014-11",
            "price": "18.42",
            "revenue": 909256
        },
        "2014-12": {
            "month": "2014-12",
            "price": "17.41",
            "revenue": 890932
        },
        "2015-01": {
            "month": "2015-01",
            "price": "17.72",
            "revenue": 775586
        },
        "2015-02": {
            "month": "2015-02",
            "price": "16.88",
            "revenue": 888625
        },
        "2015-03": {
            "month": "2015-03",
            "price": "16.77",
            "revenue": 784449
        },
        "2015-04": {
            "month": "2015-04",
            "price": "16.86",
            "revenue": 645566
        },
        "2015-05": {
            "month": "2015-05",
            "price": "15.31",
            "revenue": 714772
        },
        "2015-06": {
            "month": "2015-06",
            "price": "13.43",
            "revenue": 661351
        },
        "2015-07": {
            "month": "2015-07",
            "price": "12.04",
            "revenue": 558731
        },
        "2015-08": {
            "month": "2015-08",
            "price": "11.14",
            "revenue": 604379
        },
        "2015-09": {
            "month": "2015-09",
            "price": "10.82",
            "revenue": 697759
        },
        "2015-10": {
            "month": "2015-10",
            "price": "11.68",
            "revenue": 740038
        },
        "2015-11": {
            "month": "2015-11",
            "price": "10.29",
            "revenue": 823473
        },
        "2015-12": {
            "month": "2015-12",
            "price": "9.16",
            "revenue": 602077
        },
        "2016-01": {
            "month": "2016-01",
            "price": "8.69",
            "revenue": 825951
        },
        "2016-02": {
            "month": "2016-02",
            "price": "8.99",
            "revenue": 709834
        },
        "2016-03": {
            "month": "2016-03",
            "price": "9.27",
            "revenue": 632703
        },
        "2016-04": {
            "month": "2016-04",
            "price": "8.88",
            "revenue": 577961
        },
        "2016-05": {
            "month": "2016-05",
            "price": "7.92",
            "revenue": 631156
        },
        "2016-06": {
            "month": "2016-06",
            "price": "7.93",
            "revenue": 590832
        },
        "2016-07": {
            "month": "2016-07",
            "price": "8.03",
            "revenue": 478107
        },
        "2016-08": {
            "month": "2016-08",
            "price": "7.81",
            "revenue": 534185
        },
        "2016-09": {
            "month": "2016-09",
            "price": "7.75",
            "revenue": 519625
        },
        "2016-10": {
            "month": "2016-10",
            "price": "7.34",
            "revenue": 741503
        },
        "2016-11": {
            "month": "2016-11",
            "price": "7.41",
            "revenue": 618960
        },
        "2016-12": {
            "month": "2016-12",
            "price": "7.14",
            "revenue": 690465
        },
        "2017-01": {
            "month": "2017-01",
            "price": "7.14",
            "revenue": 761100
        },
        "2017-02": {
            "month": "2017-02",
            "price": "8.26",
            "revenue": 509238
        },
        "2017-03": {
            "month": "2017-03",
            "price": "8.53",
            "revenue": 562511
        },
        "2017-04": {
            "month": "2017-04",
            "price": "7.84",
            "revenue": 543484
        },
        "2017-05": {
            "month": "2017-05",
            "price": "8.37",
            "revenue": 577725
        },
        "2017-06": {
            "month": "2017-06",
            "price": "9.68",
            "revenue": 523631
        },
        "2017-07": {
            "month": "2017-07",
            "price": "9.90",
            "revenue": 489259
        },
        "2017-08": {
            "month": "2017-08",
            "price": "9.22",
            "revenue": 536466
        },
        "2017-09": {
            "month": "2017-09",
            "price": "8.73",
            "revenue": 549484
        },
        "2017-10": {
            "month": "2017-10",
            "price": "8.05",
            "revenue": 625788
        },
        "2017-11": {
            "month": "2017-11",
            "price": "7.97",
            "revenue": 864685
        },
        "2017-12": {
            "month": "2017-12",
            "price": "8.91",
            "revenue": 740869
        },
        "2018-01": {
            "month": "2018-01",
            "price": "8.83",
            "revenue": 645793
        },
        "2018-02": {
            "month": "2018-02",
            "price": "8.33",
            "revenue": 718323
        },
        "2018-03": {
            "month": "2018-03",
            "price": "8.53",
            "revenue": 667774
        },
        "2018-04": {
            "month": "2018-04",
            "price": "9.85",
            "revenue": 599884
        },
        "2018-05": {
            "month": "2018-05",
            "price": "12.87",
            "revenue": 660339
        },
        "2018-06": {
            "month": "2018-06",
            "price": "12.87",
            "revenue": 585423
        },
        "2018-07": {
            "month": "2018-07",
            "price": "11.94",
            "revenue": 520289
        },
        "2018-08": {
            "month": "2018-08",
            "price": "10.97",
            "revenue": 593637
        },
        "2018-09": {
            "month": "2018-09",
            "price": "10.22",
            "revenue": 684046
        },
        "2018-10": {
            "month": "2018-10",
            "price": "10.82",
            "revenue": 614054
        },
        "2018-11": {
            "month": "2018-11",
            "price": "10.64",
            "revenue": 989004
        },
        "2018-12": {
            "month": "2018-12",
            "price": "11.24",
            "revenue": 761713
        },
        "2019-01": {
            "month": "2019-01",
            "price": "10.74",
            "revenue": 792236
        },
        "2019-02": {
            "month": "2019-02",
            "price": "11.91",
            "revenue": 630901
        },
        "2019-03": {
            "month": "2019-03",
            "price": "12.54",
            "revenue": 714226
        },
        "2019-04": {
            "month": "2019-04",
            "price": "12.35",
            "revenue": 615802
        },
        "2019-05": {
            "month": "2019-05",
            "price": "11.44",
            "revenue": 697158
        },
        "2019-06": {
            "month": "2019-06",
            "price": "12.09",
            "revenue": 602939
        },
        "2019-07": {
            "month": "2019-07",
            "price": "12.54",
            "revenue": 523352
        },
        "2019-08": {
            "month": "2019-08",
            "price": "12.14",
            "revenue": 610152
        },
        "2019-09": {
            "month": "2019-09",
            "price": "12.42",
            "revenue": 619261
        },
        "2019-10": {
            "month": "2019-10",
            "price": "11.84",
            "revenue": 600278
        },
        "2019-11": {
            "month": "2019-11",
            "price": "11.16",
            "revenue": 948422
        },
        "2019-12": {
            "month": "2019-12",
            "price": "11.07",
            "revenue": 743464
        },
        "2020-01": {
            "month": "2020-01",
            "price": "11.00",
            "revenue": 689483
        },
        "2020-02": {
            "month": "2020-02",
            "price": "9.50",
            "revenue": 173300
        },
        "2020-03": {
            "month": "2020-03",
            "price": "8.37",
            "revenue": 349399
        },
        "2020-04": {
            "month": "2020-04",
            "price": "9.36",
            "revenue": 412721
        },
        "2020-05": {
            "month": "2020-05",
            "price": "9.74",
            "revenue": 537054
        },
        "2020-06": {
            "month": "2020-06",
            "price": "9.87",
            "revenue": 456011
        },
        "2020-07": {
            "month": "2020-07",
            "price": "9.80",
            "revenue": 641312
        },
        "2020-08": {
            "month": "2020-08",
            "price": "9.86",
            "revenue": 525515
        },
        "2020-09": {
            "month": "2020-09",
            "price": "9.95",
            "revenue": 719017
        },
        "2020-10": {
            "month": "2020-10",
            "price": "9.92",
            "revenue": 626540
        },
        "2020-11": {
            "month": "2020-11",
            "price": "9.17",
            "revenue": 681364
        },
        "2020-12": {
            "month": "2020-12",
            "price": "10.52",
            "revenue": 646075
        },
        "2021-01": {
            "month": "2021-01",
            "price": "9.96",
            "revenue": 612342
        },
        "2021-02": {
            "month": "2021-02",
            "price": "9.67",
            "revenue": 559727
        },
        "2021-03": {
            "month": "2021-03",
            "price": "10.58",
            "revenue": 618907
        },
        "2021-04": {
            "month": "2021-04",
            "price": "12.95",
            "revenue": 503140
        },
        "2021-05": {
            "month": "2021-05",
            "price": "13.18",
            "revenue": 622347
        },
        "2021-06": {
            "month": "2021-06",
            "price": "17.15",
            "revenue": 530837
        },
        "2021-07": {
            "month": "2021-07",
            "price": "20.48",
            "revenue": 488347
        },
        "2021-08": {
            "month": "2021-08",
            "price": "16.45",
            "revenue": 492417
        },
        "2021-09": {
            "month": "2021-09",
            "price": "15.32",
            "revenue": 617893
        },
        "2021-10": {
            "month": "2021-10",
            "price": "13.21",
            "revenue": 547506
        },
        "2021-11": {
            "month": "2021-11",
            "price": "13.03",
            "revenue": 734586
        },
        "2021-12": {
            "month": "2021-12",
            "price": "13.19",
            "revenue": 616452
        },
        "2022-01": {
            "month": "2022-01",
            "price": "12.06",
            "revenue": 700651
        },
        "2022-02": {
            "month": "2022-02",
            "price": "12.37",
            "revenue": 517012
        },
        "2022-03": {
            "month": "2022-03",
            "price": "12.13",
            "revenue": 556352
        },
        "2022-04": {
            "month": "2022-04",
            "price": "11.11",
            "revenue": 460759
        },
        "2022-05": {
            "month": "2022-05",
            "price": "10.64",
            "revenue": 543243
        },
        "2022-06": {
            "month": "2022-06",
            "price": "10.05",
            "revenue": 548726
        },
        "2022-07": {
            "month": "2022-07",
            "price": "9.45",
            "revenue": 465054
        },
        "2022-08": {
            "month": "2022-08",
            "price": "9.48",
            "revenue": 529814
        },
        "2022-09": {
            "month": "2022-09",
            "price": "9.01",
            "revenue": 534770
        },
        "2022-10": {
            "month": "2022-10",
            "price": "8.22",
            "revenue": 569814
        },
        "2022-11": {
            "month": "2022-11",
            "price": "8.29",
            "revenue": 483097
        },
        "2022-12": {
            "month": "2022-12",
            "price": "8.89",
            "revenue": 457670
        },
        "2023-01": {
            "month": "2023-01",
            "price": "8.58",
            "revenue": 597650
        },
        "2023-02": {
            "month": "2023-02",
            "price": "8.65",
            "revenue": 437225
        },
        "2023-03": {
            "month": "2023-03",
            "price": "9.57",
            "revenue": 492567
        },
        "2023-04": {
            "month": "2023-04",
            "price": "9.20",
            "revenue": 420004
        },
        "2023-05": {
            "month": "2023-05",
            "price": "9.02",
            "revenue": 477708
        },
        "2023-06": {
            "month": "2023-06",
            "price": "9.05",
            "revenue": 434440
        },
        "2023-07": {
            "month": "2023-07",
            "price": "8.70",
            "revenue": 391449
        },
        "2023-08": {
            "month": "2023-08",
            "price": "8.54",
            "revenue": 444540
        },
        "2023-09": {
            "month": "2023-09",
            "price": "8.45",
            "revenue": 408509
        },
        "2023-10": {
            "month": "2023-10",
            "price": "8.23",
            "revenue": 493252
        },
        "2023-11": {
            "month": "2023-11",
            "price": "8.19",
            "revenue": 459948
        },
        "2023-12": {
            "month": "2023-12",
            "price": "8.99",
            "revenue": 445512
        }
    }
}
