{
    "summary": {
        "stock_name": "長榮",
        "stock_id": "2603",
        "category": "航運",
        "main_business": "G301011船舶運送業、G401011船務代理業<br>G404011貨櫃集散站經營業、CD01070商港區船舶小修業<br>ZZ99999除許可業務外，得經營法令非禁止或限制之業務",
        "website_url": "http://www.evergreen-marine.com",
        "ceo": "吳光輝",
        "pe_ratio": 6,
        "report_year_from": 2001,
        "report_year_to": 2023,
        "age": 23,
        "eps_negative_percentage": 23,
        "eps_growth_avg": {
            "last_all": -14.83,
            "last_2y": 38.2,
            "last_4y": 32.92,
            "last_8y": -4.77,
            "last_12y": -25.93,
            "last_16y": -27.29,
            "last_20y": -14.83,
            "at_2006_last_3y": 22.53,
            "at_2007_last_3y": 22.53,
            "at_2008_last_3y": -25.99,
            "at_2009_last_3y": -47.77,
            "at_2010_last_3y": -31.36,
            "at_2011_last_3y": -98.02,
            "at_2012_last_3y": -100,
            "at_2013_last_3y": -100,
            "at_2014_last_3y": -100,
            "at_2015_last_3y": -100,
            "at_2016_last_3y": -100,
            "at_2017_last_3y": -100,
            "at_2018_last_3y": -98.99,
            "at_2019_last_3y": -73.99,
            "at_2020_last_3y": -15.99,
            "at_2021_last_3y": 13.01,
            "at_2022_last_3y": 61.94,
            "at_2023_last_3y": 53.65,
            "at_2024_last_3y": 53.65,
            "at_2006_last_all": 22.53,
            "at_2007_last_all": 38.02,
            "at_2008_last_all": 16.01,
            "at_2009_last_all": -0.56,
            "at_2010_last_all": -0.56,
            "at_2011_last_all": -12.99,
            "at_2012_last_all": -12.99,
            "at_2013_last_all": -22.66,
            "at_2014_last_all": -22.66,
            "at_2015_last_all": -30.39,
            "at_2016_last_all": -30.39,
            "at_2017_last_all": -30.39,
            "at_2018_last_all": -36.54,
            "at_2019_last_all": -37.66,
            "at_2020_last_all": -27.07,
            "at_2021_last_all": -17.99,
            "at_2022_last_all": -10.28,
            "at_2023_last_all": -14.83,
            "at_2024_last_all": -14.83
        },
        "latest_eps": 29.24,
        "latest_price": 177.5,
        "latest_roe": 12.69,
        "latest_gross_margin": 17.04,
        "latest_equity": 486449863,
        "latest_revenue": 72812414,
        "latest_gross_profit": 12408948,
        "latest_net_income": 23054806,
        "latest_debt_ratio": 37.85,
        "latest_current_ratio": 240.87,
        "latest_account_receivable_turnover_ratio": 3.55,
        "latest_inventory_turnover_ratio": 5.71,
        "latest_reinvestment_rate": 26.65,
        "latest_research_to_sale_ratio": null
    },
    "eps_dividends": {
        "1991": {
            "cash": 1,
            "stock": 0,
            "eps": 0
        },
        "1992": {
            "cash": 1.5,
            "stock": 0,
            "eps": 0
        },
        "1993": {
            "cash": 1,
            "stock": 1,
            "eps": 0
        },
        "1994": {
            "cash": 0,
            "stock": 1.5,
            "eps": 0
        },
        "1999": {
            "cash": 0,
            "stock": 0.8,
            "eps": 0
        },
        "2000": {
            "cash": 0,
            "stock": 0.8,
            "eps": 0
        },
        "2001": {
            "cash": 0.4,
            "stock": 0.2,
            "eps": 0
        },
        "2002": {
            "cash": 0.3,
            "stock": 0.3,
            "eps": 0.5
        },
        "2003": {
            "cash": 0.2,
            "stock": 0.2,
            "eps": 1.69
        },
        "2004": {
            "cash": 0.6,
            "stock": 0.6,
            "eps": 5.36
        },
        "2005": {
            "cash": 2,
            "stock": 1,
            "eps": 4.67
        },
        "2006": {
            "cash": 1.8,
            "stock": 0.7,
            "eps": 0.14
        },
        "2007": {
            "cash": 0.3,
            "stock": 0,
            "eps": 3.54
        },
        "2008": {
            "cash": 1.7,
            "stock": 0,
            "eps": 0.21
        },
        "2009": {
            "cash": 0,
            "stock": 0,
            "eps": -3.22
        },
        "2010": {
            "cash": 0,
            "stock": 0,
            "eps": 4.92
        },
        "2011": {
            "cash": 1,
            "stock": 1,
            "eps": -0.85
        },
        "2012": {
            "cash": 0,
            "stock": 0,
            "eps": 0.04
        },
        "2013": {
            "cash": 0,
            "stock": 0,
            "eps": -0.44
        },
        "2014": {
            "cash": 0,
            "stock": 0,
            "eps": 0.34
        },
        "2015": {
            "cash": 0.1,
            "stock": 0.1,
            "eps": -1.25
        },
        "2016": {
            "cash": 0,
            "stock": 0,
            "eps": -1.88
        },
        "2017": {
            "cash": 0,
            "stock": 0,
            "eps": 1.98
        },
        "2018": {
            "cash": 0.2,
            "stock": 0.5,
            "eps": 0.04
        },
        "2019": {
            "cash": 0,
            "stock": 0,
            "eps": 0.02
        },
        "2020": {
            "cash": 0,
            "stock": 0,
            "eps": 5.01
        },
        "2021": {
            "cash": 2.5,
            "stock": 0,
            "eps": 45.43
        },
        "2022": {
            "cash": 18,
            "stock": 0,
            "eps": 89.84
        },
        "2023": {
            "cash": 70,
            "stock": 0,
            "eps": 15.14
        }
    },
    "dividends": {
        "1991-05-11": {
            "cash": 1,
            "stock": 0
        },
        "1992-05-09": {
            "cash": 1.5,
            "stock": 0
        },
        "1993-05-08": {
            "cash": 1,
            "stock": 1
        },
        "1994-05-07": {
            "cash": 0,
            "stock": 1.5
        },
        "1999-06-22": {
            "cash": 0,
            "stock": 0.8
        },
        "2000-06-20": {
            "cash": 0,
            "stock": 0.8
        },
        "2001-06-20": {
            "cash": 0.4,
            "stock": 0.2
        },
        "2002-06-21": {
            "cash": 0.3,
            "stock": 0.3
        },
        "2003-04-23": {
            "cash": 0.2,
            "stock": 0.2
        },
        "2004-04-27": {
            "cash": 0.6,
            "stock": 0.6
        },
        "2005-04-19": {
            "cash": 2,
            "stock": 1
        },
        "2006-04-24": {
            "cash": 1.8,
            "stock": 0.7
        },
        "2007-04-19": {
            "cash": 0.3,
            "stock": 0
        },
        "2008-04-22": {
            "cash": 1.7,
            "stock": 0
        },
        "2011-03-22": {
            "cash": 1,
            "stock": 1
        },
        "2015-08-28": {
            "cash": 0.1,
            "stock": 0.1
        },
        "2018-09-27": {
            "cash": 0.2,
            "stock": 0.5
        },
        "2021-09-10": {
            "cash": 2.5,
            "stock": 0
        },
        "2022-07-28": {
            "cash": 18,
            "stock": 0
        },
        "2023-07-26": {
            "cash": 70,
            "stock": 0
        }
    },
    "prices": {
        "200101": "23.09",
        "200102": "23.21",
        "200103": "20.42",
        "200104": "17.32",
        "200105": "16.20",
        "200106": "16.10",
        "200107": "12.46",
        "200108": "15.29",
        "200109": "13.32",
        "200110": "9.99",
        "200111": "11.71",
        "200112": "13.30",
        "200201": "13.26",
        "200202": "16.31",
        "200203": "17.13",
        "200204": "16.03",
        "200205": "17.61",
        "200206": "17.12",
        "200207": "15.96",
        "200208": "13.82",
        "200209": "11.57",
        "200210": "11.79",
        "200211": "14.45",
        "200212": "18.33",
        "200301": "26.15",
        "200302": "23.36",
        "200303": "24.58",
        "200304": "24.59",
        "200305": "24.82",
        "200306": "25.90",
        "200307": "24.10",
        "200308": "23.38",
        "200309": "24.40",
        "200310": "29.02",
        "200311": "29.34",
        "200312": "28.68",
        "200401": "32.27",
        "200402": "34.90",
        "200403": "36.18",
        "200404": "31.04",
        "200405": "26.16",
        "200406": "26.40",
        "200407": "27.02",
        "200408": "27.62",
        "200409": "32.96",
        "200410": "32.42",
        "200411": "30.50",
        "200412": "31.51",
        "200501": "30.12",
        "200502": "30.28",
        "200503": "31.76",
        "200504": "30.57",
        "200505": "29.76",
        "200506": "28.54",
        "200507": "27.30",
        "200508": "25.46",
        "200509": "22.29",
        "200510": "20.45",
        "200511": "20.70",
        "200512": "22.56",
        "200601": "21.82",
        "200602": "21.70",
        "200603": "20.26",
        "200604": "21.71",
        "200605": "22.85",
        "200606": "21.93",
        "200607": "22.16",
        "200608": "20.11",
        "200609": "17.80",
        "200610": "19.09",
        "200611": "18.46",
        "200612": "18.87",
        "200701": "18.77",
        "200702": "20.77",
        "200703": "21.03",
        "200704": "21.44",
        "200705": "20.59",
        "200706": "20.89",
        "200707": "22.75",
        "200708": "21.45",
        "200709": "24.29",
        "200710": "31.78",
        "200711": "27.50",
        "200712": "27.07",
        "200801": "27.56",
        "200802": "25.05",
        "200803": "27.72",
        "200804": "29.98",
        "200805": "28.47",
        "200806": "25.91",
        "200807": "21.77",
        "200808": "19.44",
        "200809": "15.85",
        "200810": "14.60",
        "200811": "16.93",
        "200812": "15.84",
        "200901": "14.56",
        "200902": "13.30",
        "200903": "14.04",
        "200904": "16.84",
        "200905": "17.88",
        "200906": "17.31",
        "200907": "18.47",
        "200908": "20.43",
        "200909": "19.83",
        "200910": "17.59",
        "200911": "16.79",
        "200912": "16.79",
        "201001": "18.97",
        "201002": "17.94",
        "201003": "19.44",
        "201004": "19.29",
        "201005": "18.81",
        "201006": "19.16",
        "201007": "23.02",
        "201008": "23.44",
        "201009": "21.90",
        "201010": "23.26",
        "201011": "25.13",
        "201012": "27.33",
        "201101": "29.86",
        "201102": "27.96",
        "201103": "24.90",
        "201104": "25.91",
        "201105": "26.66",
        "201106": "23.79",
        "201107": "21.55",
        "201108": "18.37",
        "201109": "15.52",
        "201110": "16.23",
        "201111": "15.50",
        "201112": "14.70",
        "201201": "16.36",
        "201202": "19.00",
        "201203": "20.36",
        "201204": "18.20",
        "201205": "16.38",
        "201206": "15.02",
        "201207": "16.19",
        "201208": "17.01",
        "201209": "16.22",
        "201210": "15.50",
        "201211": "16.10",
        "201212": "17.40",
        "201301": "18.87",
        "201302": "18.93",
        "201303": "18.68",
        "201304": "17.50",
        "201305": "16.93",
        "201306": "16.37",
        "201307": "16.67",
        "201308": "16.73",
        "201309": "17.82",
        "201310": "17.32",
        "201311": "17.02",
        "201312": "17.61",
        "201401": "17.96",
        "201402": "17.65",
        "201403": "17.50",
        "201404": "17.59",
        "201405": "17.25",
        "201406": "16.64",
        "201407": "16.93",
        "201408": "17.42",
        "201409": "18.03",
        "201410": "17.80",
        "201411": "18.42",
        "201412": "20.30",
        "201501": "23.25",
        "201502": "22.33",
        "201503": "22.70",
        "201504": "22.16",
        "201505": "19.32",
        "201506": "15.83",
        "201507": "16.33",
        "201508": "14.97",
        "201509": "14.32",
        "201510": "14.72",
        "201511": "13.80",
        "201512": "13.03",
        "201601": "11.79",
        "201602": "11.93",
        "201603": "12.63",
        "201604": "11.97",
        "201605": "11.33",
        "201606": "11.91",
        "201607": "12.33",
        "201608": "12.02",
        "201609": "13.25",
        "201610": "12.00",
        "201611": "11.81",
        "201612": "11.34",
        "201701": "12.34",
        "201702": "13.84",
        "201703": "14.52",
        "201704": "13.51",
        "201705": "13.69",
        "201706": "15.00",
        "201707": "16.39",
        "201708": "19.12",
        "201709": "19.89",
        "201710": "17.78",
        "201711": "16.92",
        "201712": "16.56",
        "201801": "17.80",
        "201802": "15.70",
        "201803": "15.48",
        "201804": "14.85",
        "201805": "15.00",
        "201806": "14.33",
        "201807": "13.28",
        "201808": "13.59",
        "201809": "12.58",
        "201810": "12.02",
        "201811": "11.56",
        "201812": "12.16",
        "201901": "11.96",
        "201902": "12.06",
        "201903": "12.10",
        "201904": "12.67",
        "201905": "12.43",
        "201906": "12.21",
        "201907": "13.64",
        "201908": "12.95",
        "201909": "13.07",
        "201910": "12.95",
        "201911": "12.57",
        "201912": "12.41",
        "202001": "12.81",
        "202002": "11.70",
        "202003": "10.34",
        "202004": "10.05",
        "202005": "10.70",
        "202006": "11.04",
        "202007": "10.92",
        "202008": "13.93",
        "202009": "16.84",
        "202010": "17.79",
        "202011": "21.59",
        "202012": "30.13",
        "202101": "36.60",
        "202102": "35.97",
        "202103": "40.60",
        "202104": "63.69",
        "202105": "82.90",
        "202106": "137.52",
        "202107": "171.73",
        "202108": "137.68",
        "202109": "127.00",
        "202110": "96.24",
        "202111": "116.32",
        "202112": "139.36",
        "202201": "128.64",
        "202202": "135.70",
        "202203": "147.22",
        "202204": "139.13",
        "202205": "143.29",
        "202206": "120.83",
        "202207": "89.78",
        "202208": "96.35",
        "202209": "134.41",
        "202210": "144.85",
        "202211": "150.48",
        "202212": "159.18",
        "202301": "154.62",
        "202302": "151.00",
        "202303": "162.22",
        "202304": "165.24",
        "202305": "152.11",
        "202306": "154.00",
        "202307": "102.07",
        "202308": "106.20",
        "202309": "111.70",
        "202310": "106.70",
        "202311": "111.89",
        "202312": "133.74"
    },
    "quarters": {
        "20011": {
            "year_quarter": 20011,
            "year": 2001,
            "quarter": 1,
            "eps": null,
            "eps_growth_year": null,
            "eps_4q": null,
            "eps_4q_growth_year": null,
            "roe": null,
            "roe_4q": 0,
            "gross_profit": null,
            "gross_margin": null,
            "gross_margin_4q_avg": 0,
            "net_income": null,
            "net_income_4q": null,
            "revenue": null,
            "revenue_4q": null,
            "common_shares": null,
            "book_valuer_per_share": null,
            "book_valuer_per_share_4q_avg": 0,
            "equity": null,
            "current_ratio": null,
            "debt_ratio": null,
            "inventory_turnover_ratio": null,
            "account_receivable_turnover_ratio": null,
            "reinvestment_rate": null,
            "research_to_sale_ratio": null,
            "price_fair": 0,
            "eps_avg_yearly": 0,
            "eps_latest_yearly": 0,
            "eps_growth_yearly": 0
        },
        "20012": {
            "year_quarter": 20012,
            "year": 2001,
            "quarter": 2,
            "eps": null,
            "eps_growth_year": null,
            "eps_4q": null,
            "eps_4q_growth_year": null,
            "roe": null,
            "roe_4q": 0,
            "gross_profit": null,
            "gross_margin": null,
            "gross_margin_4q_avg": 0,
            "net_income": null,
            "net_income_4q": null,
            "revenue": null,
            "revenue_4q": null,
            "common_shares": null,
            "book_valuer_per_share": null,
            "book_valuer_per_share_4q_avg": 0,
            "equity": null,
            "current_ratio": null,
            "debt_ratio": null,
            "inventory_turnover_ratio": null,
            "account_receivable_turnover_ratio": null,
            "reinvestment_rate": null,
            "research_to_sale_ratio": null,
            "price_fair": 0,
            "eps_avg_yearly": 0,
            "eps_latest_yearly": 0,
            "eps_growth_yearly": 0
        },
        "20013": {
            "year_quarter": 20013,
            "year": 2001,
            "quarter": 3,
            "eps": null,
            "eps_growth_year": null,
            "eps_4q": null,
            "eps_4q_growth_year": null,
            "roe": null,
            "roe_4q": 0,
            "gross_profit": null,
            "gross_margin": null,
            "gross_margin_4q_avg": 0,
            "net_income": null,
            "net_income_4q": null,
            "revenue": null,
            "revenue_4q": null,
            "common_shares": null,
            "book_valuer_per_share": null,
            "book_valuer_per_share_4q_avg": 0,
            "equity": null,
            "current_ratio": null,
            "debt_ratio": null,
            "inventory_turnover_ratio": null,
            "account_receivable_turnover_ratio": null,
            "reinvestment_rate": null,
            "research_to_sale_ratio": null,
            "price_fair": 0,
            "eps_avg_yearly": 0,
            "eps_latest_yearly": 0,
            "eps_growth_yearly": 0
        },
        "20014": {
            "year_quarter": 20014,
            "year": 2001,
            "quarter": 4,
            "eps": null,
            "eps_growth_year": null,
            "eps_4q": null,
            "eps_4q_growth_year": null,
            "roe": null,
            "roe_4q": 0,
            "gross_profit": null,
            "gross_margin": null,
            "gross_margin_4q_avg": 0,
            "net_income": null,
            "net_income_4q": null,
            "revenue": null,
            "revenue_4q": null,
            "common_shares": 20434778,
            "book_valuer_per_share": 17.87,
            "book_valuer_per_share_4q_avg": 4.47,
            "equity": 36660470,
            "current_ratio": 75.51,
            "debt_ratio": 64.39,
            "inventory_turnover_ratio": null,
            "account_receivable_turnover_ratio": null,
            "reinvestment_rate": null,
            "research_to_sale_ratio": null,
            "price_fair": 0,
            "eps_avg_yearly": 0,
            "eps_latest_yearly": 0,
            "eps_growth_yearly": 0
        },
        "20021": {
            "year_quarter": 20021,
            "year": 2002,
            "quarter": 1,
            "eps": -0.05,
            "eps_growth_year": null,
            "eps_4q": null,
            "eps_4q_growth_year": null,
            "roe": -0.27,
            "roe_4q": -0.27,
            "gross_profit": 615086,
            "gross_margin": 18.26,
            "gross_margin_4q_avg": 4.57,
            "net_income": -98410,
            "net_income_4q": null,
            "revenue": 3369198,
            "revenue_4q": null,
            "common_shares": 20434778,
            "book_valuer_per_share": 17.82,
            "book_valuer_per_share_4q_avg": 8.92,
            "equity": 36417955,
            "current_ratio": 110.97,
            "debt_ratio": 40.07,
            "inventory_turnover_ratio": null,
            "account_receivable_turnover_ratio": null,
            "reinvestment_rate": null,
            "research_to_sale_ratio": null,
            "price_fair": 0,
            "eps_avg_yearly": 0,
            "eps_latest_yearly": 0,
            "eps_growth_yearly": 0
        },
        "20022": {
            "year_quarter": 20022,
            "year": 2002,
            "quarter": 2,
            "eps": -0.14,
            "eps_growth_year": null,
            "eps_4q": null,
            "eps_4q_growth_year": null,
            "roe": -0.78,
            "roe_4q": -1.05,
            "gross_profit": 454651,
            "gross_margin": 13,
            "gross_margin_4q_avg": 7.82,
            "net_income": -278644,
            "net_income_4q": null,
            "revenue": 3497202,
            "revenue_4q": null,
            "common_shares": 20434778,
            "book_valuer_per_share": 17.08,
            "book_valuer_per_share_4q_avg": 13.19,
            "equity": 34897475,
            "current_ratio": 101.31,
            "debt_ratio": 42.16,
            "inventory_turnover_ratio": null,
            "account_receivable_turnover_ratio": null,
            "reinvestment_rate": null,
            "research_to_sale_ratio": null,
            "price_fair": 0,
            "eps_avg_yearly": 0,
            "eps_latest_yearly": 0,
            "eps_growth_yearly": 0
        },
        "20023": {
            "year_quarter": 20023,
            "year": 2002,
            "quarter": 3,
            "eps": 0.24,
            "eps_growth_year": null,
            "eps_4q": null,
            "eps_4q_growth_year": null,
            "roe": 1.45,
            "roe_4q": 0.3999999999999999,
            "gross_profit": 356745,
            "gross_margin": 6.82,
            "gross_margin_4q_avg": 9.52,
            "net_income": 514656,
            "net_income_4q": null,
            "revenue": 5232163,
            "revenue_4q": null,
            "common_shares": 21047821,
            "book_valuer_per_share": 17.1,
            "book_valuer_per_share_4q_avg": 17.47,
            "equity": 36000924,
            "current_ratio": 110.86,
            "debt_ratio": 44.99,
            "inventory_turnover_ratio": null,
            "account_receivable_turnover_ratio": null,
            "reinvestment_rate": null,
            "research_to_sale_ratio": null,
            "price_fair": 0,
            "eps_avg_yearly": 0,
            "eps_latest_yearly": 0,
            "eps_growth_yearly": 0
        },
        "20024": {
            "year_quarter": 20024,
            "year": 2002,
            "quarter": 4,
            "eps": 0.45,
            "eps_growth_year": null,
            "eps_4q": 0.52,
            "eps_4q_growth_year": null,
            "roe": 2.56,
            "roe_4q": 2.9599999999999995,
            "gross_profit": 1634552,
            "gross_margin": 17.11,
            "gross_margin_4q_avg": 13.8,
            "net_income": 945630,
            "net_income_4q": null,
            "revenue": 9550846,
            "revenue_4q": null,
            "common_shares": 21047821,
            "book_valuer_per_share": 17.79,
            "book_valuer_per_share_4q_avg": 17.45,
            "equity": 38019755,
            "current_ratio": 79.48,
            "debt_ratio": 68,
            "inventory_turnover_ratio": null,
            "account_receivable_turnover_ratio": null,
            "reinvestment_rate": null,
            "research_to_sale_ratio": null,
            "price_fair": 63,
            "eps_avg_yearly": 1.8,
            "eps_latest_yearly": 1.8,
            "eps_growth_yearly": 350
        },
        "20031": {
            "year_quarter": 20031,
            "year": 2003,
            "quarter": 1,
            "eps": 0.13,
            "eps_growth_year": null,
            "eps_4q": 0.7,
            "eps_4q_growth_year": null,
            "roe": 0.71,
            "roe_4q": 3.9399999999999995,
            "gross_profit": 875059,
            "gross_margin": 11.08,
            "gross_margin_4q_avg": 12,
            "net_income": 269619,
            "net_income_4q": null,
            "revenue": 7897878,
            "revenue_4q": null,
            "common_shares": 21047821,
            "book_valuer_per_share": 17.92,
            "book_valuer_per_share_4q_avg": 17.47,
            "equity": 37725657,
            "current_ratio": 107.41,
            "debt_ratio": 45.89,
            "inventory_turnover_ratio": null,
            "account_receivable_turnover_ratio": null,
            "reinvestment_rate": null,
            "research_to_sale_ratio": null,
            "price_fair": 40.6,
            "eps_avg_yearly": 1.16,
            "eps_latest_yearly": 0.52,
            "eps_growth_yearly": 32.78
        },
        "20032": {
            "year_quarter": 20032,
            "year": 2003,
            "quarter": 2,
            "eps": -0.02,
            "eps_growth_year": null,
            "eps_4q": 0.8,
            "eps_4q_growth_year": null,
            "roe": -0.11,
            "roe_4q": 4.61,
            "gross_profit": -925856,
            "gross_margin": -11.03,
            "gross_margin_4q_avg": 6,
            "net_income": -41281,
            "net_income_4q": null,
            "revenue": 8395482,
            "revenue_4q": null,
            "common_shares": 21047821,
            "book_valuer_per_share": 17.85,
            "book_valuer_per_share_4q_avg": 17.67,
            "equity": 37576235,
            "current_ratio": 137.63,
            "debt_ratio": 44.92,
            "inventory_turnover_ratio": null,
            "account_receivable_turnover_ratio": null,
            "reinvestment_rate": null,
            "research_to_sale_ratio": null,
            "price_fair": 40.6,
            "eps_avg_yearly": 1.16,
            "eps_latest_yearly": 0.52,
            "eps_growth_yearly": 32.78
        },
        "20033": {
            "year_quarter": 20033,
            "year": 2003,
            "quarter": 3,
            "eps": 0.76,
            "eps_growth_year": 216.67,
            "eps_4q": 1.31,
            "eps_4q_growth_year": null,
            "roe": 4.27,
            "roe_4q": 7.43,
            "gross_profit": 340870,
            "gross_margin": 3.58,
            "gross_margin_4q_avg": 5.19,
            "net_income": 1624724,
            "net_income_4q": null,
            "revenue": 9531636,
            "revenue_4q": null,
            "common_shares": 21468777,
            "book_valuer_per_share": 17.93,
            "book_valuer_per_share_4q_avg": 17.87,
            "equity": 38484342,
            "current_ratio": 104.02,
            "debt_ratio": 42.91,
            "inventory_turnover_ratio": null,
            "account_receivable_turnover_ratio": null,
            "reinvestment_rate": null,
            "research_to_sale_ratio": null,
            "price_fair": 40.6,
            "eps_avg_yearly": 1.16,
            "eps_latest_yearly": 0.52,
            "eps_growth_yearly": 32.78
        },
        "20034": {
            "year_quarter": 20034,
            "year": 2003,
            "quarter": 4,
            "eps": 0.82,
            "eps_growth_year": 82.22,
            "eps_4q": 1.69,
            "eps_4q_growth_year": 227.35,
            "roe": 4.33,
            "roe_4q": 9.2,
            "gross_profit": 750301,
            "gross_margin": 8,
            "gross_margin_4q_avg": 2.91,
            "net_income": 1751714,
            "net_income_4q": null,
            "revenue": 9382242,
            "revenue_4q": null,
            "common_shares": 21468777,
            "book_valuer_per_share": 18.77,
            "book_valuer_per_share_4q_avg": 18.12,
            "equity": 42360976,
            "current_ratio": 89.76,
            "debt_ratio": 66.39,
            "inventory_turnover_ratio": null,
            "account_receivable_turnover_ratio": null,
            "reinvestment_rate": null,
            "research_to_sale_ratio": null,
            "price_fair": 65.33,
            "eps_avg_yearly": 1.87,
            "eps_latest_yearly": 3.28,
            "eps_growth_yearly": 32.38
        },
        "20041": {
            "year_quarter": 20041,
            "year": 2004,
            "quarter": 1,
            "eps": 0.91,
            "eps_growth_year": 600,
            "eps_4q": 2.46,
            "eps_4q_growth_year": 251.76,
            "roe": 4.68,
            "roe_4q": 13.17,
            "gross_profit": 1025565,
            "gross_margin": 11.23,
            "gross_margin_4q_avg": 2.95,
            "net_income": 1956231,
            "net_income_4q": null,
            "revenue": 9132218,
            "revenue_4q": null,
            "common_shares": 21468777,
            "book_valuer_per_share": 19.23,
            "book_valuer_per_share_4q_avg": 18.45,
            "equity": 41285309,
            "current_ratio": 115.99,
            "debt_ratio": 49,
            "inventory_turnover_ratio": null,
            "account_receivable_turnover_ratio": null,
            "reinvestment_rate": null,
            "research_to_sale_ratio": null,
            "price_fair": 80.85,
            "eps_avg_yearly": 2.31,
            "eps_latest_yearly": 3.64,
            "eps_growth_yearly": 35.26
        },
        "20042": {
            "year_quarter": 20042,
            "year": 2004,
            "quarter": 2,
            "eps": 1.17,
            "eps_growth_year": null,
            "eps_4q": 3.52,
            "eps_4q_growth_year": 338.53,
            "roe": 6.28,
            "roe_4q": 19.560000000000002,
            "gross_profit": 1467019,
            "gross_margin": 14.59,
            "gross_margin_4q_avg": 9.35,
            "net_income": 2657000,
            "net_income_4q": null,
            "revenue": 10054078,
            "revenue_4q": null,
            "common_shares": 21468882,
            "book_valuer_per_share": 20.17,
            "book_valuer_per_share_4q_avg": 19.03,
            "equity": 43308969,
            "current_ratio": 128.23,
            "debt_ratio": 48.34,
            "inventory_turnover_ratio": null,
            "account_receivable_turnover_ratio": null,
            "reinvestment_rate": null,
            "research_to_sale_ratio": null,
            "price_fair": 97.44,
            "eps_avg_yearly": 2.78,
            "eps_latest_yearly": 4.68,
            "eps_growth_yearly": 51.06
        },
        "20043": {
            "year_quarter": 20043,
            "year": 2004,
            "quarter": 3,
            "eps": 1.91,
            "eps_growth_year": 151.32,
            "eps_4q": 4.71,
            "eps_4q_growth_year": 259.97,
            "roe": 9.41,
            "roe_4q": 24.700000000000003,
            "gross_profit": 2869912,
            "gross_margin": 25.28,
            "gross_margin_4q_avg": 14.78,
            "net_income": 4337899,
            "net_income_4q": null,
            "revenue": 11351907,
            "revenue_4q": null,
            "common_shares": 23081877,
            "book_valuer_per_share": 21.16,
            "book_valuer_per_share_4q_avg": 19.83,
            "equity": 48846752,
            "current_ratio": 196.13,
            "debt_ratio": 45.61,
            "inventory_turnover_ratio": null,
            "account_receivable_turnover_ratio": null,
            "reinvestment_rate": null,
            "research_to_sale_ratio": null,
            "price_fair": 125.77,
            "eps_avg_yearly": 3.59,
            "eps_latest_yearly": 7.64,
            "eps_growth_yearly": 84.72
        },
        "20044": {
            "year_quarter": 20044,
            "year": 2004,
            "quarter": 4,
            "eps": 1.37,
            "eps_growth_year": 67.07,
            "eps_4q": 5.28,
            "eps_4q_growth_year": 213.11,
            "roe": 5.99,
            "roe_4q": 26.36,
            "gross_profit": 2459362,
            "gross_margin": 21.6,
            "gross_margin_4q_avg": 18.18,
            "net_income": 3133539,
            "net_income_4q": null,
            "revenue": 11386217,
            "revenue_4q": null,
            "common_shares": 24259425,
            "book_valuer_per_share": 21.55,
            "book_valuer_per_share_4q_avg": 20.53,
            "equity": 55713931,
            "current_ratio": 133.1,
            "debt_ratio": 58.92,
            "inventory_turnover_ratio": null,
            "account_receivable_turnover_ratio": null,
            "reinvestment_rate": null,
            "research_to_sale_ratio": null,
            "price_fair": 135.2,
            "eps_avg_yearly": 3.86,
            "eps_latest_yearly": 5.48,
            "eps_growth_yearly": 56.46
        },
        "20051": {
            "year_quarter": 20051,
            "year": 2005,
            "quarter": 1,
            "eps": 1.23,
            "eps_growth_year": 35.16,
            "eps_4q": 5.42,
            "eps_4q_growth_year": 120.13,
            "roe": 5.32,
            "roe_4q": 27,
            "gross_profit": 2618593,
            "gross_margin": 25.16,
            "gross_margin_4q_avg": 21.66,
            "net_income": 2974380,
            "net_income_4q": null,
            "revenue": 10407913,
            "revenue_4q": null,
            "common_shares": 24613525,
            "book_valuer_per_share": 22.77,
            "book_valuer_per_share_4q_avg": 21.41,
            "equity": 56041085,
            "current_ratio": 187.84,
            "debt_ratio": 38.68,
            "inventory_turnover_ratio": null,
            "account_receivable_turnover_ratio": null,
            "reinvestment_rate": null,
            "research_to_sale_ratio": null,
            "price_fair": 139.83,
            "eps_avg_yearly": 4,
            "eps_latest_yearly": 4.92,
            "eps_growth_yearly": 44.29
        },
        "20052": {
            "year_quarter": 20052,
            "year": 2005,
            "quarter": 2,
            "eps": 1.19,
            "eps_growth_year": 1.71,
            "eps_4q": 5.09,
            "eps_4q_growth_year": 44.63,
            "roe": 5.83,
            "roe_4q": 26.55,
            "gross_profit": 2742562,
            "gross_margin": 25.33,
            "gross_margin_4q_avg": 24.34,
            "net_income": 3188639,
            "net_income_4q": null,
            "revenue": 10828846,
            "revenue_4q": null,
            "common_shares": 24613860,
            "book_valuer_per_share": 21.65,
            "book_valuer_per_share_4q_avg": 21.78,
            "equity": 53295097,
            "current_ratio": 150.66,
            "debt_ratio": 42.59,
            "inventory_turnover_ratio": null,
            "account_receivable_turnover_ratio": null,
            "reinvestment_rate": null,
            "research_to_sale_ratio": null,
            "price_fair": 142.8,
            "eps_avg_yearly": 4.08,
            "eps_latest_yearly": 4.76,
            "eps_growth_yearly": 37.93
        },
        "20053": {
            "year_quarter": 20053,
            "year": 2005,
            "quarter": 3,
            "eps": 1.3,
            "eps_growth_year": -31.94,
            "eps_4q": 4.75,
            "eps_4q_growth_year": 0.77,
            "roe": 6.24,
            "roe_4q": 23.380000000000003,
            "gross_profit": 1811513,
            "gross_margin": 17.41,
            "gross_margin_4q_avg": 22.38,
            "net_income": 3504408,
            "net_income_4q": null,
            "revenue": 10404155,
            "revenue_4q": null,
            "common_shares": 27075246,
            "book_valuer_per_share": 21.81,
            "book_valuer_per_share_4q_avg": 21.95,
            "equity": 59057266,
            "current_ratio": 122.9,
            "debt_ratio": 33.19,
            "inventory_turnover_ratio": null,
            "account_receivable_turnover_ratio": null,
            "reinvestment_rate": null,
            "research_to_sale_ratio": null,
            "price_fair": 146.72,
            "eps_avg_yearly": 4.19,
            "eps_latest_yearly": 5.2,
            "eps_growth_yearly": 37.83
        },
        "20054": {
            "year_quarter": 20054,
            "year": 2005,
            "quarter": 4,
            "eps": 0.95,
            "eps_growth_year": -30.66,
            "eps_4q": 4.54,
            "eps_4q_growth_year": -14.03,
            "roe": 4.14,
            "roe_4q": 21.53,
            "gross_profit": 2316048,
            "gross_margin": 22.41,
            "gross_margin_4q_avg": 22.58,
            "net_income": 2556484,
            "net_income_4q": null,
            "revenue": 10334622,
            "revenue_4q": null,
            "common_shares": 27075246,
            "book_valuer_per_share": 22.43,
            "book_valuer_per_share_4q_avg": 22.17,
            "equity": 64428549,
            "current_ratio": 117.14,
            "debt_ratio": 50.47,
            "inventory_turnover_ratio": null,
            "account_receivable_turnover_ratio": null,
            "reinvestment_rate": -5.84,
            "research_to_sale_ratio": null,
            "price_fair": 143.82,
            "eps_avg_yearly": 4.16,
            "eps_latest_yearly": 3.8,
            "eps_growth_yearly": 24.6
        },
        "20061": {
            "year_quarter": 20061,
            "year": 2006,
            "quarter": 1,
            "eps": 0.42,
            "eps_growth_year": -65.85,
            "eps_4q": 3.61,
            "eps_4q_growth_year": -33.32,
            "roe": 1.92,
            "roe_4q": 18.130000000000003,
            "gross_profit": 1626355,
            "gross_margin": 18.68,
            "gross_margin_4q_avg": 20.96,
            "net_income": 1216704,
            "net_income_4q": null,
            "revenue": 8705042,
            "revenue_4q": null,
            "common_shares": 27251676,
            "book_valuer_per_share": 22.8,
            "book_valuer_per_share_4q_avg": 22.17,
            "equity": 62145908,
            "current_ratio": 117.86,
            "debt_ratio": 27.99,
            "inventory_turnover_ratio": null,
            "account_receivable_turnover_ratio": null,
            "reinvestment_rate": -15.32,
            "research_to_sale_ratio": null,
            "price_fair": 55.12,
            "eps_avg_yearly": 3.95,
            "eps_latest_yearly": 1.68,
            "eps_growth_yearly": 3.96
        },
        "20062": {
            "year_quarter": 20062,
            "year": 2006,
            "quarter": 2,
            "eps": -0.4,
            "eps_growth_year": -133.61,
            "eps_4q": 2.25,
            "eps_4q_growth_year": -55.87,
            "roe": -1.95,
            "roe_4q": 10.35,
            "gross_profit": 1035757,
            "gross_margin": 11.43,
            "gross_margin_4q_avg": 17.48,
            "net_income": -1158109,
            "net_income_4q": null,
            "revenue": 9058719,
            "revenue_4q": null,
            "common_shares": 27251676,
            "book_valuer_per_share": 20.72,
            "book_valuer_per_share_4q_avg": 21.94,
            "equity": 56454665,
            "current_ratio": 75.43,
            "debt_ratio": 34.78,
            "inventory_turnover_ratio": null,
            "account_receivable_turnover_ratio": null,
            "reinvestment_rate": -7.75,
            "research_to_sale_ratio": null,
            "price_fair": 55.12,
            "eps_avg_yearly": 3.95,
            "eps_latest_yearly": 1.68,
            "eps_growth_yearly": 3.96
        },
        "20063": {
            "year_quarter": 20063,
            "year": 2006,
            "quarter": 3,
            "eps": 0.01,
            "eps_growth_year": -99.23,
            "eps_4q": 0.91,
            "eps_4q_growth_year": -80.82,
            "roe": 0.07,
            "roe_4q": 4.18,
            "gross_profit": 419658,
            "gross_margin": 5.08,
            "gross_margin_4q_avg": 14.4,
            "net_income": 40486,
            "net_income_4q": null,
            "revenue": 8268374,
            "revenue_4q": null,
            "common_shares": 29159293,
            "book_valuer_per_share": 19.65,
            "book_valuer_per_share_4q_avg": 21.4,
            "equity": 57289193,
            "current_ratio": 81.62,
            "debt_ratio": 32.03,
            "inventory_turnover_ratio": null,
            "account_receivable_turnover_ratio": null,
            "reinvestment_rate": -9.57,
            "research_to_sale_ratio": null,
            "price_fair": 55.12,
            "eps_avg_yearly": 3.95,
            "eps_latest_yearly": 1.68,
            "eps_growth_yearly": 3.96
        },
        "20064": {
            "year_quarter": 20064,
            "year": 2006,
            "quarter": 4,
            "eps": 0.11,
            "eps_growth_year": -88.42,
            "eps_4q": 0.14,
            "eps_4q_growth_year": -96.81,
            "roe": 0.53,
            "roe_4q": 0.5700000000000001,
            "gross_profit": 82813,
            "gross_margin": 1.06,
            "gross_margin_4q_avg": 9.06,
            "net_income": 312499,
            "net_income_4q": null,
            "revenue": 7831263,
            "revenue_4q": null,
            "common_shares": 29159293,
            "book_valuer_per_share": 19.66,
            "book_valuer_per_share_4q_avg": 20.71,
            "equity": 61012509,
            "current_ratio": 100.47,
            "debt_ratio": 50.28,
            "inventory_turnover_ratio": null,
            "account_receivable_turnover_ratio": null,
            "reinvestment_rate": -11.02,
            "research_to_sale_ratio": null,
            "price_fair": 134.28,
            "eps_avg_yearly": 3.84,
            "eps_latest_yearly": 0.44,
            "eps_growth_yearly": 308.12
        },
        "20071": {
            "year_quarter": 20071,
            "year": 2007,
            "quarter": 1,
            "eps": 0.12,
            "eps_growth_year": -71.43,
            "eps_4q": -0.16,
            "eps_4q_growth_year": -104.33,
            "roe": 0.58,
            "roe_4q": -0.77,
            "gross_profit": 1493950,
            "gross_margin": 20.72,
            "gross_margin_4q_avg": 9.57,
            "net_income": 349634,
            "net_income_4q": null,
            "revenue": 7211481,
            "revenue_4q": null,
            "common_shares": 29233458,
            "book_valuer_per_share": 20.07,
            "book_valuer_per_share_4q_avg": 20.03,
            "equity": 58671528,
            "current_ratio": 108.13,
            "debt_ratio": 30.75,
            "inventory_turnover_ratio": null,
            "account_receivable_turnover_ratio": null,
            "reinvestment_rate": -10.6,
            "research_to_sale_ratio": null,
            "price_fair": 134.17,
            "eps_avg_yearly": 3.83,
            "eps_latest_yearly": 0.48,
            "eps_growth_yearly": 334.86
        },
        "20072": {
            "year_quarter": 20072,
            "year": 2007,
            "quarter": 2,
            "eps": 0.44,
            "eps_growth_year": null,
            "eps_4q": 0.68,
            "eps_4q_growth_year": -69.65,
            "roe": 2.18,
            "roe_4q": 3.36,
            "gross_profit": 312503,
            "gross_margin": 4.33,
            "gross_margin_4q_avg": 7.8,
            "net_income": 1280078,
            "net_income_4q": null,
            "revenue": 7213570,
            "revenue_4q": null,
            "common_shares": 29234827,
            "book_valuer_per_share": 20.11,
            "book_valuer_per_share_4q_avg": 19.87,
            "equity": 58799711,
            "current_ratio": 93.18,
            "debt_ratio": 29.84,
            "inventory_turnover_ratio": null,
            "account_receivable_turnover_ratio": null,
            "reinvestment_rate": -5.61,
            "research_to_sale_ratio": null,
            "price_fair": 128.58,
            "eps_avg_yearly": 3.67,
            "eps_latest_yearly": 1.76,
            "eps_growth_yearly": 391.15
        },
        "20073": {
            "year_quarter": 20073,
            "year": 2007,
            "quarter": 3,
            "eps": 1.78,
            "eps_growth_year": 17700,
            "eps_4q": 2.44,
            "eps_4q_growth_year": 168.3,
            "roe": 8.46,
            "roe_4q": 11.75,
            "gross_profit": 1384445,
            "gross_margin": 20.54,
            "gross_margin_4q_avg": 11.66,
            "net_income": 5211264,
            "net_income_4q": null,
            "revenue": 6739445,
            "revenue_4q": null,
            "common_shares": 29643066,
            "book_valuer_per_share": 21.73,
            "book_valuer_per_share_4q_avg": 20.39,
            "equity": 64405303,
            "current_ratio": 82.65,
            "debt_ratio": 24.07,
            "inventory_turnover_ratio": null,
            "account_receivable_turnover_ratio": null,
            "reinvestment_rate": -2.67,
            "research_to_sale_ratio": null,
            "price_fair": 137.2,
            "eps_avg_yearly": 3.92,
            "eps_latest_yearly": 7.12,
            "eps_growth_yearly": 450.22
        },
        "20074": {
            "year_quarter": 20074,
            "year": 2007,
            "quarter": 4,
            "eps": 1.2,
            "eps_growth_year": 990.91,
            "eps_4q": 3.52,
            "eps_4q_growth_year": 2328.61,
            "roe": 5.06,
            "roe_4q": 16.279999999999998,
            "gross_profit": 695753,
            "gross_margin": 10.42,
            "gross_margin_4q_avg": 14,
            "net_income": 3540726,
            "net_income_4q": null,
            "revenue": 6679939,
            "revenue_4q": null,
            "common_shares": 30338695,
            "book_valuer_per_share": 22.97,
            "book_valuer_per_share_4q_avg": 21.22,
            "equity": 75481838,
            "current_ratio": 127.84,
            "debt_ratio": 45.41,
            "inventory_turnover_ratio": null,
            "account_receivable_turnover_ratio": null,
            "reinvestment_rate": -0.43,
            "research_to_sale_ratio": null,
            "price_fair": 141,
            "eps_avg_yearly": 4.03,
            "eps_latest_yearly": 4.8,
            "eps_growth_yearly": 438.66
        },
        "20081": {
            "year_quarter": 20081,
            "year": 2008,
            "quarter": 1,
            "eps": 0.12,
            "eps_growth_year": 0,
            "eps_4q": 2.45,
            "eps_4q_growth_year": null,
            "roe": 0.69,
            "roe_4q": 16.39,
            "gross_profit": 3349699,
            "gross_margin": 10.69,
            "gross_margin_4q_avg": 11.5,
            "net_income": 508847,
            "net_income_4q": null,
            "revenue": 31345606,
            "revenue_4q": null,
            "common_shares": 30519336,
            "book_valuer_per_share": 22.13,
            "book_valuer_per_share_4q_avg": 21.74,
            "equity": 72959705,
            "current_ratio": 116.89,
            "debt_ratio": 43.4,
            "inventory_turnover_ratio": null,
            "account_receivable_turnover_ratio": null,
            "reinvestment_rate": 131.43,
            "research_to_sale_ratio": null,
            "price_fair": 133.1,
            "eps_avg_yearly": 3.8,
            "eps_latest_yearly": 0.48,
            "eps_growth_yearly": 409.81
        },
        "20082": {
            "year_quarter": 20082,
            "year": 2008,
            "quarter": 2,
            "eps": 0.27,
            "eps_growth_year": -38.64,
            "eps_4q": 2.72,
            "eps_4q_growth_year": 298.42,
            "roe": 1.39,
            "roe_4q": 15.600000000000001,
            "gross_profit": 2272939,
            "gross_margin": 6.96,
            "gross_margin_4q_avg": 12.15,
            "net_income": 989238,
            "net_income_4q": null,
            "revenue": 32644116,
            "revenue_4q": null,
            "common_shares": 30608440,
            "book_valuer_per_share": 20.65,
            "book_valuer_per_share_4q_avg": 21.87,
            "equity": 69087691,
            "current_ratio": 112.57,
            "debt_ratio": 48.01,
            "inventory_turnover_ratio": null,
            "account_receivable_turnover_ratio": null,
            "reinvestment_rate": 137.51,
            "research_to_sale_ratio": null,
            "price_fair": 124.1,
            "eps_avg_yearly": 3.55,
            "eps_latest_yearly": 1.08,
            "eps_growth_yearly": 437.36
        },
        "20083": {
            "year_quarter": 20083,
            "year": 2008,
            "quarter": 3,
            "eps": 0.1,
            "eps_growth_year": -94.38,
            "eps_4q": 1.22,
            "eps_4q_growth_year": -50.27,
            "roe": 0.59,
            "roe_4q": 7.7299999999999995,
            "gross_profit": 3374859,
            "gross_margin": 8.97,
            "gross_margin_4q_avg": 9.26,
            "net_income": 413761,
            "net_income_4q": null,
            "revenue": 37626030,
            "revenue_4q": null,
            "common_shares": 30609389,
            "book_valuer_per_share": 21.33,
            "book_valuer_per_share_4q_avg": 21.77,
            "equity": 71056320,
            "current_ratio": 130.34,
            "debt_ratio": 48.57,
            "inventory_turnover_ratio": null,
            "account_receivable_turnover_ratio": null,
            "reinvestment_rate": 161.06,
            "research_to_sale_ratio": null,
            "price_fair": 106,
            "eps_avg_yearly": 3.03,
            "eps_latest_yearly": 0.4,
            "eps_growth_yearly": 401.3
        },
        "20084": {
            "year_quarter": 20084,
            "year": 2008,
            "quarter": 4,
            "eps": -0.28,
            "eps_growth_year": -123.33,
            "eps_4q": 0.13,
            "eps_4q_growth_year": -96.26,
            "roe": -1.29,
            "roe_4q": 1.38,
            "gross_profit": -382648,
            "gross_margin": -1.4,
            "gross_margin_4q_avg": 6.31,
            "net_income": -892819,
            "net_income_4q": null,
            "revenue": 27386504,
            "revenue_4q": null,
            "common_shares": 30609390,
            "book_valuer_per_share": 20.66,
            "book_valuer_per_share_4q_avg": 21.19,
            "equity": 67714904,
            "current_ratio": 165.73,
            "debt_ratio": 49.24,
            "inventory_turnover_ratio": null,
            "account_receivable_turnover_ratio": 6.75,
            "reinvestment_rate": 17.53,
            "research_to_sale_ratio": null,
            "price_fair": 99.4,
            "eps_avg_yearly": 2.84,
            "eps_latest_yearly": 0.4,
            "eps_growth_yearly": 440.87
        },
        "20091": {
            "year_quarter": 20091,
            "year": 2009,
            "quarter": 1,
            "eps": -0.89,
            "eps_growth_year": -841.67,
            "eps_4q": -0.81,
            "eps_4q_growth_year": -132.85,
            "roe": -5.02,
            "roe_4q": -4.33,
            "gross_profit": -1458049,
            "gross_margin": -7.38,
            "gross_margin_4q_avg": 1.79,
            "net_income": -3358840,
            "net_income_4q": null,
            "revenue": 19753075,
            "revenue_4q": null,
            "common_shares": 30609390,
            "book_valuer_per_share": 20.31,
            "book_valuer_per_share_4q_avg": 20.74,
            "equity": 66026290,
            "current_ratio": 160.68,
            "debt_ratio": 48.59,
            "inventory_turnover_ratio": null,
            "account_receivable_turnover_ratio": 2.57,
            "reinvestment_rate": 262.06,
            "research_to_sale_ratio": null,
            "price_fair": 93.33,
            "eps_avg_yearly": 2.67,
            "eps_latest_yearly": 0.4,
            "eps_growth_yearly": 481.01
        },
        "20092": {
            "year_quarter": 20092,
            "year": 2009,
            "quarter": 2,
            "eps": -0.65,
            "eps_growth_year": -340.74,
            "eps_4q": -1.72,
            "eps_4q_growth_year": -163.42,
            "roe": -3.73,
            "roe_4q": -9.45,
            "gross_profit": -1371378,
            "gross_margin": -6.8,
            "gross_margin_4q_avg": -1.65,
            "net_income": -2425796,
            "net_income_4q": null,
            "revenue": 20164559,
            "revenue_4q": null,
            "common_shares": 30609390,
            "book_valuer_per_share": 19.54,
            "book_valuer_per_share_4q_avg": 20.46,
            "equity": 63881705,
            "current_ratio": 162.52,
            "debt_ratio": 48.83,
            "inventory_turnover_ratio": null,
            "account_receivable_turnover_ratio": 2.7,
            "reinvestment_rate": 362.76,
            "research_to_sale_ratio": null,
            "price_fair": 86.67,
            "eps_avg_yearly": 2.48,
            "eps_latest_yearly": 0.4,
            "eps_growth_yearly": 525.92
        },
        "20093": {
            "year_quarter": 20093,
            "year": 2009,
            "quarter": 3,
            "eps": -0.84,
            "eps_growth_year": -940,
            "eps_4q": -2.66,
            "eps_4q_growth_year": -318.73,
            "roe": -5.15,
            "roe_4q": -15.190000000000001,
            "gross_profit": -1928880,
            "gross_margin": -8.96,
            "gross_margin_4q_avg": -6.14,
            "net_income": -3189583,
            "net_income_4q": null,
            "revenue": 21515674,
            "revenue_4q": null,
            "common_shares": 30625991,
            "book_valuer_per_share": 18.55,
            "book_valuer_per_share_4q_avg": 19.77,
            "equity": 59916075,
            "current_ratio": 166.54,
            "debt_ratio": 49.63,
            "inventory_turnover_ratio": null,
            "account_receivable_turnover_ratio": 2.55,
            "reinvestment_rate": 678.61,
            "research_to_sale_ratio": null,
            "price_fair": 77.14,
            "eps_avg_yearly": 2.2,
            "eps_latest_yearly": 0.4,
            "eps_growth_yearly": 574.82
        },
        "20094": {
            "year_quarter": 20094,
            "year": 2009,
            "quarter": 4,
            "eps": -0.84,
            "eps_growth_year": null,
            "eps_4q": -3.22,
            "eps_4q_growth_year": -2542.69,
            "roe": -5.53,
            "roe_4q": -19.43,
            "gross_profit": -2162720,
            "gross_margin": -10.55,
            "gross_margin_4q_avg": -8.42,
            "net_income": -3233054,
            "net_income_4q": null,
            "revenue": 20503007,
            "revenue_4q": null,
            "common_shares": 30625992,
            "book_valuer_per_share": 17.78,
            "book_valuer_per_share_4q_avg": 19.05,
            "equity": 57018373,
            "current_ratio": 160.18,
            "debt_ratio": 50.08,
            "inventory_turnover_ratio": 20.04,
            "account_receivable_turnover_ratio": 5.17,
            "reinvestment_rate": 2226.98,
            "research_to_sale_ratio": null,
            "price_fair": 70.93,
            "eps_avg_yearly": 2.03,
            "eps_latest_yearly": 0.4,
            "eps_growth_yearly": 650.65
        },
        "20101": {
            "year_quarter": 20101,
            "year": 2010,
            "quarter": 1,
            "eps": -0.03,
            "eps_growth_year": null,
            "eps_4q": -2.35,
            "eps_4q_growth_year": null,
            "roe": 0.52,
            "roe_4q": -13.89,
            "gross_profit": 595585,
            "gross_margin": 3.01,
            "gross_margin_4q_avg": -5.83,
            "net_income": 293696,
            "net_income_4q": null,
            "revenue": 19795491,
            "revenue_4q": null,
            "common_shares": 30625992,
            "book_valuer_per_share": 17.54,
            "book_valuer_per_share_4q_avg": 18.35,
            "equity": 56255833,
            "current_ratio": 151.39,
            "debt_ratio": 49.82,
            "inventory_turnover_ratio": 9.15,
            "account_receivable_turnover_ratio": 2.56,
            "reinvestment_rate": 11020.01,
            "research_to_sale_ratio": null,
            "price_fair": 72.45,
            "eps_avg_yearly": 2.07,
            "eps_latest_yearly": 0.4,
            "eps_growth_yearly": 759.88
        },
        "20102": {
            "year_quarter": 20102,
            "year": 2010,
            "quarter": 2,
            "eps": 1.35,
            "eps_growth_year": null,
            "eps_4q": -0.36,
            "eps_4q_growth_year": null,
            "roe": 8.07,
            "roe_4q": -2.0900000000000007,
            "gross_profit": 4523763,
            "gross_margin": 17.18,
            "gross_margin_4q_avg": 0.17,
            "net_income": 4757460,
            "net_income_4q": null,
            "revenue": 26333839,
            "revenue_4q": null,
            "common_shares": 30625992,
            "book_valuer_per_share": 19.09,
            "book_valuer_per_share_4q_avg": 18.24,
            "equity": 61621422,
            "current_ratio": 142.88,
            "debt_ratio": 48.18,
            "inventory_turnover_ratio": 9.78,
            "account_receivable_turnover_ratio": 3.12,
            "reinvestment_rate": 1243.21,
            "research_to_sale_ratio": null,
            "price_fair": 72.45,
            "eps_avg_yearly": 2.07,
            "eps_latest_yearly": 0.4,
            "eps_growth_yearly": 759.88
        },
        "20103": {
            "year_quarter": 20103,
            "year": 2010,
            "quarter": 3,
            "eps": 2.48,
            "eps_growth_year": null,
            "eps_4q": 2.96,
            "eps_4q_growth_year": null,
            "roe": 13.27,
            "roe_4q": 16.33,
            "gross_profit": 7784676,
            "gross_margin": 22.77,
            "gross_margin_4q_avg": 8.1,
            "net_income": 8727840,
            "net_income_4q": null,
            "revenue": 34189190,
            "revenue_4q": null,
            "common_shares": 30784125,
            "book_valuer_per_share": 21.28,
            "book_valuer_per_share_4q_avg": 18.92,
            "equity": 69914303,
            "current_ratio": 135.46,
            "debt_ratio": 48.06,
            "inventory_turnover_ratio": 9.91,
            "account_receivable_turnover_ratio": 3.29,
            "reinvestment_rate": 590.75,
            "research_to_sale_ratio": null,
            "price_fair": 102.98,
            "eps_avg_yearly": 2.94,
            "eps_latest_yearly": 9.92,
            "eps_growth_yearly": 712.65
        },
        "20104": {
            "year_quarter": 20104,
            "year": 2010,
            "quarter": 4,
            "eps": 1.12,
            "eps_growth_year": null,
            "eps_4q": 4.85,
            "eps_4q_growth_year": null,
            "roe": 5.7,
            "roe_4q": 27.56,
            "gross_profit": 4926948,
            "gross_margin": 16.97,
            "gross_margin_4q_avg": 14.98,
            "net_income": 3993571,
            "net_income_4q": null,
            "revenue": 29034656,
            "revenue_4q": null,
            "common_shares": 31248395,
            "book_valuer_per_share": 21.06,
            "book_valuer_per_share_4q_avg": 19.74,
            "equity": 70221565,
            "current_ratio": 149.66,
            "debt_ratio": 45.8,
            "inventory_turnover_ratio": 7.61,
            "account_receivable_turnover_ratio": 2.71,
            "reinvestment_rate": 181.09,
            "research_to_sale_ratio": null,
            "price_fair": 118.69,
            "eps_avg_yearly": 3.39,
            "eps_latest_yearly": 4.48,
            "eps_growth_yearly": 243.83
        },
        "20111": {
            "year_quarter": 20111,
            "year": 2011,
            "quarter": 1,
            "eps": 0.42,
            "eps_growth_year": null,
            "eps_4q": 5.24,
            "eps_4q_growth_year": null,
            "roe": 1.75,
            "roe_4q": 28.79,
            "gross_profit": 786486,
            "gross_margin": 3.17,
            "gross_margin_4q_avg": 15.02,
            "net_income": 1261467,
            "net_income_4q": null,
            "revenue": 24823031,
            "revenue_4q": null,
            "common_shares": 31576438,
            "book_valuer_per_share": 21.93,
            "book_valuer_per_share_4q_avg": 20.84,
            "equity": 73899459,
            "current_ratio": 179.48,
            "debt_ratio": 42.8,
            "inventory_turnover_ratio": 6.08,
            "account_receivable_turnover_ratio": 2.85,
            "reinvestment_rate": 429.57,
            "research_to_sale_ratio": null,
            "price_fair": 123.36,
            "eps_avg_yearly": 3.52,
            "eps_latest_yearly": 1.68,
            "eps_growth_yearly": 212.01
        },
        "20112": {
            "year_quarter": 20112,
            "year": 2011,
            "quarter": 2,
            "eps": 0.02,
            "eps_growth_year": -98.26,
            "eps_4q": 3.6,
            "eps_4q_growth_year": null,
            "roe": 0.39,
            "roe_4q": 21.11,
            "gross_profit": 1547257,
            "gross_margin": 5.47,
            "gross_margin_4q_avg": 12.1,
            "net_income": 276843,
            "net_income_4q": null,
            "revenue": 28292631,
            "revenue_4q": null,
            "common_shares": 31577037,
            "book_valuer_per_share": 20.29,
            "book_valuer_per_share_4q_avg": 21.14,
            "equity": 68678926,
            "current_ratio": 159.12,
            "debt_ratio": 48.81,
            "inventory_turnover_ratio": 5.9,
            "account_receivable_turnover_ratio": 3.32,
            "reinvestment_rate": 466.29,
            "research_to_sale_ratio": null,
            "price_fair": 116.82,
            "eps_avg_yearly": 3.34,
            "eps_latest_yearly": 0.08,
            "eps_growth_yearly": 51.17
        },
        "20113": {
            "year_quarter": 20113,
            "year": 2011,
            "quarter": 3,
            "eps": -0.32,
            "eps_growth_year": -113.01,
            "eps_4q": 1.08,
            "eps_4q_growth_year": -63.44,
            "roe": -2,
            "roe_4q": 5.84,
            "gross_profit": -447339,
            "gross_margin": -1.61,
            "gross_margin_4q_avg": 6,
            "net_income": -1383404,
            "net_income_4q": null,
            "revenue": 27752073,
            "revenue_4q": null,
            "common_shares": 34734581,
            "book_valuer_per_share": 18.81,
            "book_valuer_per_share_4q_avg": 20.52,
            "equity": 69668958,
            "current_ratio": 157.89,
            "debt_ratio": 50.21,
            "inventory_turnover_ratio": 5.76,
            "account_receivable_turnover_ratio": 2.88,
            "reinvestment_rate": 796.29,
            "research_to_sale_ratio": null,
            "price_fair": 8.6,
            "eps_avg_yearly": 2.87,
            "eps_latest_yearly": 0.08,
            "eps_growth_yearly": -94.71
        },
        "20114": {
            "year_quarter": 20114,
            "year": 2011,
            "quarter": 4,
            "eps": -0.97,
            "eps_growth_year": -186.55,
            "eps_4q": -0.89,
            "eps_4q_growth_year": -118.34,
            "roe": -5.67,
            "roe_4q": -5.53,
            "gross_profit": -2055381,
            "gross_margin": -7.53,
            "gross_margin_4q_avg": -0.13,
            "net_income": -3834708,
            "net_income_4q": null,
            "revenue": 27288323,
            "revenue_4q": null,
            "common_shares": 34734581,
            "book_valuer_per_share": 17.61,
            "book_valuer_per_share_4q_avg": 19.66,
            "equity": 65601535,
            "current_ratio": 161.5,
            "debt_ratio": 52.47,
            "inventory_turnover_ratio": 5.92,
            "account_receivable_turnover_ratio": 3.08,
            "reinvestment_rate": 1018.08,
            "research_to_sale_ratio": null,
            "price_fair": 7.77,
            "eps_avg_yearly": 2.59,
            "eps_latest_yearly": 0.08,
            "eps_growth_yearly": -89.62
        },
        "20121": {
            "year_quarter": 20121,
            "year": 2012,
            "quarter": 1,
            "eps": -0.94,
            "eps_growth_year": -323.81,
            "eps_4q": -2.2,
            "eps_4q_growth_year": -142.02,
            "roe": -6.19,
            "roe_4q": -13.469999999999999,
            "gross_profit": -1632561,
            "gross_margin": -6.27,
            "gross_margin_4q_avg": -2.49,
            "net_income": -3910202,
            "net_income_4q": null,
            "revenue": 26025376,
            "revenue_4q": null,
            "common_shares": 34749407,
            "book_valuer_per_share": 16.43,
            "book_valuer_per_share_4q_avg": 18.29,
            "equity": 60700601,
            "current_ratio": 143.77,
            "debt_ratio": 56.33,
            "inventory_turnover_ratio": 5.65,
            "account_receivable_turnover_ratio": 2.95,
            "reinvestment_rate": null,
            "research_to_sale_ratio": null,
            "price_fair": 8.82,
            "eps_avg_yearly": 2.94,
            "eps_latest_yearly": 0.08,
            "eps_growth_yearly": -44.56
        },
        "20122": {
            "year_quarter": 20122,
            "year": 2012,
            "quarter": 2,
            "eps": 0.25,
            "eps_growth_year": 957.11,
            "eps_4q": -1.98,
            "eps_4q_growth_year": -154.94,
            "roe": 1.62,
            "roe_4q": -12.24,
            "gross_profit": 2000940,
            "gross_margin": 5.34,
            "gross_margin_4q_avg": -2.52,
            "net_income": 990025,
            "net_income_4q": null,
            "revenue": 37449769,
            "revenue_4q": null,
            "common_shares": 34749407,
            "book_valuer_per_share": 16.64,
            "book_valuer_per_share_4q_avg": 17.37,
            "equity": 61381548,
            "current_ratio": 148.76,
            "debt_ratio": 59.34,
            "inventory_turnover_ratio": 7.18,
            "account_receivable_turnover_ratio": 3.24,
            "reinvestment_rate": null,
            "research_to_sale_ratio": null,
            "price_fair": 9.94,
            "eps_avg_yearly": 3.31,
            "eps_latest_yearly": 0.08,
            "eps_growth_yearly": -153.47
        },
        "20123": {
            "year_quarter": 20123,
            "year": 2012,
            "quarter": 3,
            "eps": 0.72,
            "eps_growth_year": null,
            "eps_4q": -0.94,
            "eps_4q_growth_year": -186.57,
            "roe": 4.21,
            "roe_4q": -6.03,
            "gross_profit": 2996502,
            "gross_margin": 7.45,
            "gross_margin_4q_avg": -0.25,
            "net_income": 2619817,
            "net_income_4q": null,
            "revenue": 40232941,
            "revenue_4q": null,
            "common_shares": 34749407,
            "book_valuer_per_share": 17.14,
            "book_valuer_per_share_4q_avg": 16.96,
            "equity": 63196948,
            "current_ratio": 206.59,
            "debt_ratio": 60.16,
            "inventory_turnover_ratio": 7.06,
            "account_receivable_turnover_ratio": 2.91,
            "reinvestment_rate": 3101.84,
            "research_to_sale_ratio": null,
            "price_fair": 133.28,
            "eps_avg_yearly": 3.81,
            "eps_latest_yearly": 2.88,
            "eps_growth_yearly": 47.3
        },
        "20124": {
            "year_quarter": 20124,
            "year": 2012,
            "quarter": 4,
            "eps": 0.01,
            "eps_growth_year": null,
            "eps_4q": 0.04,
            "eps_4q_growth_year": null,
            "roe": -0.19,
            "roe_4q": -0.5500000000000007,
            "gross_profit": 714323,
            "gross_margin": 1.91,
            "gross_margin_4q_avg": 2.11,
            "net_income": -118277,
            "net_income_4q": null,
            "revenue": 37320042,
            "revenue_4q": null,
            "common_shares": 34749407,
            "book_valuer_per_share": 17.01,
            "book_valuer_per_share_4q_avg": 16.81,
            "equity": 62428841,
            "current_ratio": 185.62,
            "debt_ratio": 59.8,
            "inventory_turnover_ratio": 6.73,
            "account_receivable_turnover_ratio": 2.72,
            "reinvestment_rate": 1847.19,
            "research_to_sale_ratio": null,
            "price_fair": 9.54,
            "eps_avg_yearly": 3.18,
            "eps_latest_yearly": 0.04,
            "eps_growth_yearly": -26.32
        },
        "20131": {
            "year_quarter": 20131,
            "year": 2013,
            "quarter": 1,
            "eps": -0.53,
            "eps_growth_year": null,
            "eps_4q": 0.45,
            "eps_4q_growth_year": null,
            "roe": -3.2,
            "roe_4q": 2.44,
            "gross_profit": -911466,
            "gross_margin": -2.73,
            "gross_margin_4q_avg": 2.99,
            "net_income": -1956855,
            "net_income_4q": null,
            "revenue": 33381699,
            "revenue_4q": null,
            "common_shares": 34749465,
            "book_valuer_per_share": 16.38,
            "book_valuer_per_share_4q_avg": 16.79,
            "equity": 60005916,
            "current_ratio": 173.45,
            "debt_ratio": 62.13,
            "inventory_turnover_ratio": 6.56,
            "account_receivable_turnover_ratio": 2.55,
            "reinvestment_rate": 889.13,
            "research_to_sale_ratio": null,
            "price_fair": 9.54,
            "eps_avg_yearly": 3.18,
            "eps_latest_yearly": 0.04,
            "eps_growth_yearly": -26.32
        },
        "20132": {
            "year_quarter": 20132,
            "year": 2013,
            "quarter": 2,
            "eps": -0.12,
            "eps_growth_year": -148.59,
            "eps_4q": 0.08,
            "eps_4q_growth_year": null,
            "roe": -0.95,
            "roe_4q": -0.13000000000000078,
            "gross_profit": 852897,
            "gross_margin": 2.34,
            "gross_margin_4q_avg": 2.24,
            "net_income": -569300,
            "net_income_4q": null,
            "revenue": 36495731,
            "revenue_4q": null,
            "common_shares": 34749523,
            "book_valuer_per_share": 16.26,
            "book_valuer_per_share_4q_avg": 16.7,
            "equity": 59776095,
            "current_ratio": 153.73,
            "debt_ratio": 64.54,
            "inventory_turnover_ratio": 6.61,
            "account_receivable_turnover_ratio": 2.76,
            "reinvestment_rate": 915.24,
            "research_to_sale_ratio": null,
            "price_fair": 9.54,
            "eps_avg_yearly": 3.18,
            "eps_latest_yearly": 0.04,
            "eps_growth_yearly": -26.32
        },
        "20133": {
            "year_quarter": 20133,
            "year": 2013,
            "quarter": 3,
            "eps": 0.01,
            "eps_growth_year": -98.61,
            "eps_4q": -0.62,
            "eps_4q_growth_year": null,
            "roe": 0.15,
            "roe_4q": -4.19,
            "gross_profit": 1411308,
            "gross_margin": 3.92,
            "gross_margin_4q_avg": 1.36,
            "net_income": 89520,
            "net_income_4q": null,
            "revenue": 35991279,
            "revenue_4q": null,
            "common_shares": 34749523,
            "book_valuer_per_share": 16.15,
            "book_valuer_per_share_4q_avg": 16.45,
            "equity": 59353043,
            "current_ratio": 155.09,
            "debt_ratio": 64.78,
            "inventory_turnover_ratio": 6.53,
            "account_receivable_turnover_ratio": 2.61,
            "reinvestment_rate": 605.62,
            "research_to_sale_ratio": null,
            "price_fair": 9.54,
            "eps_avg_yearly": 3.18,
            "eps_latest_yearly": 0.04,
            "eps_growth_yearly": -26.32
        },
        "20134": {
            "year_quarter": 20134,
            "year": 2013,
            "quarter": 4,
            "eps": 0.2,
            "eps_growth_year": 2744.35,
            "eps_4q": -0.43,
            "eps_4q_growth_year": -1264.93,
            "roe": 0.65,
            "roe_4q": -3.35,
            "gross_profit": -963994,
            "gross_margin": -2.89,
            "gross_margin_4q_avg": 0.16,
            "net_income": 389831,
            "net_income_4q": null,
            "revenue": 33347675,
            "revenue_4q": null,
            "common_shares": 34749523,
            "book_valuer_per_share": 16.47,
            "book_valuer_per_share_4q_avg": 16.32,
            "equity": 60169589,
            "current_ratio": 166.82,
            "debt_ratio": 65.49,
            "inventory_turnover_ratio": 6.72,
            "account_receivable_turnover_ratio": 2.44,
            "reinvestment_rate": 178.86,
            "research_to_sale_ratio": null,
            "price_fair": 99.4,
            "eps_avg_yearly": 2.84,
            "eps_latest_yearly": 0.8,
            "eps_growth_yearly": 1063.15
        },
        "20141": {
            "year_quarter": 20141,
            "year": 2014,
            "quarter": 1,
            "eps": -0.49,
            "eps_growth_year": null,
            "eps_4q": -0.39,
            "eps_4q_growth_year": -187.35,
            "roe": -3.23,
            "roe_4q": -3.38,
            "gross_profit": -175483,
            "gross_margin": -0.51,
            "gross_margin_4q_avg": 0.72,
            "net_income": -1926508,
            "net_income_4q": null,
            "revenue": 34320714,
            "revenue_4q": null,
            "common_shares": 34749523,
            "book_valuer_per_share": 16.25,
            "book_valuer_per_share_4q_avg": 16.28,
            "equity": 59045405,
            "current_ratio": 150.5,
            "debt_ratio": 67.97,
            "inventory_turnover_ratio": 6.52,
            "account_receivable_turnover_ratio": 2.51,
            "reinvestment_rate": 368.34,
            "research_to_sale_ratio": null,
            "price_fair": 99.4,
            "eps_avg_yearly": 2.84,
            "eps_latest_yearly": 0.8,
            "eps_growth_yearly": 1063.15
        },
        "20142": {
            "year_quarter": 20142,
            "year": 2014,
            "quarter": 2,
            "eps": 0.04,
            "eps_growth_year": null,
            "eps_4q": -0.23,
            "eps_4q_growth_year": -376.72,
            "roe": 0.7,
            "roe_4q": -1.7300000000000004,
            "gross_profit": 1901002,
            "gross_margin": 5.4,
            "gross_margin_4q_avg": 1.48,
            "net_income": 412030,
            "net_income_4q": null,
            "revenue": 35178947,
            "revenue_4q": null,
            "common_shares": 34749523,
            "book_valuer_per_share": 16.08,
            "book_valuer_per_share_4q_avg": 16.24,
            "equity": 58973925,
            "current_ratio": 142.11,
            "debt_ratio": 67.27,
            "inventory_turnover_ratio": 6.31,
            "account_receivable_turnover_ratio": 2.6,
            "reinvestment_rate": 658.46,
            "research_to_sale_ratio": null,
            "price_fair": 99.4,
            "eps_avg_yearly": 2.84,
            "eps_latest_yearly": 0.8,
            "eps_growth_yearly": 1063.15
        },
        "20143": {
            "year_quarter": 20143,
            "year": 2014,
            "quarter": 3,
            "eps": 0.54,
            "eps_growth_year": 5300,
            "eps_4q": 0.29,
            "eps_4q_growth_year": null,
            "roe": 4.08,
            "roe_4q": 2.2,
            "gross_profit": 4113398,
            "gross_margin": 10.94,
            "gross_margin_4q_avg": 3.24,
            "net_income": 2475408,
            "net_income_4q": null,
            "revenue": 37597875,
            "revenue_4q": null,
            "common_shares": 34775802,
            "book_valuer_per_share": 16.83,
            "book_valuer_per_share_4q_avg": 16.41,
            "equity": 62262091,
            "current_ratio": 140.78,
            "debt_ratio": 66.61,
            "inventory_turnover_ratio": 6.51,
            "account_receivable_turnover_ratio": 2.66,
            "reinvestment_rate": null,
            "research_to_sale_ratio": null,
            "price_fair": 60.6,
            "eps_avg_yearly": 1.73,
            "eps_latest_yearly": 2.16,
            "eps_growth_yearly": 1729.61
        },
        "20144": {
            "year_quarter": 20144,
            "year": 2014,
            "quarter": 4,
            "eps": 0.25,
            "eps_growth_year": 23.46,
            "eps_4q": 0.34,
            "eps_4q_growth_year": null,
            "roe": 1.72,
            "roe_4q": 3.27,
            "gross_profit": 1505895,
            "gross_margin": 4.05,
            "gross_margin_4q_avg": 4.97,
            "net_income": 1094234,
            "net_income_4q": null,
            "revenue": 37186838,
            "revenue_4q": null,
            "common_shares": 34775802,
            "book_valuer_per_share": 17.51,
            "book_valuer_per_share_4q_avg": 16.67,
            "equity": 64864843,
            "current_ratio": 140.87,
            "debt_ratio": 65.67,
            "inventory_turnover_ratio": 7.42,
            "account_receivable_turnover_ratio": 2.48,
            "reinvestment_rate": null,
            "research_to_sale_ratio": null,
            "price_fair": 43.2,
            "eps_avg_yearly": 1.23,
            "eps_latest_yearly": 1,
            "eps_growth_yearly": 1730.26
        },
        "20151": {
            "year_quarter": 20151,
            "year": 2015,
            "quarter": 1,
            "eps": 0.44,
            "eps_growth_year": null,
            "eps_4q": 1.26,
            "eps_4q_growth_year": null,
            "roe": 2.82,
            "roe_4q": 9.32,
            "gross_profit": 3150313,
            "gross_margin": 8.92,
            "gross_margin_4q_avg": 7.33,
            "net_income": 1856562,
            "net_income_4q": null,
            "revenue": 35304000,
            "revenue_4q": null,
            "common_shares": 34775802,
            "book_valuer_per_share": 18.09,
            "book_valuer_per_share_4q_avg": 17.13,
            "equity": 67006487,
            "current_ratio": 134.28,
            "debt_ratio": 64.92,
            "inventory_turnover_ratio": 7.79,
            "account_receivable_turnover_ratio": 2.57,
            "reinvestment_rate": null,
            "research_to_sale_ratio": null,
            "price_fair": 43.6,
            "eps_avg_yearly": 1.25,
            "eps_latest_yearly": 1.76,
            "eps_growth_yearly": 1809.4
        },
        "20152": {
            "year_quarter": 20152,
            "year": 2015,
            "quarter": 2,
            "eps": -0.04,
            "eps_growth_year": -200,
            "eps_4q": 1.17,
            "eps_4q_growth_year": null,
            "roe": -0.08,
            "roe_4q": 8.54,
            "gross_profit": 1605907,
            "gross_margin": 4.61,
            "gross_margin_4q_avg": 7.13,
            "net_income": -49988,
            "net_income_4q": null,
            "revenue": 34800478,
            "revenue_4q": null,
            "common_shares": 34775802,
            "book_valuer_per_share": 17.86,
            "book_valuer_per_share_4q_avg": 17.57,
            "equity": 66144544,
            "current_ratio": 134.94,
            "debt_ratio": 64.84,
            "inventory_turnover_ratio": 8.51,
            "account_receivable_turnover_ratio": 2.74,
            "reinvestment_rate": null,
            "research_to_sale_ratio": null,
            "price_fair": 50.4,
            "eps_avg_yearly": 1.44,
            "eps_latest_yearly": 1.76,
            "eps_growth_yearly": 2174.46
        },
        "20153": {
            "year_quarter": 20153,
            "year": 2015,
            "quarter": 3,
            "eps": -0.69,
            "eps_growth_year": -227.78,
            "eps_4q": -0.05,
            "eps_4q_growth_year": -118.01,
            "roe": -3.87,
            "roe_4q": 0.5899999999999996,
            "gross_profit": -1244382,
            "gross_margin": -3.77,
            "gross_margin_4q_avg": 3.45,
            "net_income": -2566167,
            "net_income_4q": null,
            "revenue": 33036256,
            "revenue_4q": null,
            "common_shares": 35123560,
            "book_valuer_per_share": 17.8,
            "book_valuer_per_share_4q_avg": 17.82,
            "equity": 66485242,
            "current_ratio": 128.49,
            "debt_ratio": 65.69,
            "inventory_turnover_ratio": 9.69,
            "account_receivable_turnover_ratio": 2.67,
            "reinvestment_rate": null,
            "research_to_sale_ratio": null,
            "price_fair": 50.4,
            "eps_avg_yearly": 1.44,
            "eps_latest_yearly": 1.76,
            "eps_growth_yearly": 2174.46
        },
        "20154": {
            "year_quarter": 20154,
            "year": 2015,
            "quarter": 4,
            "eps": -0.96,
            "eps_growth_year": -489.16,
            "eps_4q": -1.26,
            "eps_4q_growth_year": -471.11,
            "roe": -6.23,
            "roe_4q": -7.360000000000001,
            "gross_profit": -1971523,
            "gross_margin": -6.43,
            "gross_margin_4q_avg": 0.83,
            "net_income": -3979704,
            "net_income_4q": null,
            "revenue": 30672953,
            "revenue_4q": null,
            "common_shares": 35123560,
            "book_valuer_per_share": 16.51,
            "book_valuer_per_share_4q_avg": 17.57,
            "equity": 61294602,
            "current_ratio": 132.56,
            "debt_ratio": 68.18,
            "inventory_turnover_ratio": 11.19,
            "account_receivable_turnover_ratio": 2.58,
            "reinvestment_rate": null,
            "research_to_sale_ratio": null,
            "price_fair": 50.4,
            "eps_avg_yearly": 1.44,
            "eps_latest_yearly": 1.76,
            "eps_growth_yearly": 2174.46
        },
        "20161": {
            "year_quarter": 20161,
            "year": 2016,
            "quarter": 1,
            "eps": -1.09,
            "eps_growth_year": -347.73,
            "eps_4q": -2.78,
            "eps_4q_growth_year": -320.14,
            "roe": -7.78,
            "roe_4q": -17.96,
            "gross_profit": -2662843,
            "gross_margin": -9.31,
            "gross_margin_4q_avg": -3.73,
            "net_income": -4587588,
            "net_income_4q": null,
            "revenue": 28604206,
            "revenue_4q": null,
            "common_shares": 35123560,
            "book_valuer_per_share": 15.4,
            "book_valuer_per_share_4q_avg": 16.89,
            "equity": 56583588,
            "current_ratio": 151.51,
            "debt_ratio": 70.11,
            "inventory_turnover_ratio": 12.36,
            "account_receivable_turnover_ratio": 2.7,
            "reinvestment_rate": null,
            "research_to_sale_ratio": null,
            "price_fair": 50.4,
            "eps_avg_yearly": 1.44,
            "eps_latest_yearly": 1.76,
            "eps_growth_yearly": 2174.46
        },
        "20162": {
            "year_quarter": 20162,
            "year": 2016,
            "quarter": 2,
            "eps": -0.16,
            "eps_growth_year": null,
            "eps_4q": -2.9,
            "eps_4q_growth_year": -348.67,
            "roe": -2.28,
            "roe_4q": -20.16,
            "gross_profit": -1142722,
            "gross_margin": -3.84,
            "gross_margin_4q_avg": -5.84,
            "net_income": -1272581,
            "net_income_4q": null,
            "revenue": 29734216,
            "revenue_4q": null,
            "common_shares": 35123560,
            "book_valuer_per_share": 15.24,
            "book_valuer_per_share_4q_avg": 16.24,
            "equity": 55162616,
            "current_ratio": 120.75,
            "debt_ratio": 70.83,
            "inventory_turnover_ratio": 13.13,
            "account_receivable_turnover_ratio": 3.03,
            "reinvestment_rate": null,
            "research_to_sale_ratio": null,
            "price_fair": 50.4,
            "eps_avg_yearly": 1.44,
            "eps_latest_yearly": 1.76,
            "eps_growth_yearly": 2174.46
        },
        "20163": {
            "year_quarter": 20163,
            "year": 2016,
            "quarter": 3,
            "eps": -0.33,
            "eps_growth_year": null,
            "eps_4q": -2.54,
            "eps_4q_growth_year": null,
            "roe": -2.97,
            "roe_4q": -19.26,
            "gross_profit": -419061,
            "gross_margin": -1.31,
            "gross_margin_4q_avg": -5.22,
            "net_income": -1597763,
            "net_income_4q": null,
            "revenue": 31933823,
            "revenue_4q": null,
            "common_shares": 35123560,
            "book_valuer_per_share": 14.65,
            "book_valuer_per_share_4q_avg": 15.45,
            "equity": 52578905,
            "current_ratio": 130.3,
            "debt_ratio": 71.71,
            "inventory_turnover_ratio": 12.96,
            "account_receivable_turnover_ratio": 3.06,
            "reinvestment_rate": null,
            "research_to_sale_ratio": null,
            "price_fair": 40.32,
            "eps_avg_yearly": 1.15,
            "eps_latest_yearly": 1.76,
            "eps_growth_yearly": 2458.95
        },
        "20164": {
            "year_quarter": 20164,
            "year": 2016,
            "quarter": 4,
            "eps": -0.3,
            "eps_growth_year": null,
            "eps_4q": -1.88,
            "eps_4q_growth_year": null,
            "roe": -2.09,
            "roe_4q": -15.120000000000001,
            "gross_profit": 730513,
            "gross_margin": 2.14,
            "gross_margin_4q_avg": -3.08,
            "net_income": -1107379,
            "net_income_4q": null,
            "revenue": 34195363,
            "revenue_4q": null,
            "common_shares": 35123560,
            "book_valuer_per_share": 14.52,
            "book_valuer_per_share_4q_avg": 14.95,
            "equity": 53638501,
            "current_ratio": 128.42,
            "debt_ratio": 71.73,
            "inventory_turnover_ratio": 11.7,
            "account_receivable_turnover_ratio": 2.93,
            "reinvestment_rate": null,
            "research_to_sale_ratio": null,
            "price_fair": 50.05,
            "eps_avg_yearly": 1.43,
            "eps_latest_yearly": 1.76,
            "eps_growth_yearly": 3172.3
        },
        "20171": {
            "year_quarter": 20171,
            "year": 2017,
            "quarter": 1,
            "eps": 0.09,
            "eps_growth_year": null,
            "eps_4q": -0.7,
            "eps_4q_growth_year": null,
            "roe": 0.32,
            "roe_4q": -7.02,
            "gross_profit": 2090703,
            "gross_margin": 6.18,
            "gross_margin_4q_avg": 0.79,
            "net_income": 168909,
            "net_income_4q": null,
            "revenue": 33838895,
            "revenue_4q": null,
            "common_shares": 35123560,
            "book_valuer_per_share": 14.16,
            "book_valuer_per_share_4q_avg": 14.64,
            "equity": 52103911,
            "current_ratio": 127.38,
            "debt_ratio": 71.22,
            "inventory_turnover_ratio": 10.16,
            "account_receivable_turnover_ratio": 2.83,
            "reinvestment_rate": null,
            "research_to_sale_ratio": null,
            "price_fair": 50.05,
            "eps_avg_yearly": 1.43,
            "eps_latest_yearly": 1.76,
            "eps_growth_yearly": 3172.3
        },
        "20172": {
            "year_quarter": 20172,
            "year": 2017,
            "quarter": 2,
            "eps": 0.79,
            "eps_growth_year": null,
            "eps_4q": 0.25,
            "eps_4q_growth_year": null,
            "roe": 5.41,
            "roe_4q": 0.6700000000000004,
            "gross_profit": 3228364,
            "gross_margin": 8.56,
            "gross_margin_4q_avg": 3.89,
            "net_income": 2898020,
            "net_income_4q": null,
            "revenue": 37704038,
            "revenue_4q": null,
            "common_shares": 35123560,
            "book_valuer_per_share": 15.05,
            "book_valuer_per_share_4q_avg": 14.6,
            "equity": 55095078,
            "current_ratio": 135.55,
            "debt_ratio": 70.93,
            "inventory_turnover_ratio": 11.01,
            "account_receivable_turnover_ratio": 2.93,
            "reinvestment_rate": null,
            "research_to_sale_ratio": null,
            "price_fair": 62.16,
            "eps_avg_yearly": 1.78,
            "eps_latest_yearly": 3.16,
            "eps_growth_yearly": 3160.06
        },
        "20173": {
            "year_quarter": 20173,
            "year": 2017,
            "quarter": 3,
            "eps": 1.06,
            "eps_growth_year": null,
            "eps_4q": 1.64,
            "eps_4q_growth_year": null,
            "roe": 7.05,
            "roe_4q": 10.690000000000001,
            "gross_profit": 4516311,
            "gross_margin": 10.88,
            "gross_margin_4q_avg": 6.94,
            "net_income": 4022470,
            "net_income_4q": null,
            "revenue": 41525337,
            "revenue_4q": null,
            "common_shares": 35123560,
            "book_valuer_per_share": 16.09,
            "book_valuer_per_share_4q_avg": 14.96,
            "equity": 59025099,
            "current_ratio": 138.01,
            "debt_ratio": 69.48,
            "inventory_turnover_ratio": 11.31,
            "account_receivable_turnover_ratio": 2.83,
            "reinvestment_rate": null,
            "research_to_sale_ratio": null,
            "price_fair": 76.53,
            "eps_avg_yearly": 2.19,
            "eps_latest_yearly": 4.24,
            "eps_growth_yearly": 2656.17
        },
        "20174": {
            "year_quarter": 20174,
            "year": 2017,
            "quarter": 4,
            "eps": 0.04,
            "eps_growth_year": null,
            "eps_4q": 1.75,
            "eps_4q_growth_year": null,
            "roe": -0.68,
            "roe_4q": 12.100000000000001,
            "gross_profit": 1038909,
            "gross_margin": 2.77,
            "gross_margin_4q_avg": 7.1,
            "net_income": -427778,
            "net_income_4q": null,
            "revenue": 37514422,
            "revenue_4q": null,
            "common_shares": 40123560,
            "book_valuer_per_share": 15.8,
            "book_valuer_per_share_4q_avg": 15.28,
            "equity": 66688790,
            "current_ratio": 136.17,
            "debt_ratio": 66.67,
            "inventory_turnover_ratio": 10.32,
            "account_receivable_turnover_ratio": 2.59,
            "reinvestment_rate": null,
            "research_to_sale_ratio": null,
            "price_fair": 72.8,
            "eps_avg_yearly": 2.08,
            "eps_latest_yearly": 0.16,
            "eps_growth_yearly": 1325.35
        },
        "20181": {
            "year_quarter": 20181,
            "year": 2018,
            "quarter": 1,
            "eps": 0.03,
            "eps_growth_year": -66.67,
            "eps_4q": 1.7,
            "eps_4q_growth_year": null,
            "roe": 0.02,
            "roe_4q": 11.8,
            "gross_profit": 913963,
            "gross_margin": 2.48,
            "gross_margin_4q_avg": 6.17,
            "net_income": 15876,
            "net_income_4q": null,
            "revenue": 36840688,
            "revenue_4q": null,
            "common_shares": 40123560,
            "book_valuer_per_share": 15.68,
            "book_valuer_per_share_4q_avg": 15.66,
            "equity": 65845297,
            "current_ratio": 127.47,
            "debt_ratio": 66.51,
            "inventory_turnover_ratio": 9.33,
            "account_receivable_turnover_ratio": 2.9,
            "reinvestment_rate": null,
            "research_to_sale_ratio": null,
            "price_fair": 63,
            "eps_avg_yearly": 1.8,
            "eps_latest_yearly": 0.12,
            "eps_growth_yearly": 1121.73
        },
        "20182": {
            "year_quarter": 20182,
            "year": 2018,
            "quarter": 2,
            "eps": -0.31,
            "eps_growth_year": -139.24,
            "eps_4q": 0.67,
            "eps_4q_growth_year": 167.8,
            "roe": -2.72,
            "roe_4q": 3.6699999999999995,
            "gross_profit": 108753,
            "gross_margin": 0.28,
            "gross_margin_4q_avg": 4.1,
            "net_income": -1775903,
            "net_income_4q": null,
            "revenue": 38287351,
            "revenue_4q": null,
            "common_shares": 40123560,
            "book_valuer_per_share": 15.58,
            "book_valuer_per_share_4q_avg": 15.79,
            "equity": 64873972,
            "current_ratio": 121.13,
            "debt_ratio": 69.69,
            "inventory_turnover_ratio": 8.53,
            "account_receivable_turnover_ratio": 3.12,
            "reinvestment_rate": null,
            "research_to_sale_ratio": null,
            "price_fair": 63,
            "eps_avg_yearly": 1.8,
            "eps_latest_yearly": 0.12,
            "eps_growth_yearly": 1121.73
        },
        "20183": {
            "year_quarter": 20183,
            "year": 2018,
            "quarter": 3,
            "eps": 0.17,
            "eps_growth_year": -83.96,
            "eps_4q": -0.05,
            "eps_4q_growth_year": -103.16,
            "roe": 1.17,
            "roe_4q": -2.2100000000000004,
            "gross_profit": 3288478,
            "gross_margin": 7.32,
            "gross_margin_4q_avg": 3.21,
            "net_income": 771205,
            "net_income_4q": null,
            "revenue": 44907211,
            "revenue_4q": null,
            "common_shares": 42129738,
            "book_valuer_per_share": 14.9,
            "book_valuer_per_share_4q_avg": 15.49,
            "equity": 66625934,
            "current_ratio": 124.71,
            "debt_ratio": 69.51,
            "inventory_turnover_ratio": 8.12,
            "account_receivable_turnover_ratio": 3.31,
            "reinvestment_rate": null,
            "research_to_sale_ratio": null,
            "price_fair": 60.9,
            "eps_avg_yearly": 1.74,
            "eps_latest_yearly": 0.12,
            "eps_growth_yearly": 475.35
        },
        "20184": {
            "year_quarter": 20184,
            "year": 2018,
            "quarter": 4,
            "eps": 0.15,
            "eps_growth_year": 241.55,
            "eps_4q": 0.07,
            "eps_4q_growth_year": -96.27,
            "roe": 1.55,
            "roe_4q": 0.019999999999999556,
            "gross_profit": 3154296,
            "gross_margin": 6.41,
            "gross_margin_4q_avg": 4.12,
            "net_income": 1067323,
            "net_income_4q": null,
            "revenue": 49201403,
            "revenue_4q": null,
            "common_shares": 45129738,
            "book_valuer_per_share": 14.81,
            "book_valuer_per_share_4q_avg": 15.24,
            "equity": 70967836,
            "current_ratio": 135.63,
            "debt_ratio": 69.01,
            "inventory_turnover_ratio": 8.86,
            "account_receivable_turnover_ratio": 3.3,
            "reinvestment_rate": null,
            "research_to_sale_ratio": null,
            "price_fair": 58.57,
            "eps_avg_yearly": 1.67,
            "eps_latest_yearly": 0.6,
            "eps_growth_yearly": 503.31
        },
        "20191": {
            "year_quarter": 20191,
            "year": 2019,
            "quarter": 1,
            "eps": 0.12,
            "eps_growth_year": 300,
            "eps_4q": 0.16,
            "eps_4q_growth_year": -90.68,
            "roe": 0.65,
            "roe_4q": 0.6499999999999999,
            "gross_profit": 3412922,
            "gross_margin": 7.47,
            "gross_margin_4q_avg": 5.37,
            "net_income": 463906,
            "net_income_4q": null,
            "revenue": 45697052,
            "revenue_4q": null,
            "common_shares": 45129738,
            "book_valuer_per_share": 14.97,
            "book_valuer_per_share_4q_avg": 15.07,
            "equity": 71598845,
            "current_ratio": 112.5,
            "debt_ratio": 75.44,
            "inventory_turnover_ratio": 8.77,
            "account_receivable_turnover_ratio": 3.2,
            "reinvestment_rate": null,
            "research_to_sale_ratio": null,
            "price_fair": 51.1,
            "eps_avg_yearly": 1.46,
            "eps_latest_yearly": 0.48,
            "eps_growth_yearly": 439.31
        },
        "20192": {
            "year_quarter": 20192,
            "year": 2019,
            "quarter": 2,
            "eps": -0.08,
            "eps_growth_year": null,
            "eps_4q": 0.36,
            "eps_4q_growth_year": -46.68,
            "roe": -0.63,
            "roe_4q": 2.74,
            "gross_profit": 3698477,
            "gross_margin": 7.85,
            "gross_margin_4q_avg": 7.26,
            "net_income": -447527,
            "net_income_4q": null,
            "revenue": 47111741,
            "revenue_4q": null,
            "common_shares": 45129738,
            "book_valuer_per_share": 14.96,
            "book_valuer_per_share_4q_avg": 14.91,
            "equity": 71389001,
            "current_ratio": 105.61,
            "debt_ratio": 76.27,
            "inventory_turnover_ratio": 9.34,
            "account_receivable_turnover_ratio": 3.33,
            "reinvestment_rate": null,
            "research_to_sale_ratio": null,
            "price_fair": 51.1,
            "eps_avg_yearly": 1.46,
            "eps_latest_yearly": 0.48,
            "eps_growth_yearly": 439.31
        },
        "20193": {
            "year_quarter": 20193,
            "year": 2019,
            "quarter": 3,
            "eps": 0.03,
            "eps_growth_year": -82.35,
            "eps_4q": 0.23,
            "eps_4q_growth_year": null,
            "roe": 0.12,
            "roe_4q": 1.69,
            "gross_profit": 3883739,
            "gross_margin": 7.79,
            "gross_margin_4q_avg": 7.38,
            "net_income": 87364,
            "net_income_4q": null,
            "revenue": 49855977,
            "revenue_4q": null,
            "common_shares": 45129738,
            "book_valuer_per_share": 14.87,
            "book_valuer_per_share_4q_avg": 14.9,
            "equity": 70867532,
            "current_ratio": 111.81,
            "debt_ratio": 77.15,
            "inventory_turnover_ratio": 9.99,
            "account_receivable_turnover_ratio": 3.08,
            "reinvestment_rate": null,
            "research_to_sale_ratio": null,
            "price_fair": 51.1,
            "eps_avg_yearly": 1.46,
            "eps_latest_yearly": 0.48,
            "eps_growth_yearly": 439.31
        },
        "20194": {
            "year_quarter": 20194,
            "year": 2019,
            "quarter": 4,
            "eps": -0.05,
            "eps_growth_year": -130.85,
            "eps_4q": 0.02,
            "eps_4q_growth_year": -64.1,
            "roe": -0.45,
            "roe_4q": -0.30999999999999994,
            "gross_profit": 3522482,
            "gross_margin": 7.35,
            "gross_margin_4q_avg": 7.62,
            "net_income": -326756,
            "net_income_4q": null,
            "revenue": 47924511,
            "revenue_4q": null,
            "common_shares": 48129738,
            "book_valuer_per_share": 14.55,
            "book_valuer_per_share_4q_avg": 14.84,
            "equity": 73594846,
            "current_ratio": 104.49,
            "debt_ratio": 76,
            "inventory_turnover_ratio": 9.86,
            "account_receivable_turnover_ratio": 3.01,
            "reinvestment_rate": 347.65,
            "research_to_sale_ratio": null,
            "price_fair": 51.1,
            "eps_avg_yearly": 1.46,
            "eps_latest_yearly": 0.48,
            "eps_growth_yearly": 439.31
        },
        "20201": {
            "year_quarter": 20201,
            "year": 2020,
            "quarter": 1,
            "eps": -0.09,
            "eps_growth_year": -175,
            "eps_4q": -0.18,
            "eps_4q_growth_year": -216.34,
            "roe": -1.01,
            "roe_4q": -1.9699999999999998,
            "gross_profit": 2944677,
            "gross_margin": 6.77,
            "gross_margin_4q_avg": 7.44,
            "net_income": -733149,
            "net_income_4q": null,
            "revenue": 43475255,
            "revenue_4q": null,
            "common_shares": 48129738,
            "book_valuer_per_share": 14.24,
            "book_valuer_per_share_4q_avg": 14.66,
            "equity": 71476142,
            "current_ratio": 99.95,
            "debt_ratio": 76.75,
            "inventory_turnover_ratio": 10.27,
            "account_receivable_turnover_ratio": 2.98,
            "reinvestment_rate": 174.74,
            "research_to_sale_ratio": null,
            "price_fair": 51.1,
            "eps_avg_yearly": 1.46,
            "eps_latest_yearly": 0.48,
            "eps_growth_yearly": 439.31
        },
        "20202": {
            "year_quarter": 20202,
            "year": 2020,
            "quarter": 2,
            "eps": 0.66,
            "eps_growth_year": null,
            "eps_4q": 0.55,
            "eps_4q_growth_year": 55.23,
            "roe": 5.24,
            "roe_4q": 3.9000000000000004,
            "gross_profit": 7563654,
            "gross_margin": 17.24,
            "gross_margin_4q_avg": 9.79,
            "net_income": 3842832,
            "net_income_4q": null,
            "revenue": 43870746,
            "revenue_4q": null,
            "common_shares": 48129738,
            "book_valuer_per_share": 14.93,
            "book_valuer_per_share_4q_avg": 14.65,
            "equity": 75307091,
            "current_ratio": 94.76,
            "debt_ratio": 75.49,
            "inventory_turnover_ratio": 12.12,
            "account_receivable_turnover_ratio": 3.02,
            "reinvestment_rate": 123.77,
            "research_to_sale_ratio": null,
            "price_fair": 51.1,
            "eps_avg_yearly": 1.46,
            "eps_latest_yearly": 0.48,
            "eps_growth_yearly": 439.31
        },
        "20203": {
            "year_quarter": 20203,
            "year": 2020,
            "quarter": 3,
            "eps": 1.7,
            "eps_growth_year": 5566.67,
            "eps_4q": 2.22,
            "eps_4q_growth_year": 871.94,
            "roe": 11.84,
            "roe_4q": 15.619999999999997,
            "gross_profit": 13461797,
            "gross_margin": 24.46,
            "gross_margin_4q_avg": 13.96,
            "net_income": 9488426,
            "net_income_4q": null,
            "revenue": 55042118,
            "revenue_4q": null,
            "common_shares": 48129738,
            "book_valuer_per_share": 16.68,
            "book_valuer_per_share_4q_avg": 15.1,
            "equity": 85005003,
            "current_ratio": 113.68,
            "debt_ratio": 73.74,
            "inventory_turnover_ratio": 15.02,
            "account_receivable_turnover_ratio": 3.43,
            "reinvestment_rate": 100.56,
            "research_to_sale_ratio": null,
            "price_fair": 77.8,
            "eps_avg_yearly": 2.22,
            "eps_latest_yearly": 6.8,
            "eps_growth_yearly": 466.59
        },
        "20204": {
            "year_quarter": 20204,
            "year": 2020,
            "quarter": 4,
            "eps": 2.74,
            "eps_growth_year": null,
            "eps_4q": 4.97,
            "eps_4q_growth_year": 21178.24,
            "roe": 17.34,
            "roe_4q": 33.410000000000004,
            "gross_profit": 21517058,
            "gross_margin": 33.26,
            "gross_margin_4q_avg": 20.43,
            "net_income": 16169201,
            "net_income_4q": null,
            "revenue": 64689793,
            "revenue_4q": null,
            "common_shares": 48980353,
            "book_valuer_per_share": 19.25,
            "book_valuer_per_share_4q_avg": 16.28,
            "equity": 101494293,
            "current_ratio": 118.41,
            "debt_ratio": 69.63,
            "inventory_turnover_ratio": 14.83,
            "account_receivable_turnover_ratio": 3.29,
            "reinvestment_rate": 64.73,
            "research_to_sale_ratio": null,
            "price_fair": 116.03,
            "eps_avg_yearly": 3.32,
            "eps_latest_yearly": 10.96,
            "eps_growth_yearly": 438.86
        },
        "20211": {
            "year_quarter": 20211,
            "year": 2021,
            "quarter": 1,
            "eps": 7.04,
            "eps_growth_year": null,
            "eps_4q": 11.55,
            "eps_4q_growth_year": null,
            "roe": 32.52,
            "roe_4q": 66.94,
            "gross_profit": 46639655,
            "gross_margin": 51.85,
            "gross_margin_4q_avg": 31.7,
            "net_income": 40865688,
            "net_income_4q": null,
            "revenue": 89953060,
            "revenue_4q": null,
            "common_shares": 52215557,
            "book_valuer_per_share": 26.39,
            "book_valuer_per_share_4q_avg": 19.31,
            "equity": 149837402,
            "current_ratio": 145.39,
            "debt_ratio": 61.69,
            "inventory_turnover_ratio": 11.75,
            "account_receivable_turnover_ratio": 3.52,
            "reinvestment_rate": 50.23,
            "research_to_sale_ratio": null,
            "price_fair": 212.64,
            "eps_avg_yearly": 6.08,
            "eps_latest_yearly": 28.16,
            "eps_growth_yearly": 459.84
        },
        "20212": {
            "year_quarter": 20212,
            "year": 2021,
            "quarter": 2,
            "eps": 7.98,
            "eps_growth_year": 1109.09,
            "eps_4q": 18.85,
            "eps_4q_growth_year": 3313.41,
            "roe": 27.91,
            "roe_4q": 89.61000000000001,
            "gross_profit": 54760180,
            "gross_margin": 54.78,
            "gross_margin_4q_avg": 41.09,
            "net_income": 48787348,
            "net_income_4q": null,
            "revenue": 99966473,
            "revenue_4q": null,
            "common_shares": 52908474,
            "book_valuer_per_share": 34.28,
            "book_valuer_per_share_4q_avg": 24.15,
            "equity": 199755264,
            "current_ratio": 168.04,
            "debt_ratio": 54.3,
            "inventory_turnover_ratio": 9.8,
            "account_receivable_turnover_ratio": 2.97,
            "reinvestment_rate": 37.31,
            "research_to_sale_ratio": null,
            "price_fair": 324.49,
            "eps_avg_yearly": 9.27,
            "eps_latest_yearly": 31.92,
            "eps_growth_yearly": 120.1
        },
        "20213": {
            "year_quarter": 20213,
            "year": 2021,
            "quarter": 3,
            "eps": 15.15,
            "eps_growth_year": 791.18,
            "eps_4q": 32.45,
            "eps_4q_growth_year": 1358.7,
            "roe": 36.97,
            "roe_4q": 114.74000000000001,
            "gross_profit": 99007801,
            "gross_margin": 69,
            "gross_margin_4q_avg": 52.22,
            "net_income": 87261663,
            "net_income_4q": null,
            "revenue": 143481647,
            "revenue_4q": null,
            "common_shares": 52908474,
            "book_valuer_per_share": 46.68,
            "book_valuer_per_share_4q_avg": 31.65,
            "equity": 272322346,
            "current_ratio": 195.04,
            "debt_ratio": 48.03,
            "inventory_turnover_ratio": 8.74,
            "account_receivable_turnover_ratio": 3.33,
            "reinvestment_rate": 29.9,
            "research_to_sale_ratio": null,
            "price_fair": 543.67,
            "eps_avg_yearly": 15.53,
            "eps_latest_yearly": 60.6,
            "eps_growth_yearly": 144.84
        },
        "20214": {
            "year_quarter": 20214,
            "year": 2021,
            "quarter": 4,
            "eps": 15.26,
            "eps_growth_year": 456.57,
            "eps_4q": 45.18,
            "eps_4q_growth_year": 808.15,
            "roe": 27.38,
            "roe_4q": 124.78,
            "gross_profit": 101587123,
            "gross_margin": 65.12,
            "gross_margin_4q_avg": 60.19,
            "net_income": 86195360,
            "net_income_4q": null,
            "revenue": 156005652,
            "revenue_4q": null,
            "common_shares": 52908484,
            "book_valuer_per_share": 61.76,
            "book_valuer_per_share_4q_avg": 42.28,
            "equity": 357321590,
            "current_ratio": 259.52,
            "debt_ratio": 41.52,
            "inventory_turnover_ratio": 9.69,
            "account_receivable_turnover_ratio": 3.48,
            "reinvestment_rate": 24.06,
            "research_to_sale_ratio": null,
            "price_fair": 780.42,
            "eps_avg_yearly": 22.3,
            "eps_latest_yearly": 61.04,
            "eps_growth_yearly": 187.93
        },
        "20221": {
            "year_quarter": 20221,
            "year": 2022,
            "quarter": 1,
            "eps": 19.16,
            "eps_growth_year": 172.16,
            "eps_4q": 57.51,
            "eps_4q_growth_year": 397.84,
            "roe": 25.74,
            "roe_4q": 118,
            "gross_profit": 118026745,
            "gross_margin": 69.09,
            "gross_margin_4q_avg": 64.5,
            "net_income": 106151277,
            "net_income_4q": null,
            "revenue": 170824671,
            "revenue_4q": null,
            "common_shares": 52910491,
            "book_valuer_per_share": 82.54,
            "book_valuer_per_share_4q_avg": 56.32,
            "equity": 467431486,
            "current_ratio": 295.35,
            "debt_ratio": 38.32,
            "inventory_turnover_ratio": 7.88,
            "account_receivable_turnover_ratio": 3.69,
            "reinvestment_rate": 24.38,
            "research_to_sale_ratio": null,
            "price_fair": 1078,
            "eps_avg_yearly": 30.8,
            "eps_latest_yearly": 76.64,
            "eps_growth_yearly": 210.4
        },
        "20222": {
            "year_quarter": 20222,
            "year": 2022,
            "quarter": 2,
            "eps": 19.33,
            "eps_growth_year": 142.23,
            "eps_4q": 68.89,
            "eps_4q_growth_year": 265.41,
            "roe": 22.13,
            "roe_4q": 112.22,
            "gross_profit": 121765711,
            "gross_margin": 69.58,
            "gross_margin_4q_avg": 68.2,
            "net_income": 105513385,
            "net_income_4q": null,
            "revenue": 174999201,
            "revenue_4q": null,
            "common_shares": 52910491,
            "book_valuer_per_share": 85.3,
            "book_valuer_per_share_4q_avg": 69.07,
            "equity": 486162097,
            "current_ratio": 206.34,
            "debt_ratio": 44.41,
            "inventory_turnover_ratio": 6.34,
            "account_receivable_turnover_ratio": 3.43,
            "reinvestment_rate": 20.2,
            "research_to_sale_ratio": null,
            "price_fair": 1240.82,
            "eps_avg_yearly": 35.45,
            "eps_latest_yearly": 77.32,
            "eps_growth_yearly": 189.72
        },
        "20223": {
            "year_quarter": 20223,
            "year": 2022,
            "quarter": 3,
            "eps": 37.25,
            "eps_growth_year": 145.87,
            "eps_4q": 181.95,
            "eps_4q_growth_year": 460.65,
            "roe": 19.43,
            "roe_4q": 94.67999999999999,
            "gross_profit": 113118493,
            "gross_margin": 66.37,
            "gross_margin_4q_avg": 67.54,
            "net_income": 103018570,
            "net_income_4q": null,
            "revenue": 170433361,
            "revenue_4q": null,
            "common_shares": 21164201,
            "book_valuer_per_share": 254.87,
            "book_valuer_per_share_4q_avg": 121.12,
            "equity": 574493685,
            "current_ratio": 301.92,
            "debt_ratio": 34.83,
            "inventory_turnover_ratio": 6.5,
            "account_receivable_turnover_ratio": 3.78,
            "reinvestment_rate": 18.9,
            "research_to_sale_ratio": null,
            "price_fair": 1602.11,
            "eps_avg_yearly": 45.77,
            "eps_latest_yearly": 149,
            "eps_growth_yearly": 206.18
        },
        "20224": {
            "year_quarter": 20224,
            "year": 2022,
            "quarter": 4,
            "eps": 14.1,
            "eps_growth_year": -7.57,
            "eps_4q": 157.91,
            "eps_4q_growth_year": 249.55,
            "roe": 5.44,
            "roe_4q": 72.74,
            "gross_profit": 45531430,
            "gross_margin": 41.01,
            "gross_margin_4q_avg": 61.51,
            "net_income": 31489733,
            "net_income_4q": null,
            "revenue": 111026528,
            "revenue_4q": null,
            "common_shares": 21164201,
            "book_valuer_per_share": 260.92,
            "book_valuer_per_share_4q_avg": 170.91,
            "equity": 582550035,
            "current_ratio": 293.51,
            "debt_ratio": 34.36,
            "inventory_turnover_ratio": 8.14,
            "account_receivable_turnover_ratio": 3.42,
            "reinvestment_rate": 18.28,
            "research_to_sale_ratio": null,
            "price_fair": 1779.65,
            "eps_avg_yearly": 50.85,
            "eps_latest_yearly": 56.4,
            "eps_growth_yearly": 187.86
        },
        "20231": {
            "year_quarter": 20231,
            "year": 2023,
            "quarter": 1,
            "eps": 2.38,
            "eps_growth_year": -87.58,
            "eps_4q": 112.4,
            "eps_4q_growth_year": 95.44,
            "roe": 1.08,
            "roe_4q": 48.08,
            "gross_profit": 14801426,
            "gross_margin": 22.15,
            "gross_margin_4q_avg": 49.78,
            "net_income": 6333881,
            "net_income_4q": null,
            "revenue": 66826650,
            "revenue_4q": null,
            "common_shares": 21164201,
            "book_valuer_per_share": 261.66,
            "book_valuer_per_share_4q_avg": 215.69,
            "equity": 585156779,
            "current_ratio": 284.5,
            "debt_ratio": 34.38,
            "inventory_turnover_ratio": 6.6,
            "account_receivable_turnover_ratio": 2.8,
            "reinvestment_rate": 21.93,
            "research_to_sale_ratio": null,
            "price_fair": 1808.42,
            "eps_avg_yearly": 51.67,
            "eps_latest_yearly": 9.52,
            "eps_growth_yearly": 164.91
        },
        "20232": {
            "year_quarter": 20232,
            "year": 2023,
            "quarter": 2,
            "eps": 2.41,
            "eps_growth_year": -87.53,
            "eps_4q": 66.47,
            "eps_4q_growth_year": -3.52,
            "roe": 1.25,
            "roe_4q": 27.2,
            "gross_profit": 13795232,
            "gross_margin": 20.47,
            "gross_margin_4q_avg": 37.5,
            "net_income": 6460815,
            "net_income_4q": null,
            "revenue": 67384615,
            "revenue_4q": null,
            "common_shares": 21164201,
            "book_valuer_per_share": 197.79,
            "book_valuer_per_share_4q_avg": 243.81,
            "equity": 451472276,
            "current_ratio": 158.46,
            "debt_ratio": 48.98,
            "inventory_turnover_ratio": 6.25,
            "account_receivable_turnover_ratio": 3.18,
            "reinvestment_rate": 22.5,
            "research_to_sale_ratio": null,
            "price_fair": 1685.83,
            "eps_avg_yearly": 48.17,
            "eps_latest_yearly": 9.64,
            "eps_growth_yearly": 151.59
        },
        "20233": {
            "year_quarter": 20233,
            "year": 2023,
            "quarter": 3,
            "eps": 10.35,
            "eps_growth_year": -72.21,
            "eps_4q": 29.24,
            "eps_4q_growth_year": -83.93,
            "roe": 4.92,
            "roe_4q": 12.690000000000001,
            "gross_profit": 12408948,
            "gross_margin": 17.04,
            "gross_margin_4q_avg": 25.17,
            "net_income": 23054806,
            "net_income_4q": null,
            "revenue": 72812414,
            "revenue_4q": null,
            "common_shares": 21164201,
            "book_valuer_per_share": 213.67,
            "book_valuer_per_share_4q_avg": 233.51,
            "equity": 486449863,
            "current_ratio": 240.87,
            "debt_ratio": 37.85,
            "inventory_turnover_ratio": 5.71,
            "account_receivable_turnover_ratio": 3.55,
            "reinvestment_rate": 26.65,
            "research_to_sale_ratio": null,
            "price_fair": 1667.62,
            "eps_avg_yearly": 47.65,
            "eps_latest_yearly": 41.4,
            "eps_growth_yearly": 241.3
        }
    },
    "months": {
        "2001-06": {
            "month": "2001-06",
            "price": "16.10",
            "revenue": 1551371
        },
        "2001-07": {
            "month": "2001-07",
            "price": "12.46",
            "revenue": 1640078
        },
        "2001-08": {
            "month": "2001-08",
            "price": "15.29",
            "revenue": 1439056
        },
        "2001-09": {
            "month": "2001-09",
            "price": "13.32",
            "revenue": 1471047
        },
        "2001-10": {
            "month": "2001-10",
            "price": "9.99",
            "revenue": 1297800
        },
        "2001-11": {
            "month": "2001-11",
            "price": "11.71",
            "revenue": 1152727
        },
        "2001-12": {
            "month": "2001-12",
            "price": "13.30",
            "revenue": 1139695
        },
        "2002-01": {
            "month": "2002-01",
            "price": "13.26",
            "revenue": 1430381
        },
        "2002-02": {
            "month": "2002-02",
            "price": "16.31",
            "revenue": 835593
        },
        "2002-03": {
            "month": "2002-03",
            "price": "17.13",
            "revenue": 1313748
        },
        "2002-04": {
            "month": "2002-04",
            "price": "16.03",
            "revenue": 1047119
        },
        "2002-05": {
            "month": "2002-05",
            "price": "17.61",
            "revenue": 1093723
        },
        "2002-06": {
            "month": "2002-06",
            "price": "17.12",
            "revenue": 1147077
        },
        "2002-07": {
            "month": "2002-07",
            "price": "15.96",
            "revenue": 1231678
        },
        "2002-08": {
            "month": "2002-08",
            "price": "13.82",
            "revenue": 1387410
        },
        "2002-09": {
            "month": "2002-09",
            "price": "11.57",
            "revenue": 2611833
        },
        "2002-10": {
            "month": "2002-10",
            "price": "11.79",
            "revenue": 3406660
        },
        "2002-11": {
            "month": "2002-11",
            "price": "14.45",
            "revenue": 2981520
        },
        "2002-12": {
            "month": "2002-12",
            "price": "18.33",
            "revenue": 3142124
        },
        "2003-01": {
            "month": "2003-01",
            "price": "26.15",
            "revenue": 3240319
        },
        "2003-02": {
            "month": "2003-02",
            "price": "23.36",
            "revenue": 1936778
        },
        "2003-03": {
            "month": "2003-03",
            "price": "24.58",
            "revenue": 2828103
        },
        "2003-04": {
            "month": "2003-04",
            "price": "24.59",
            "revenue": 3205610
        },
        "2003-05": {
            "month": "2003-05",
            "price": "24.82",
            "revenue": 2359176
        },
        "2003-06": {
            "month": "2003-06",
            "price": "25.90",
            "revenue": 3051773
        },
        "2003-07": {
            "month": "2003-07",
            "price": "24.10",
            "revenue": 3256807
        },
        "2003-08": {
            "month": "2003-08",
            "price": "23.38",
            "revenue": 3359196
        },
        "2003-09": {
            "month": "2003-09",
            "price": "24.40",
            "revenue": 3000233
        },
        "2003-10": {
            "month": "2003-10",
            "price": "29.02",
            "revenue": 2998199
        },
        "2003-11": {
            "month": "2003-11",
            "price": "29.34",
            "revenue": 3280384
        },
        "2003-12": {
            "month": "2003-12",
            "price": "28.68",
            "revenue": 3242530
        },
        "2004-01": {
            "month": "2004-01",
            "price": "32.27",
            "revenue": 3333195
        },
        "2004-02": {
            "month": "2004-02",
            "price": "34.90",
            "revenue": 2785726
        },
        "2004-03": {
            "month": "2004-03",
            "price": "36.18",
            "revenue": 3134987
        },
        "2004-04": {
            "month": "2004-04",
            "price": "31.04",
            "revenue": 3298644
        },
        "2004-05": {
            "month": "2004-05",
            "price": "26.16",
            "revenue": 3501769
        },
        "2004-06": {
            "month": "2004-06",
            "price": "26.40",
            "revenue": 3527597
        },
        "2004-07": {
            "month": "2004-07",
            "price": "27.02",
            "revenue": 3622299
        },
        "2004-08": {
            "month": "2004-08",
            "price": "27.62",
            "revenue": 4031549
        },
        "2004-09": {
            "month": "2004-09",
            "price": "32.96",
            "revenue": 3847130
        },
        "2004-10": {
            "month": "2004-10",
            "price": "32.42",
            "revenue": 3717668
        },
        "2004-11": {
            "month": "2004-11",
            "price": "30.50",
            "revenue": 3808003
        },
        "2004-12": {
            "month": "2004-12",
            "price": "31.51",
            "revenue": 3612900
        },
        "2005-01": {
            "month": "2005-01",
            "price": "30.12",
            "revenue": 3525352
        },
        "2005-02": {
            "month": "2005-02",
            "price": "30.28",
            "revenue": 3444413
        },
        "2005-03": {
            "month": "2005-03",
            "price": "31.76",
            "revenue": 3491678
        },
        "2005-04": {
            "month": "2005-04",
            "price": "30.57",
            "revenue": 3884688
        },
        "2005-05": {
            "month": "2005-05",
            "price": "29.76",
            "revenue": 3513545
        },
        "2005-06": {
            "month": "2005-06",
            "price": "28.54",
            "revenue": 3450319
        },
        "2005-07": {
            "month": "2005-07",
            "price": "27.30",
            "revenue": 3522697
        },
        "2005-08": {
            "month": "2005-08",
            "price": "25.46",
            "revenue": 3286597
        },
        "2005-09": {
            "month": "2005-09",
            "price": "22.29",
            "revenue": 3608988
        },
        "2005-10": {
            "month": "2005-10",
            "price": "20.45",
            "revenue": 3639745
        },
        "2005-11": {
            "month": "2005-11",
            "price": "20.70",
            "revenue": 3605680
        },
        "2005-12": {
            "month": "2005-12",
            "price": "22.56",
            "revenue": 3103565
        },
        "2006-01": {
            "month": "2006-01",
            "price": "21.82",
            "revenue": 3264075
        },
        "2006-02": {
            "month": "2006-02",
            "price": "21.70",
            "revenue": 2608500
        },
        "2006-03": {
            "month": "2006-03",
            "price": "20.26",
            "revenue": 2832467
        },
        "2006-04": {
            "month": "2006-04",
            "price": "21.71",
            "revenue": 3172760
        },
        "2006-05": {
            "month": "2006-05",
            "price": "22.85",
            "revenue": 2991606
        },
        "2006-06": {
            "month": "2006-06",
            "price": "21.93",
            "revenue": 2948923
        },
        "2006-07": {
            "month": "2006-07",
            "price": "22.16",
            "revenue": 2636798
        },
        "2006-08": {
            "month": "2006-08",
            "price": "20.11",
            "revenue": 2764938
        },
        "2006-09": {
            "month": "2006-09",
            "price": "17.80",
            "revenue": 2775453
        },
        "2006-10": {
            "month": "2006-10",
            "price": "19.09",
            "revenue": 2391774
        },
        "2006-11": {
            "month": "2006-11",
            "price": "18.46",
            "revenue": 2758474
        },
        "2006-12": {
            "month": "2006-12",
            "price": "18.87",
            "revenue": 2717329
        },
        "2007-01": {
            "month": "2007-01",
            "price": "18.77",
            "revenue": 2563716
        },
        "2007-02": {
            "month": "2007-02",
            "price": "20.77",
            "revenue": 2487470
        },
        "2007-03": {
            "month": "2007-03",
            "price": "21.03",
            "revenue": 2160295
        },
        "2007-04": {
            "month": "2007-04",
            "price": "21.44",
            "revenue": 2803471
        },
        "2007-05": {
            "month": "2007-05",
            "price": "20.59",
            "revenue": 2218511
        },
        "2007-06": {
            "month": "2007-06",
            "price": "20.89",
            "revenue": 2191605
        },
        "2007-07": {
            "month": "2007-07",
            "price": "22.75",
            "revenue": 2216286
        },
        "2007-08": {
            "month": "2007-08",
            "price": "21.45",
            "revenue": 2155368
        },
        "2007-09": {
            "month": "2007-09",
            "price": "24.29",
            "revenue": 2367773
        },
        "2007-10": {
            "month": "2007-10",
            "price": "31.78",
            "revenue": 2110145
        },
        "2007-11": {
            "month": "2007-11",
            "price": "27.50",
            "revenue": 2372483
        },
        "2007-12": {
            "month": "2007-12",
            "price": "27.07",
            "revenue": 2191806
        },
        "2008-01": {
            "month": "2008-01",
            "price": "27.56",
            "revenue": 2257089
        },
        "2008-02": {
            "month": "2008-02",
            "price": "25.05",
            "revenue": 1942817
        },
        "2008-03": {
            "month": "2008-03",
            "price": "27.72",
            "revenue": 1906889
        },
        "2008-04": {
            "month": "2008-04",
            "price": "29.98",
            "revenue": 1969277
        },
        "2008-05": {
            "month": "2008-05",
            "price": "28.47",
            "revenue": 1840702
        },
        "2008-06": {
            "month": "2008-06",
            "price": "25.91",
            "revenue": 1885174
        },
        "2008-07": {
            "month": "2008-07",
            "price": "21.77",
            "revenue": 1813512
        },
        "2008-08": {
            "month": "2008-08",
            "price": "19.44",
            "revenue": 1839914
        },
        "2008-09": {
            "month": "2008-09",
            "price": "15.85",
            "revenue": 1974530
        },
        "2008-10": {
            "month": "2008-10",
            "price": "14.60",
            "revenue": 1710057
        },
        "2008-11": {
            "month": "2008-11",
            "price": "16.93",
            "revenue": 1828343
        },
        "2008-12": {
            "month": "2008-12",
            "price": "15.84",
            "revenue": 1467222
        },
        "2009-01": {
            "month": "2009-01",
            "price": "14.56",
            "revenue": 1185641
        },
        "2009-02": {
            "month": "2009-02",
            "price": "13.30",
            "revenue": 1176908
        },
        "2009-03": {
            "month": "2009-03",
            "price": "14.04",
            "revenue": 1263565
        },
        "2009-04": {
            "month": "2009-04",
            "price": "16.84",
            "revenue": 1406255
        },
        "2009-05": {
            "month": "2009-05",
            "price": "17.88",
            "revenue": 1283283
        },
        "2009-06": {
            "month": "2009-06",
            "price": "17.31",
            "revenue": 1401961
        },
        "2009-07": {
            "month": "2009-07",
            "price": "18.47",
            "revenue": 1188384
        },
        "2009-08": {
            "month": "2009-08",
            "price": "20.43",
            "revenue": 1178761
        },
        "2009-09": {
            "month": "2009-09",
            "price": "19.83",
            "revenue": 1244227
        },
        "2009-10": {
            "month": "2009-10",
            "price": "17.59",
            "revenue": 1139099
        },
        "2009-11": {
            "month": "2009-11",
            "price": "16.79",
            "revenue": 1286778
        },
        "2009-12": {
            "month": "2009-12",
            "price": "16.79",
            "revenue": 1308084
        },
        "2010-01": {
            "month": "2010-01",
            "price": "18.97",
            "revenue": 1164396
        },
        "2010-02": {
            "month": "2010-02",
            "price": "17.94",
            "revenue": 1328363
        },
        "2010-03": {
            "month": "2010-03",
            "price": "19.44",
            "revenue": 1215230
        },
        "2010-04": {
            "month": "2010-04",
            "price": "19.29",
            "revenue": 1460527
        },
        "2010-05": {
            "month": "2010-05",
            "price": "18.81",
            "revenue": 1439295
        },
        "2010-06": {
            "month": "2010-06",
            "price": "19.16",
            "revenue": 1982191
        },
        "2010-07": {
            "month": "2010-07",
            "price": "23.02",
            "revenue": 1432065
        },
        "2010-08": {
            "month": "2010-08",
            "price": "23.44",
            "revenue": 1467756
        },
        "2010-09": {
            "month": "2010-09",
            "price": "21.90",
            "revenue": 1239283
        },
        "2010-10": {
            "month": "2010-10",
            "price": "23.26",
            "revenue": 1243830
        },
        "2010-11": {
            "month": "2010-11",
            "price": "25.13",
            "revenue": 1652283
        },
        "2010-12": {
            "month": "2010-12",
            "price": "27.33",
            "revenue": 1400792
        },
        "2011-01": {
            "month": "2011-01",
            "price": "29.86",
            "revenue": 1400696
        },
        "2011-02": {
            "month": "2011-02",
            "price": "27.96",
            "revenue": 1079830
        },
        "2011-03": {
            "month": "2011-03",
            "price": "24.90",
            "revenue": 1204544
        },
        "2011-04": {
            "month": "2011-04",
            "price": "25.91",
            "revenue": 1255596
        },
        "2011-05": {
            "month": "2011-05",
            "price": "26.66",
            "revenue": 1337946
        },
        "2011-06": {
            "month": "2011-06",
            "price": "23.79",
            "revenue": 1306474
        },
        "2011-07": {
            "month": "2011-07",
            "price": "21.55",
            "revenue": 1293344
        },
        "2011-08": {
            "month": "2011-08",
            "price": "18.37",
            "revenue": 1268416
        },
        "2011-09": {
            "month": "2011-09",
            "price": "15.52",
            "revenue": 1216883
        },
        "2011-10": {
            "month": "2011-10",
            "price": "16.23",
            "revenue": 1273798
        },
        "2011-11": {
            "month": "2011-11",
            "price": "15.50",
            "revenue": 1331692
        },
        "2011-12": {
            "month": "2011-12",
            "price": "14.70",
            "revenue": 1392016
        },
        "2012-01": {
            "month": "2012-01",
            "price": "16.36",
            "revenue": 8795954
        },
        "2012-02": {
            "month": "2012-02",
            "price": "19.00",
            "revenue": 7689652
        },
        "2012-03": {
            "month": "2012-03",
            "price": "20.36",
            "revenue": 9768577
        },
        "2012-04": {
            "month": "2012-04",
            "price": "18.20",
            "revenue": 10969426
        },
        "2012-05": {
            "month": "2012-05",
            "price": "16.38",
            "revenue": 12844811
        },
        "2012-06": {
            "month": "2012-06",
            "price": "15.02",
            "revenue": 13399048
        },
        "2012-07": {
            "month": "2012-07",
            "price": "16.19",
            "revenue": 13163514
        },
        "2012-08": {
            "month": "2012-08",
            "price": "17.01",
            "revenue": 13852791
        },
        "2012-09": {
            "month": "2012-09",
            "price": "16.22",
            "revenue": 13218516
        },
        "2012-10": {
            "month": "2012-10",
            "price": "15.50",
            "revenue": 12536521
        },
        "2012-11": {
            "month": "2012-11",
            "price": "16.10",
            "revenue": 12469705
        },
        "2012-12": {
            "month": "2012-12",
            "price": "17.40",
            "revenue": 12300514
        },
        "2013-01": {
            "month": "2013-01",
            "price": "18.87",
            "revenue": 11835768
        },
        "2013-02": {
            "month": "2013-02",
            "price": "18.93",
            "revenue": 10476220
        },
        "2013-03": {
            "month": "2013-03",
            "price": "18.68",
            "revenue": 10972799
        },
        "2013-04": {
            "month": "2013-04",
            "price": "17.50",
            "revenue": 12001565
        },
        "2013-05": {
            "month": "2013-05",
            "price": "16.93",
            "revenue": 12173313
        },
        "2013-06": {
            "month": "2013-06",
            "price": "16.37",
            "revenue": 12403312
        },
        "2013-07": {
            "month": "2013-07",
            "price": "16.67",
            "revenue": 11533757
        },
        "2013-08": {
            "month": "2013-08",
            "price": "16.73",
            "revenue": 12308576
        },
        "2013-09": {
            "month": "2013-09",
            "price": "17.82",
            "revenue": 12143075
        },
        "2013-10": {
            "month": "2013-10",
            "price": "17.32",
            "revenue": 11139359
        },
        "2013-11": {
            "month": "2013-11",
            "price": "17.02",
            "revenue": 10855077
        },
        "2013-12": {
            "month": "2013-12",
            "price": "17.61",
            "revenue": 11361666
        },
        "2014-01": {
            "month": "2014-01",
            "price": "17.96",
            "revenue": 12274769
        },
        "2014-02": {
            "month": "2014-02",
            "price": "17.65",
            "revenue": 10590078
        },
        "2014-03": {
            "month": "2014-03",
            "price": "17.50",
            "revenue": 11454741
        },
        "2014-04": {
            "month": "2014-04",
            "price": "17.59",
            "revenue": 11842501
        },
        "2014-05": {
            "month": "2014-05",
            "price": "17.25",
            "revenue": 12133980
        },
        "2014-06": {
            "month": "2014-06",
            "price": "16.64",
            "revenue": 11235644
        },
        "2014-07": {
            "month": "2014-07",
            "price": "16.93",
            "revenue": 12364369
        },
        "2014-08": {
            "month": "2014-08",
            "price": "17.42",
            "revenue": 12468933
        },
        "2014-09": {
            "month": "2014-09",
            "price": "18.03",
            "revenue": 12724128
        },
        "2014-10": {
            "month": "2014-10",
            "price": "17.80",
            "revenue": 12802791
        },
        "2014-11": {
            "month": "2014-11",
            "price": "18.42",
            "revenue": 11548185
        },
        "2014-12": {
            "month": "2014-12",
            "price": "20.30",
            "revenue": 12819130
        },
        "2015-01": {
            "month": "2015-01",
            "price": "23.25",
            "revenue": 11504684
        },
        "2015-02": {
            "month": "2015-02",
            "price": "22.33",
            "revenue": 11641652
        },
        "2015-03": {
            "month": "2015-03",
            "price": "22.70",
            "revenue": 12140769
        },
        "2015-04": {
            "month": "2015-04",
            "price": "22.16",
            "revenue": 11240557
        },
        "2015-05": {
            "month": "2015-05",
            "price": "19.32",
            "revenue": 12001890
        },
        "2015-06": {
            "month": "2015-06",
            "price": "15.83",
            "revenue": 11619364
        },
        "2015-07": {
            "month": "2015-07",
            "price": "16.33",
            "revenue": 10987841
        },
        "2015-08": {
            "month": "2015-08",
            "price": "14.97",
            "revenue": 11423004
        },
        "2015-09": {
            "month": "2015-09",
            "price": "14.32",
            "revenue": 10663419
        },
        "2015-10": {
            "month": "2015-10",
            "price": "14.72",
            "revenue": 10360173
        },
        "2015-11": {
            "month": "2015-11",
            "price": "13.80",
            "revenue": 11000627
        },
        "2015-12": {
            "month": "2015-12",
            "price": "13.03",
            "revenue": 9306768
        },
        "2016-01": {
            "month": "2016-01",
            "price": "11.79",
            "revenue": 10106079
        },
        "2016-02": {
            "month": "2016-02",
            "price": "11.93",
            "revenue": 9749684
        },
        "2016-03": {
            "month": "2016-03",
            "price": "12.63",
            "revenue": 8713744
        },
        "2016-04": {
            "month": "2016-04",
            "price": "11.97",
            "revenue": 8428519
        },
        "2016-05": {
            "month": "2016-05",
            "price": "11.33",
            "revenue": 11151147
        },
        "2016-06": {
            "month": "2016-06",
            "price": "11.91",
            "revenue": 10187215
        },
        "2016-07": {
            "month": "2016-07",
            "price": "12.33",
            "revenue": 10571724
        },
        "2016-08": {
            "month": "2016-08",
            "price": "12.02",
            "revenue": 10146401
        },
        "2016-09": {
            "month": "2016-09",
            "price": "13.25",
            "revenue": 11217865
        },
        "2016-10": {
            "month": "2016-10",
            "price": "12.00",
            "revenue": 10735881
        },
        "2016-11": {
            "month": "2016-11",
            "price": "11.81",
            "revenue": 12129072
        },
        "2016-12": {
            "month": "2016-12",
            "price": "11.34",
            "revenue": 11353512
        },
        "2017-01": {
            "month": "2017-01",
            "price": "12.34",
            "revenue": 12713311
        },
        "2017-02": {
            "month": "2017-02",
            "price": "13.84",
            "revenue": 10275122
        },
        "2017-03": {
            "month": "2017-03",
            "price": "14.52",
            "revenue": 11546538
        },
        "2017-04": {
            "month": "2017-04",
            "price": "13.51",
            "revenue": 10818008
        },
        "2017-05": {
            "month": "2017-05",
            "price": "13.69",
            "revenue": 13534968
        },
        "2017-06": {
            "month": "2017-06",
            "price": "15.00",
            "revenue": 12654986
        },
        "2017-07": {
            "month": "2017-07",
            "price": "16.39",
            "revenue": 14313922
        },
        "2017-08": {
            "month": "2017-08",
            "price": "19.12",
            "revenue": 13763911
        },
        "2017-09": {
            "month": "2017-09",
            "price": "19.89",
            "revenue": 13447405
        },
        "2017-10": {
            "month": "2017-10",
            "price": "17.78",
            "revenue": 12425499
        },
        "2017-11": {
            "month": "2017-11",
            "price": "16.92",
            "revenue": 12593533
        },
        "2017-12": {
            "month": "2017-12",
            "price": "16.56",
            "revenue": 12367770
        },
        "2018-01": {
            "month": "2018-01",
            "price": "17.80",
            "revenue": 13038444
        },
        "2018-02": {
            "month": "2018-02",
            "price": "15.70",
            "revenue": 12447767
        },
        "2018-03": {
            "month": "2018-03",
            "price": "15.48",
            "revenue": 11283332
        },
        "2018-04": {
            "month": "2018-04",
            "price": "14.85",
            "revenue": 12535774
        },
        "2018-05": {
            "month": "2018-05",
            "price": "15.00",
            "revenue": 12831337
        },
        "2018-06": {
            "month": "2018-06",
            "price": "14.33",
            "revenue": 13522678
        },
        "2018-07": {
            "month": "2018-07",
            "price": "13.28",
            "revenue": 14482922
        },
        "2018-08": {
            "month": "2018-08",
            "price": "13.59",
            "revenue": 14958617
        },
        "2018-09": {
            "month": "2018-09",
            "price": "12.58",
            "revenue": 15308182
        },
        "2018-10": {
            "month": "2018-10",
            "price": "12.02",
            "revenue": 15269163
        },
        "2018-11": {
            "month": "2018-11",
            "price": "11.56",
            "revenue": 16361096
        },
        "2018-12": {
            "month": "2018-12",
            "price": "12.16",
            "revenue": 17138877
        },
        "2019-01": {
            "month": "2019-01",
            "price": "11.96",
            "revenue": 16825925
        },
        "2019-02": {
            "month": "2019-02",
            "price": "12.06",
            "revenue": 14266750
        },
        "2019-03": {
            "month": "2019-03",
            "price": "12.10",
            "revenue": 14554888
        },
        "2019-04": {
            "month": "2019-04",
            "price": "12.67",
            "revenue": 15309434
        },
        "2019-05": {
            "month": "2019-05",
            "price": "12.43",
            "revenue": 16143480
        },
        "2019-06": {
            "month": "2019-06",
            "price": "12.21",
            "revenue": 15713827
        },
        "2019-07": {
            "month": "2019-07",
            "price": "13.64",
            "revenue": 16816230
        },
        "2019-08": {
            "month": "2019-08",
            "price": "12.95",
            "revenue": 16150698
        },
        "2019-09": {
            "month": "2019-09",
            "price": "13.07",
            "revenue": 16809235
        },
        "2019-10": {
            "month": "2019-10",
            "price": "12.95",
            "revenue": 15986060
        },
        "2019-11": {
            "month": "2019-11",
            "price": "12.57",
            "revenue": 16120212
        },
        "2019-12": {
            "month": "2019-12",
            "price": "12.41",
            "revenue": 15477345
        },
        "2020-01": {
            "month": "2020-01",
            "price": "12.81",
            "revenue": 16561235
        },
        "2020-02": {
            "month": "2020-02",
            "price": "11.70",
            "revenue": 13162358
        },
        "2020-03": {
            "month": "2020-03",
            "price": "10.34",
            "revenue": 13704080
        },
        "2020-04": {
            "month": "2020-04",
            "price": "10.05",
            "revenue": 14215784
        },
        "2020-05": {
            "month": "2020-05",
            "price": "10.70",
            "revenue": 14038231
        },
        "2020-06": {
            "month": "2020-06",
            "price": "11.04",
            "revenue": 15686375
        },
        "2020-07": {
            "month": "2020-07",
            "price": "10.92",
            "revenue": 17085764
        },
        "2020-08": {
            "month": "2020-08",
            "price": "13.93",
            "revenue": 18891195
        },
        "2020-09": {
            "month": "2020-09",
            "price": "16.84",
            "revenue": 19354963
        },
        "2020-10": {
            "month": "2020-10",
            "price": "17.79",
            "revenue": 20303104
        },
        "2020-11": {
            "month": "2020-11",
            "price": "21.59",
            "revenue": 19699341
        },
        "2020-12": {
            "month": "2020-12",
            "price": "30.13",
            "revenue": 24580336
        },
        "2021-01": {
            "month": "2021-01",
            "price": "36.60",
            "revenue": 28435024
        },
        "2021-02": {
            "month": "2021-02",
            "price": "35.97",
            "revenue": 29629107
        },
        "2021-03": {
            "month": "2021-03",
            "price": "40.60",
            "revenue": 32172484
        },
        "2021-04": {
            "month": "2021-04",
            "price": "63.69",
            "revenue": 27749820
        },
        "2021-05": {
            "month": "2021-05",
            "price": "82.90",
            "revenue": 34442080
        },
        "2021-06": {
            "month": "2021-06",
            "price": "137.52",
            "revenue": 37720908
        },
        "2021-07": {
            "month": "2021-07",
            "price": "171.73",
            "revenue": 45879182
        },
        "2021-08": {
            "month": "2021-08",
            "price": "137.68",
            "revenue": 50021681
        },
        "2021-09": {
            "month": "2021-09",
            "price": "127.00",
            "revenue": 49130735
        },
        "2021-10": {
            "month": "2021-10",
            "price": "96.24",
            "revenue": 52729729
        },
        "2021-11": {
            "month": "2021-11",
            "price": "116.32",
            "revenue": 51041024
        },
        "2021-12": {
            "month": "2021-12",
            "price": "139.36",
            "revenue": 52225154
        },
        "2022-01": {
            "month": "2022-01",
            "price": "128.64",
            "revenue": 56841393
        },
        "2022-02": {
            "month": "2022-02",
            "price": "135.70",
            "revenue": 55305331
        },
        "2022-03": {
            "month": "2022-03",
            "price": "147.22",
            "revenue": 58670247
        },
        "2022-04": {
            "month": "2022-04",
            "price": "139.13",
            "revenue": 56199907
        },
        "2022-05": {
            "month": "2022-05",
            "price": "143.29",
            "revenue": 58464377
        },
        "2022-06": {
            "month": "2022-06",
            "price": "120.83",
            "revenue": 60344770
        },
        "2022-07": {
            "month": "2022-07",
            "price": "89.78",
            "revenue": 62799441
        },
        "2022-08": {
            "month": "2022-08",
            "price": "96.35",
            "revenue": 57442123
        },
        "2022-09": {
            "month": "2022-09",
            "price": "134.41",
            "revenue": 50197469
        },
        "2022-10": {
            "month": "2022-10",
            "price": "144.85",
            "revenue": 45647733
        },
        "2022-11": {
            "month": "2022-11",
            "price": "150.48",
            "revenue": 36093532
        },
        "2022-12": {
            "month": "2022-12",
            "price": "159.18",
            "revenue": 29143977
        },
        "2023-01": {
            "month": "2023-01",
            "price": "154.62",
            "revenue": 26241827
        },
        "2023-02": {
            "month": "2023-02",
            "price": "151.00",
            "revenue": 18680178
        },
        "2023-03": {
            "month": "2023-03",
            "price": "162.22",
            "revenue": 21884625
        },
        "2023-04": {
            "month": "2023-04",
            "price": "165.24",
            "revenue": 22336727
        },
        "2023-05": {
            "month": "2023-05",
            "price": "152.11",
            "revenue": 22916693
        },
        "2023-06": {
            "month": "2023-06",
            "price": "154.00",
            "revenue": 22130811
        },
        "2023-07": {
            "month": "2023-07",
            "price": "102.07",
            "revenue": 23424088
        },
        "2023-08": {
            "month": "2023-08",
            "price": "106.20",
            "revenue": 24917874
        },
        "2023-09": {
            "month": "2023-09",
            "price": "111.70",
            "revenue": 24483411
        },
        "2023-10": {
            "month": "2023-10",
            "price": "106.70",
            "revenue": 23364349
        },
        "2023-11": {
            "month": "2023-11",
            "price": "111.89",
            "revenue": 22699856
        },
        "2023-12": {
            "month": "2023-12",
            "price": "133.74",
            "revenue": 23633235
        }
    }
}
