{
    "summary": {
        "stock_name": "新興",
        "stock_id": "2605",
        "category": "航運",
        "main_business": "船務代理業<br>拖船駁船業",
        "website_url": "http://www.snc.com.tw/",
        "ceo": "許積皋",
        "pe_ratio": 40,
        "report_year_from": 2001,
        "report_year_to": 2023,
        "age": 22,
        "eps_negative_percentage": 0,
        "eps_growth_avg": {
            "last_all": 3.6,
            "last_2y": 37.3,
            "last_4y": 8.43,
            "last_8y": -2.23,
            "last_12y": -8.3,
            "last_16y": -7.76,
            "last_20y": null,
            "at_2006_last_3y": 46.89,
            "at_2007_last_3y": 25.06,
            "at_2008_last_3y": -1.04,
            "at_2009_last_3y": -5.98,
            "at_2010_last_3y": -9.82,
            "at_2011_last_3y": -17.04,
            "at_2012_last_3y": -13.21,
            "at_2013_last_3y": -21.97,
            "at_2014_last_3y": -19.57,
            "at_2015_last_3y": -12.87,
            "at_2016_last_3y": -20.07,
            "at_2017_last_3y": -15.56,
            "at_2018_last_3y": -32,
            "at_2019_last_3y": -30.1,
            "at_2020_last_3y": 0.18,
            "at_2021_last_3y": 28.72,
            "at_2022_last_3y": 32.52,
            "at_2023_last_3y": 32.52,
            "at_2006_last_all": 46.89,
            "at_2007_last_all": 40.05,
            "at_2008_last_all": 29.53,
            "at_2009_last_all": 25.72,
            "at_2010_last_all": 18.54,
            "at_2011_last_all": 14.67,
            "at_2012_last_all": 12.43,
            "at_2013_last_all": 8.38,
            "at_2014_last_all": 5.83,
            "at_2015_last_all": 6.2,
            "at_2016_last_all": 3.15,
            "at_2017_last_all": 1.99,
            "at_2018_last_all": -3.63,
            "at_2019_last_all": -2.34,
            "at_2020_last_all": 2.49,
            "at_2021_last_all": 7.62,
            "at_2022_last_all": 3.6,
            "at_2023_last_all": 3.6
        },
        "latest_eps": 0.56,
        "latest_price": 22.3,
        "latest_roe": 2.61,
        "latest_gross_margin": 9.75,
        "latest_equity": 17102588,
        "latest_revenue": 1006524,
        "latest_gross_profit": 98182,
        "latest_net_income": 124626,
        "latest_debt_ratio": 21.17,
        "latest_current_ratio": 222.4,
        "latest_account_receivable_turnover_ratio": 1.93,
        "latest_inventory_turnover_ratio": 7.96,
        "latest_reinvestment_rate": -387.52,
        "latest_research_to_sale_ratio": null
    },
    "eps_dividends": {
        "1990": {
            "cash": 1,
            "stock": 0,
            "eps": 0
        },
        "1991": {
            "cash": 0,
            "stock": 3,
            "eps": 0
        },
        "1993": {
            "cash": 0,
            "stock": 2,
            "eps": 0
        },
        "1995": {
            "cash": 0,
            "stock": 2,
            "eps": 0
        },
        "1996": {
            "cash": 1,
            "stock": 1,
            "eps": 0
        },
        "1997": {
            "cash": 1,
            "stock": 1,
            "eps": 0
        },
        "1998": {
            "cash": 0,
            "stock": 1,
            "eps": 0
        },
        "1999": {
            "cash": 0,
            "stock": 1,
            "eps": 0
        },
        "2000": {
            "cash": 1,
            "stock": 1,
            "eps": 0
        },
        "2001": {
            "cash": 1,
            "stock": 0,
            "eps": 0
        },
        "2002": {
            "cash": 1,
            "stock": 1,
            "eps": 1.6
        },
        "2003": {
            "cash": 1,
            "stock": 1,
            "eps": 3.27
        },
        "2004": {
            "cash": 1,
            "stock": 1,
            "eps": 5.93
        },
        "2005": {
            "cash": 5,
            "stock": 0,
            "eps": 7.27
        },
        "2006": {
            "cash": 3,
            "stock": 2,
            "eps": 6.08
        },
        "2007": {
            "cash": 5,
            "stock": 0,
            "eps": 6.85
        },
        "2008": {
            "cash": 4,
            "stock": 2,
            "eps": 5.27
        },
        "2009": {
            "cash": 3,
            "stock": 0,
            "eps": 5.42
        },
        "2010": {
            "cash": 3,
            "stock": 0,
            "eps": 3.7
        },
        "2011": {
            "cash": 5,
            "stock": 0,
            "eps": 3.1
        },
        "2012": {
            "cash": 0,
            "stock": 0,
            "eps": 2.86
        },
        "2013": {
            "cash": 1,
            "stock": 0,
            "eps": 1.94
        },
        "2014": {
            "cash": 1,
            "stock": 0,
            "eps": 1.51
        },
        "2015": {
            "cash": 1,
            "stock": 0,
            "eps": 1.67
        },
        "2016": {
            "cash": 1,
            "stock": 0,
            "eps": 1.06
        },
        "2017": {
            "cash": 1,
            "stock": 0,
            "eps": 0.91
        },
        "2018": {
            "cash": 1,
            "stock": 0,
            "eps": 0.11
        },
        "2019": {
            "cash": 0,
            "stock": 0,
            "eps": 0.13
        },
        "2020": {
            "cash": 1,
            "stock": 0,
            "eps": 0.24
        },
        "2021": {
            "cash": 1,
            "stock": 0,
            "eps": 1.21
        },
        "2022": {
            "cash": 1,
            "stock": 0,
            "eps": 0.33
        },
        "2023": {
            "cash": 1,
            "stock": 0,
            "eps": 0.21
        }
    },
    "dividends": {
        "1990-04-14": {
            "cash": 1,
            "stock": 0
        },
        "1991-04-17": {
            "cash": 0,
            "stock": 2.5
        },
        "1993-05-08": {
            "cash": 0,
            "stock": 1.5
        },
        "1995-05-05": {
            "cash": 0,
            "stock": 1.5
        },
        "1996-05-25": {
            "cash": 0.5,
            "stock": 0.7
        },
        "1997-05-16": {
            "cash": 0.5,
            "stock": 0.5
        },
        "1998-05-15": {
            "cash": 0,
            "stock": 1
        },
        "1999-05-14": {
            "cash": 0,
            "stock": 0.5
        },
        "2000-05-15": {
            "cash": 0.5,
            "stock": 0.5
        },
        "2001-05-23": {
            "cash": 0.8,
            "stock": 0
        },
        "2002-05-28": {
            "cash": 0.5,
            "stock": 0.5
        },
        "2003-03-20": {
            "cash": 0.5,
            "stock": 0.85
        },
        "2004-04-05": {
            "cash": 1,
            "stock": 1.25
        },
        "2005-04-22": {
            "cash": 5,
            "stock": 0
        },
        "2006-04-27": {
            "cash": 3.2,
            "stock": 2
        },
        "2007-05-15": {
            "cash": 5,
            "stock": 0
        },
        "2008-04-29": {
            "cash": 3.5,
            "stock": 1.75
        },
        "2009-04-24": {
            "cash": 2.5,
            "stock": 0
        },
        "2010-04-29": {
            "cash": 3,
            "stock": 0
        },
        "2011-01-01": {
            "cash": 1.5,
            "stock": 0
        },
        "2011-04-28": {
            "cash": 2.5,
            "stock": 0
        },
        "2013-03-28": {
            "cash": 1.25,
            "stock": 0
        },
        "2014-09-05": {
            "cash": 1.1,
            "stock": 0
        },
        "2015-08-05": {
            "cash": 1,
            "stock": 0
        },
        "2016-09-07": {
            "cash": 1,
            "stock": 0
        },
        "2017-08-04": {
            "cash": 0.7,
            "stock": 0
        },
        "2018-08-09": {
            "cash": 0.6,
            "stock": 0
        },
        "2019-11-01": {
            "cash": 0.2,
            "stock": 0.3
        },
        "2020-08-05": {
            "cash": 0.5,
            "stock": 0
        },
        "2021-08-18": {
            "cash": 0.5,
            "stock": 0
        },
        "2022-08-19": {
            "cash": 1,
            "stock": 0
        },
        "2023-03-09": {
            "cash": 0.5,
            "stock": 0
        }
    },
    "prices": {
        "200101": "6.60",
        "200102": "7.88",
        "200103": "7.82",
        "200104": "8.54",
        "200105": "7.52",
        "200106": "7.04",
        "200107": "6.23",
        "200108": "6.60",
        "200109": "6.09",
        "200110": "5.59",
        "200111": "5.80",
        "200112": "6.94",
        "200201": "7.73",
        "200202": "8.42",
        "200203": "8.58",
        "200204": "9.04",
        "200205": "9.23",
        "200206": "9.12",
        "200207": "8.81",
        "200208": "7.37",
        "200209": "8.02",
        "200210": "8.06",
        "200211": "8.53",
        "200212": "11.59",
        "200301": "14.42",
        "200302": "12.37",
        "200303": "12.14",
        "200304": "12.57",
        "200305": "11.93",
        "200306": "12.44",
        "200307": "14.30",
        "200308": "14.90",
        "200309": "16.17",
        "200310": "22.65",
        "200311": "25.41",
        "200312": "25.82",
        "200401": "30.04",
        "200402": "28.62",
        "200403": "31.89",
        "200404": "28.38",
        "200405": "22.74",
        "200406": "23.96",
        "200407": "26.22",
        "200408": "27.36",
        "200409": "35.93",
        "200410": "40.56",
        "200411": "38.54",
        "200412": "40.26",
        "200501": "38.92",
        "200502": "39.58",
        "200503": "40.12",
        "200504": "37.10",
        "200505": "35.64",
        "200506": "37.55",
        "200507": "37.63",
        "200508": "34.75",
        "200509": "31.71",
        "200510": "28.03",
        "200511": "27.88",
        "200512": "29.76",
        "200601": "30.62",
        "200602": "32.34",
        "200603": "32.30",
        "200604": "35.49",
        "200605": "35.83",
        "200606": "34.90",
        "200607": "36.91",
        "200608": "37.32",
        "200609": "35.00",
        "200610": "37.18",
        "200611": "40.52",
        "200612": "41.52",
        "200701": "44.40",
        "200702": "45.70",
        "200703": "47.02",
        "200704": "50.04",
        "200705": "51.18",
        "200706": "52.12",
        "200707": "63.90",
        "200708": "67.15",
        "200709": "68.77",
        "200710": "72.31",
        "200711": "58.10",
        "200712": "55.15",
        "200801": "54.34",
        "200802": "61.76",
        "200803": "61.96",
        "200804": "62.02",
        "200805": "62.83",
        "200806": "57.20",
        "200807": "54.13",
        "200808": "46.17",
        "200809": "34.36",
        "200810": "23.81",
        "200811": "24.41",
        "200812": "27.63",
        "200901": "26.82",
        "200902": "26.63",
        "200903": "27.59",
        "200904": "31.85",
        "200905": "35.69",
        "200906": "38.16",
        "200907": "38.72",
        "200908": "37.44",
        "200909": "36.62",
        "200910": "38.76",
        "200911": "39.85",
        "200912": "39.60",
        "201001": "42.11",
        "201002": "38.36",
        "201003": "40.20",
        "201004": "40.92",
        "201005": "39.18",
        "201006": "38.10",
        "201007": "38.48",
        "201008": "37.46",
        "201009": "36.87",
        "201010": "37.14",
        "201011": "36.11",
        "201012": "35.23",
        "201101": "35.73",
        "201102": "34.78",
        "201103": "32.60",
        "201104": "32.97",
        "201105": "32.79",
        "201106": "32.70",
        "201107": "32.53",
        "201108": "29.46",
        "201109": "27.42",
        "201110": "26.51",
        "201111": "26.43",
        "201112": "26.37",
        "201201": "25.95",
        "201202": "29.12",
        "201203": "29.83",
        "201204": "29.04",
        "201205": "29.28",
        "201206": "26.28",
        "201207": "27.49",
        "201208": "25.94",
        "201209": "25.71",
        "201210": "24.98",
        "201211": "24.48",
        "201212": "25.44",
        "201301": "27.17",
        "201302": "27.05",
        "201303": "27.06",
        "201304": "27.01",
        "201305": "27.15",
        "201306": "26.37",
        "201307": "26.50",
        "201308": "25.48",
        "201309": "28.13",
        "201310": "28.04",
        "201311": "27.15",
        "201312": "28.05",
        "201401": "28.23",
        "201402": "27.37",
        "201403": "28.15",
        "201404": "27.60",
        "201405": "26.28",
        "201406": "26.40",
        "201407": "26.88",
        "201408": "26.92",
        "201409": "27.31",
        "201410": "25.80",
        "201411": "25.50",
        "201412": "25.16",
        "201501": "26.12",
        "201502": "25.42",
        "201503": "25.02",
        "201504": "24.34",
        "201505": "24.19",
        "201506": "24.90",
        "201507": "23.59",
        "201508": "21.19",
        "201509": "18.96",
        "201510": "18.63",
        "201511": "18.13",
        "201512": "18.39",
        "201601": "19.78",
        "201602": "19.75",
        "201603": "20.81",
        "201604": "20.54",
        "201605": "19.52",
        "201606": "19.49",
        "201607": "19.58",
        "201608": "18.54",
        "201609": "17.98",
        "201610": "17.82",
        "201611": "19.48",
        "201612": "19.69",
        "201701": "20.23",
        "201702": "22.91",
        "201703": "24.77",
        "201704": "22.07",
        "201705": "20.51",
        "201706": "21.03",
        "201707": "20.83",
        "201708": "22.01",
        "201709": "22.83",
        "201710": "21.86",
        "201711": "21.76",
        "201712": "21.70",
        "201801": "20.68",
        "201802": "19.37",
        "201803": "18.25",
        "201804": "17.61",
        "201805": "17.28",
        "201806": "16.59",
        "201807": "15.60",
        "201808": "16.84",
        "201809": "15.46",
        "201810": "16.49",
        "201811": "15.45",
        "201812": "16.17",
        "201901": "15.68",
        "201902": "15.55",
        "201903": "15.81",
        "201904": "16.49",
        "201905": "16.06",
        "201906": "15.62",
        "201907": "16.97",
        "201908": "15.92",
        "201909": "16.96",
        "201910": "16.75",
        "201911": "15.95",
        "201912": "16.51",
        "202001": "16.08",
        "202002": "13.67",
        "202003": "11.62",
        "202004": "13.50",
        "202005": "14.21",
        "202006": "14.81",
        "202007": "14.58",
        "202008": "14.93",
        "202009": "14.95",
        "202010": "14.75",
        "202011": "14.92",
        "202012": "18.72",
        "202101": "19.94",
        "202102": "18.90",
        "202103": "21.03",
        "202104": "26.31",
        "202105": "27.46",
        "202106": "34.40",
        "202107": "44.32",
        "202108": "38.07",
        "202109": "36.75",
        "202110": "31.26",
        "202111": "28.68",
        "202112": "29.91",
        "202201": "27.04",
        "202202": "27.19",
        "202203": "28.30",
        "202204": "28.34",
        "202205": "27.62",
        "202206": "23.53",
        "202207": "21.81",
        "202208": "22.94",
        "202209": "20.34",
        "202210": "18.52",
        "202211": "18.77",
        "202212": "20.08",
        "202301": "19.33",
        "202302": "20.95",
        "202303": "25.13",
        "202304": "24.19",
        "202305": "21.94"
    },
    "quarters": {
        "20011": {
            "year_quarter": 20011,
            "year": 2001,
            "quarter": 1,
            "eps": null,
            "eps_growth_year": null,
            "eps_4q": null,
            "eps_4q_growth_year": null,
            "roe": null,
            "roe_4q": 0,
            "gross_profit": null,
            "gross_margin": null,
            "gross_margin_4q_avg": 0,
            "net_income": null,
            "revenue": null,
            "common_shares": null,
            "book_valuer_per_share": null,
            "book_valuer_per_share_4q_avg": 0,
            "equity": null,
            "current_ratio": null,
            "debt_ratio": null,
            "inventory_turnover_ratio": null,
            "account_receivable_turnover_ratio": null,
            "reinvestment_rate": null,
            "research_to_sale_ratio": null,
            "price_fair": 0,
            "eps_avg_yearly": 0,
            "eps_latest_yearly": 0,
            "eps_growth_yearly": 0
        },
        "20012": {
            "year_quarter": 20012,
            "year": 2001,
            "quarter": 2,
            "eps": null,
            "eps_growth_year": null,
            "eps_4q": null,
            "eps_4q_growth_year": null,
            "roe": null,
            "roe_4q": 0,
            "gross_profit": null,
            "gross_margin": null,
            "gross_margin_4q_avg": 0,
            "net_income": null,
            "revenue": null,
            "common_shares": null,
            "book_valuer_per_share": null,
            "book_valuer_per_share_4q_avg": 0,
            "equity": null,
            "current_ratio": null,
            "debt_ratio": null,
            "inventory_turnover_ratio": null,
            "account_receivable_turnover_ratio": null,
            "reinvestment_rate": null,
            "research_to_sale_ratio": null,
            "price_fair": 0,
            "eps_avg_yearly": 0,
            "eps_latest_yearly": 0,
            "eps_growth_yearly": 0
        },
        "20013": {
            "year_quarter": 20013,
            "year": 2001,
            "quarter": 3,
            "eps": null,
            "eps_growth_year": null,
            "eps_4q": null,
            "eps_4q_growth_year": null,
            "roe": null,
            "roe_4q": 0,
            "gross_profit": null,
            "gross_margin": null,
            "gross_margin_4q_avg": 0,
            "net_income": null,
            "revenue": null,
            "common_shares": null,
            "book_valuer_per_share": null,
            "book_valuer_per_share_4q_avg": 0,
            "equity": null,
            "current_ratio": null,
            "debt_ratio": null,
            "inventory_turnover_ratio": null,
            "account_receivable_turnover_ratio": null,
            "reinvestment_rate": null,
            "research_to_sale_ratio": null,
            "price_fair": 0,
            "eps_avg_yearly": 0,
            "eps_latest_yearly": 0,
            "eps_growth_yearly": 0
        },
        "20014": {
            "year_quarter": 20014,
            "year": 2001,
            "quarter": 4,
            "eps": null,
            "eps_growth_year": null,
            "eps_4q": null,
            "eps_4q_growth_year": null,
            "roe": null,
            "roe_4q": 0,
            "gross_profit": null,
            "gross_margin": null,
            "gross_margin_4q_avg": 0,
            "net_income": null,
            "revenue": null,
            "common_shares": 3310279,
            "book_valuer_per_share": 16.9,
            "book_valuer_per_share_4q_avg": 4.23,
            "equity": 5594358,
            "current_ratio": 145.24,
            "debt_ratio": 55.14,
            "inventory_turnover_ratio": null,
            "account_receivable_turnover_ratio": null,
            "reinvestment_rate": null,
            "research_to_sale_ratio": null,
            "price_fair": 0,
            "eps_avg_yearly": 0,
            "eps_latest_yearly": 0,
            "eps_growth_yearly": 0
        },
        "20021": {
            "year_quarter": 20021,
            "year": 2002,
            "quarter": 1,
            "eps": 0.57,
            "eps_growth_year": null,
            "eps_4q": null,
            "eps_4q_growth_year": null,
            "roe": 3.38,
            "roe_4q": 3.38,
            "gross_profit": 22672,
            "gross_margin": 16.99,
            "gross_margin_4q_avg": 4.25,
            "net_income": 189226,
            "revenue": 133411,
            "common_shares": 3144779,
            "book_valuer_per_share": 17.76,
            "book_valuer_per_share_4q_avg": 8.67,
            "equity": 5586002,
            "current_ratio": 75.5,
            "debt_ratio": 17.25,
            "inventory_turnover_ratio": null,
            "account_receivable_turnover_ratio": null,
            "reinvestment_rate": null,
            "research_to_sale_ratio": null,
            "price_fair": 0,
            "eps_avg_yearly": 0,
            "eps_latest_yearly": 0,
            "eps_growth_yearly": 0
        },
        "20022": {
            "year_quarter": 20022,
            "year": 2002,
            "quarter": 2,
            "eps": 0.18,
            "eps_growth_year": null,
            "eps_4q": null,
            "eps_4q_growth_year": null,
            "roe": 1.07,
            "roe_4q": 4.45,
            "gross_profit": -5539,
            "gross_margin": -4.99,
            "gross_margin_4q_avg": 3,
            "net_income": 58757,
            "revenue": 110950,
            "common_shares": 3144779,
            "book_valuer_per_share": 17.29,
            "book_valuer_per_share_4q_avg": 12.99,
            "equity": 5438199,
            "current_ratio": 50.62,
            "debt_ratio": 20.42,
            "inventory_turnover_ratio": null,
            "account_receivable_turnover_ratio": null,
            "reinvestment_rate": null,
            "research_to_sale_ratio": null,
            "price_fair": 2.16,
            "eps_avg_yearly": 0.72,
            "eps_latest_yearly": 0.72,
            "eps_growth_yearly": -273.68
        },
        "20023": {
            "year_quarter": 20023,
            "year": 2002,
            "quarter": 3,
            "eps": 0.51,
            "eps_growth_year": null,
            "eps_4q": null,
            "eps_4q_growth_year": null,
            "roe": 3.01,
            "roe_4q": 7.46,
            "gross_profit": 39580,
            "gross_margin": 30.48,
            "gross_margin_4q_avg": 10.62,
            "net_income": 168062,
            "revenue": 129846,
            "common_shares": 3302018,
            "book_valuer_per_share": 17.34,
            "book_valuer_per_share_4q_avg": 17.32,
            "equity": 5725521,
            "current_ratio": 59.55,
            "debt_ratio": 14.88,
            "inventory_turnover_ratio": null,
            "account_receivable_turnover_ratio": null,
            "reinvestment_rate": null,
            "research_to_sale_ratio": null,
            "price_fair": 48.3,
            "eps_avg_yearly": 1.38,
            "eps_latest_yearly": 2.04,
            "eps_growth_yearly": 229.82
        },
        "20024": {
            "year_quarter": 20024,
            "year": 2002,
            "quarter": 4,
            "eps": 0.34,
            "eps_growth_year": null,
            "eps_4q": 1.6,
            "eps_4q_growth_year": null,
            "roe": 1.88,
            "roe_4q": 9.34,
            "gross_profit": 34476,
            "gross_margin": 23.27,
            "gross_margin_4q_avg": 16.44,
            "net_income": 111870,
            "revenue": 148168,
            "common_shares": 3302018,
            "book_valuer_per_share": 17.8,
            "book_valuer_per_share_4q_avg": 17.55,
            "equity": 6193186,
            "current_ratio": 116.37,
            "debt_ratio": 54.21,
            "inventory_turnover_ratio": null,
            "account_receivable_turnover_ratio": null,
            "reinvestment_rate": null,
            "research_to_sale_ratio": null,
            "price_fair": 48.07,
            "eps_avg_yearly": 1.37,
            "eps_latest_yearly": 1.36,
            "eps_growth_yearly": 108.77
        },
        "20031": {
            "year_quarter": 20031,
            "year": 2003,
            "quarter": 1,
            "eps": 0.33,
            "eps_growth_year": -42.11,
            "eps_4q": 1.35,
            "eps_4q_growth_year": null,
            "roe": 1.8,
            "roe_4q": 7.76,
            "gross_profit": 26679,
            "gross_margin": 23.7,
            "gross_margin_4q_avg": 18.12,
            "net_income": 109461,
            "revenue": 112582,
            "common_shares": 3302018,
            "book_valuer_per_share": 18.13,
            "book_valuer_per_share_4q_avg": 17.64,
            "equity": 5988190,
            "current_ratio": 100.89,
            "debt_ratio": 18.13,
            "inventory_turnover_ratio": null,
            "account_receivable_turnover_ratio": null,
            "reinvestment_rate": null,
            "research_to_sale_ratio": null,
            "price_fair": 47.6,
            "eps_avg_yearly": 1.36,
            "eps_latest_yearly": 1.32,
            "eps_growth_yearly": 78.64
        },
        "20032": {
            "year_quarter": 20032,
            "year": 2003,
            "quarter": 2,
            "eps": 0.52,
            "eps_growth_year": 188.89,
            "eps_4q": 1.61,
            "eps_4q_growth_year": null,
            "roe": 3.09,
            "roe_4q": 9.78,
            "gross_profit": 43996,
            "gross_margin": 23.13,
            "gross_margin_4q_avg": 25.15,
            "net_income": 184961,
            "revenue": 190198,
            "common_shares": 3302018,
            "book_valuer_per_share": 18.11,
            "book_valuer_per_share_4q_avg": 17.85,
            "equity": 5978411,
            "current_ratio": 69.55,
            "debt_ratio": 17.21,
            "inventory_turnover_ratio": null,
            "account_receivable_turnover_ratio": null,
            "reinvestment_rate": null,
            "research_to_sale_ratio": null,
            "price_fair": 52.64,
            "eps_avg_yearly": 1.5,
            "eps_latest_yearly": 2.08,
            "eps_growth_yearly": 108.97
        },
        "20033": {
            "year_quarter": 20033,
            "year": 2003,
            "quarter": 3,
            "eps": 0.7,
            "eps_growth_year": 37.25,
            "eps_4q": 1.84,
            "eps_4q_growth_year": null,
            "roe": 4.13,
            "roe_4q": 10.899999999999999,
            "gross_profit": 115248,
            "gross_margin": 49.36,
            "gross_margin_4q_avg": 29.87,
            "net_income": 249201,
            "revenue": 233486,
            "common_shares": 3582690,
            "book_valuer_per_share": 17.01,
            "book_valuer_per_share_4q_avg": 17.76,
            "equity": 6093803,
            "current_ratio": 86.33,
            "debt_ratio": 16.26,
            "inventory_turnover_ratio": null,
            "account_receivable_turnover_ratio": null,
            "reinvestment_rate": null,
            "research_to_sale_ratio": null,
            "price_fair": 60.2,
            "eps_avg_yearly": 1.72,
            "eps_latest_yearly": 2.8,
            "eps_growth_yearly": 113.89
        },
        "20034": {
            "year_quarter": 20034,
            "year": 2003,
            "quarter": 4,
            "eps": 1.72,
            "eps_growth_year": 405.88,
            "eps_4q": 3.24,
            "eps_4q_growth_year": 101.72,
            "roe": 9.43,
            "roe_4q": 18.45,
            "gross_profit": 82646,
            "gross_margin": 44.68,
            "gross_margin_4q_avg": 35.22,
            "net_income": 616542,
            "revenue": 184982,
            "common_shares": 3582690,
            "book_valuer_per_share": 18.81,
            "book_valuer_per_share_4q_avg": 18.02,
            "equity": 6987596,
            "current_ratio": 182.67,
            "debt_ratio": 52.94,
            "inventory_turnover_ratio": null,
            "account_receivable_turnover_ratio": null,
            "reinvestment_rate": null,
            "research_to_sale_ratio": null,
            "price_fair": 86,
            "eps_avg_yearly": 2.46,
            "eps_latest_yearly": 6.88,
            "eps_growth_yearly": 180.88
        },
        "20041": {
            "year_quarter": 20041,
            "year": 2004,
            "quarter": 1,
            "eps": 0.96,
            "eps_growth_year": 190.91,
            "eps_4q": 3.88,
            "eps_4q_growth_year": 187.51,
            "roe": 4.96,
            "roe_4q": 21.61,
            "gross_profit": 195937,
            "gross_margin": 65.2,
            "gross_margin_4q_avg": 45.59,
            "net_income": 344913,
            "revenue": 300496,
            "common_shares": 3582690,
            "book_valuer_per_share": 19.31,
            "book_valuer_per_share_4q_avg": 18.31,
            "equity": 6916909,
            "current_ratio": 142.5,
            "debt_ratio": 11.88,
            "inventory_turnover_ratio": null,
            "account_receivable_turnover_ratio": null,
            "reinvestment_rate": null,
            "research_to_sale_ratio": null,
            "price_fair": 92.05,
            "eps_avg_yearly": 2.63,
            "eps_latest_yearly": 3.84,
            "eps_growth_yearly": 136.18
        },
        "20042": {
            "year_quarter": 20042,
            "year": 2004,
            "quarter": 2,
            "eps": 0.82,
            "eps_growth_year": 57.69,
            "eps_4q": 3.81,
            "eps_4q_growth_year": 135.81,
            "roe": 4.77,
            "roe_4q": 23.29,
            "gross_profit": 210404,
            "gross_margin": 68.57,
            "gross_margin_4q_avg": 56.95,
            "net_income": 332274,
            "revenue": 306857,
            "common_shares": 3582690,
            "book_valuer_per_share": 19.56,
            "book_valuer_per_share_4q_avg": 18.67,
            "equity": 7008119,
            "current_ratio": 80.89,
            "debt_ratio": 15.25,
            "inventory_turnover_ratio": null,
            "account_receivable_turnover_ratio": null,
            "reinvestment_rate": null,
            "research_to_sale_ratio": null,
            "price_fair": 94.58,
            "eps_avg_yearly": 2.7,
            "eps_latest_yearly": 3.28,
            "eps_growth_yearly": 114.57
        },
        "20043": {
            "year_quarter": 20043,
            "year": 2004,
            "quarter": 3,
            "eps": 0.98,
            "eps_growth_year": 40,
            "eps_4q": 4.2,
            "eps_4q_growth_year": 128.27,
            "roe": 5.44,
            "roe_4q": 24.6,
            "gross_profit": 67731,
            "gross_margin": 35.97,
            "gross_margin_4q_avg": 53.61,
            "net_income": 393371,
            "revenue": 188323,
            "common_shares": 4030526,
            "book_valuer_per_share": 18.47,
            "book_valuer_per_share_4q_avg": 19.04,
            "equity": 7444309,
            "current_ratio": 76.41,
            "debt_ratio": 10.82,
            "inventory_turnover_ratio": null,
            "account_receivable_turnover_ratio": null,
            "reinvestment_rate": null,
            "research_to_sale_ratio": null,
            "price_fair": 98.84,
            "eps_avg_yearly": 2.82,
            "eps_latest_yearly": 3.92,
            "eps_growth_yearly": 110.91
        },
        "20044": {
            "year_quarter": 20044,
            "year": 2004,
            "quarter": 4,
            "eps": 3.17,
            "eps_growth_year": 84.3,
            "eps_4q": 5.83,
            "eps_4q_growth_year": 80.08,
            "roe": 16.08,
            "roe_4q": 31.25,
            "gross_profit": 151688,
            "gross_margin": 54.92,
            "gross_margin_4q_avg": 56.17,
            "net_income": 1276562,
            "revenue": 276204,
            "common_shares": 4030526,
            "book_valuer_per_share": 20.28,
            "book_valuer_per_share_4q_avg": 19.41,
            "equity": 8431215,
            "current_ratio": 274.11,
            "debt_ratio": 45.32,
            "inventory_turnover_ratio": null,
            "account_receivable_turnover_ratio": null,
            "reinvestment_rate": null,
            "research_to_sale_ratio": null,
            "price_fair": 130.2,
            "eps_avg_yearly": 3.72,
            "eps_latest_yearly": 12.68,
            "eps_growth_yearly": 182.09
        },
        "20051": {
            "year_quarter": 20051,
            "year": 2005,
            "quarter": 1,
            "eps": 1.48,
            "eps_growth_year": 54.17,
            "eps_4q": 6.45,
            "eps_4q_growth_year": 66.04,
            "roe": 6.95,
            "roe_4q": 33.239999999999995,
            "gross_profit": 202218,
            "gross_margin": 63.5,
            "gross_margin_4q_avg": 55.74,
            "net_income": 596287,
            "revenue": 318456,
            "common_shares": 4030526,
            "book_valuer_per_share": 21.68,
            "book_valuer_per_share_4q_avg": 20,
            "equity": 8737023,
            "current_ratio": 222.23,
            "debt_ratio": 8.97,
            "inventory_turnover_ratio": null,
            "account_receivable_turnover_ratio": null,
            "reinvestment_rate": null,
            "research_to_sale_ratio": null,
            "price_fair": 136.62,
            "eps_avg_yearly": 3.9,
            "eps_latest_yearly": 5.92,
            "eps_growth_yearly": 149.15
        },
        "20052": {
            "year_quarter": 20052,
            "year": 2005,
            "quarter": 2,
            "eps": 1.4,
            "eps_growth_year": 70.73,
            "eps_4q": 7,
            "eps_4q_growth_year": 83.95,
            "roe": 7.08,
            "roe_4q": 35.55,
            "gross_profit": 148943,
            "gross_margin": 57.81,
            "gross_margin_4q_avg": 53.05,
            "net_income": 566128,
            "revenue": 257656,
            "common_shares": 4030526,
            "book_valuer_per_share": 18.03,
            "book_valuer_per_share_4q_avg": 19.62,
            "equity": 7266522,
            "current_ratio": 32.86,
            "debt_ratio": 27.24,
            "inventory_turnover_ratio": null,
            "account_receivable_turnover_ratio": null,
            "reinvestment_rate": null,
            "research_to_sale_ratio": null,
            "price_fair": 141.18,
            "eps_avg_yearly": 4.03,
            "eps_latest_yearly": 5.6,
            "eps_growth_yearly": 136.01
        },
        "20053": {
            "year_quarter": 20053,
            "year": 2005,
            "quarter": 3,
            "eps": 3.4,
            "eps_growth_year": 246.94,
            "eps_4q": 9.46,
            "eps_4q_growth_year": 124.97,
            "roe": 16.83,
            "roe_4q": 46.94,
            "gross_profit": 111860,
            "gross_margin": 49.05,
            "gross_margin_4q_avg": 56.32,
            "net_income": 1369386,
            "revenue": 228047,
            "common_shares": 4030526,
            "book_valuer_per_share": 22.36,
            "book_valuer_per_share_4q_avg": 20.59,
            "equity": 9010251,
            "current_ratio": 35.61,
            "debt_ratio": 8.27,
            "inventory_turnover_ratio": null,
            "account_receivable_turnover_ratio": null,
            "reinvestment_rate": null,
            "research_to_sale_ratio": null,
            "price_fair": 165.1,
            "eps_avg_yearly": 4.72,
            "eps_latest_yearly": 13.6,
            "eps_growth_yearly": 167.11
        },
        "20054": {
            "year_quarter": 20054,
            "year": 2005,
            "quarter": 4,
            "eps": 0.99,
            "eps_growth_year": -68.77,
            "eps_4q": 7.27,
            "eps_4q_growth_year": 24.82,
            "roe": 4.17,
            "roe_4q": 35.03,
            "gross_profit": 108832,
            "gross_margin": 46.4,
            "gross_margin_4q_avg": 54.19,
            "net_income": 398805,
            "revenue": 234564,
            "common_shares": 4030526,
            "book_valuer_per_share": 23.09,
            "book_valuer_per_share_4q_avg": 21.29,
            "equity": 10126863,
            "current_ratio": 147.5,
            "debt_ratio": 51.46,
            "inventory_turnover_ratio": null,
            "account_receivable_turnover_ratio": null,
            "reinvestment_rate": 95.78,
            "research_to_sale_ratio": null,
            "price_fair": 163.33,
            "eps_avg_yearly": 4.67,
            "eps_latest_yearly": 3.96,
            "eps_growth_yearly": 137.07
        },
        "20061": {
            "year_quarter": 20061,
            "year": 2006,
            "quarter": 1,
            "eps": 1.38,
            "eps_growth_year": -6.76,
            "eps_4q": 7.16,
            "eps_4q_growth_year": 11.05,
            "roe": 5.6,
            "roe_4q": 33.68,
            "gross_profit": 65007,
            "gross_margin": 37.23,
            "gross_margin_4q_avg": 47.62,
            "net_income": 557141,
            "revenue": 174630,
            "common_shares": 4030526,
            "book_valuer_per_share": 24.23,
            "book_valuer_per_share_4q_avg": 21.93,
            "equity": 9764946,
            "current_ratio": 93.27,
            "debt_ratio": 8.97,
            "inventory_turnover_ratio": null,
            "account_receivable_turnover_ratio": null,
            "reinvestment_rate": -7.9,
            "research_to_sale_ratio": null,
            "price_fair": 165.2,
            "eps_avg_yearly": 4.72,
            "eps_latest_yearly": 5.52,
            "eps_growth_yearly": 138.35
        },
        "20062": {
            "year_quarter": 20062,
            "year": 2006,
            "quarter": 2,
            "eps": 1.05,
            "eps_growth_year": -25,
            "eps_4q": 6.83,
            "eps_4q_growth_year": -2.52,
            "roe": 4.54,
            "roe_4q": 31.14,
            "gross_profit": 55190,
            "gross_margin": 35.56,
            "gross_margin_4q_avg": 42.06,
            "net_income": 422599,
            "revenue": 155185,
            "common_shares": 4030526,
            "book_valuer_per_share": 21.91,
            "book_valuer_per_share_4q_avg": 22.9,
            "equity": 8832272,
            "current_ratio": 21.19,
            "debt_ratio": 17.52,
            "inventory_turnover_ratio": null,
            "account_receivable_turnover_ratio": null,
            "reinvestment_rate": -7.47,
            "research_to_sale_ratio": null,
            "price_fair": 172.81,
            "eps_avg_yearly": 4.94,
            "eps_latest_yearly": 4.2,
            "eps_growth_yearly": 149.48
        },
        "20063": {
            "year_quarter": 20063,
            "year": 2006,
            "quarter": 3,
            "eps": 2.49,
            "eps_growth_year": -26.76,
            "eps_4q": 5.34,
            "eps_4q_growth_year": -43.51,
            "roe": 12.65,
            "roe_4q": 26.96,
            "gross_profit": 119631,
            "gross_margin": 50.65,
            "gross_margin_4q_avg": 42.46,
            "net_income": 1203747,
            "revenue": 236192,
            "common_shares": 4836631,
            "book_valuer_per_share": 21.1,
            "book_valuer_per_share_4q_avg": 22.58,
            "equity": 10202965,
            "current_ratio": 98.18,
            "debt_ratio": 12.97,
            "inventory_turnover_ratio": null,
            "account_receivable_turnover_ratio": null,
            "reinvestment_rate": -6.52,
            "research_to_sale_ratio": null,
            "price_fair": 190.14,
            "eps_avg_yearly": 5.43,
            "eps_latest_yearly": 9.96,
            "eps_growth_yearly": 137.93
        },
        "20064": {
            "year_quarter": 20064,
            "year": 2006,
            "quarter": 4,
            "eps": 1.16,
            "eps_growth_year": 17.17,
            "eps_4q": 5.66,
            "eps_4q_growth_year": -22.18,
            "roe": 5.2,
            "roe_4q": 27.990000000000002,
            "gross_profit": 110098,
            "gross_margin": 48.51,
            "gross_margin_4q_avg": 42.99,
            "net_income": 562709,
            "revenue": 226940,
            "common_shares": 4836631,
            "book_valuer_per_share": 21.95,
            "book_valuer_per_share_4q_avg": 22.3,
            "equity": 11421684,
            "current_ratio": 135.42,
            "debt_ratio": 51.38,
            "inventory_turnover_ratio": null,
            "account_receivable_turnover_ratio": null,
            "reinvestment_rate": 66.19,
            "research_to_sale_ratio": null,
            "price_fair": 197.31,
            "eps_avg_yearly": 5.64,
            "eps_latest_yearly": 4.64,
            "eps_growth_yearly": 132.91
        },
        "20071": {
            "year_quarter": 20071,
            "year": 2007,
            "quarter": 1,
            "eps": 3.58,
            "eps_growth_year": 159.42,
            "eps_4q": 8.11,
            "eps_4q_growth_year": 13.26,
            "roe": 14.46,
            "roe_4q": 36.85,
            "gross_profit": 77361,
            "gross_margin": 39.96,
            "gross_margin_4q_avg": 43.67,
            "net_income": 1729372,
            "revenue": 193606,
            "common_shares": 4836631,
            "book_valuer_per_share": 25.86,
            "book_valuer_per_share_4q_avg": 22.71,
            "equity": 12505555,
            "current_ratio": 90.98,
            "debt_ratio": 8.91,
            "inventory_turnover_ratio": null,
            "account_receivable_turnover_ratio": null,
            "reinvestment_rate": -5.13,
            "research_to_sale_ratio": null,
            "price_fair": 225.75,
            "eps_avg_yearly": 6.45,
            "eps_latest_yearly": 14.32,
            "eps_growth_yearly": 185.8
        },
        "20072": {
            "year_quarter": 20072,
            "year": 2007,
            "quarter": 2,
            "eps": 1.05,
            "eps_growth_year": 0,
            "eps_4q": 8.28,
            "eps_4q_growth_year": 21.32,
            "roe": 4.42,
            "roe_4q": 36.730000000000004,
            "gross_profit": 173865,
            "gross_margin": 57.96,
            "gross_margin_4q_avg": 49.27,
            "net_income": 507476,
            "revenue": 299975,
            "common_shares": 4836631,
            "book_valuer_per_share": 21.61,
            "book_valuer_per_share_4q_avg": 22.63,
            "equity": 10453948,
            "current_ratio": 18.99,
            "debt_ratio": 25.79,
            "inventory_turnover_ratio": null,
            "account_receivable_turnover_ratio": null,
            "reinvestment_rate": -4.94,
            "research_to_sale_ratio": null,
            "price_fair": 230.39,
            "eps_avg_yearly": 6.58,
            "eps_latest_yearly": 4.2,
            "eps_growth_yearly": 153.74
        },
        "20073": {
            "year_quarter": 20073,
            "year": 2007,
            "quarter": 3,
            "eps": 0.89,
            "eps_growth_year": -64.26,
            "eps_4q": 6.69,
            "eps_4q_growth_year": 25.26,
            "roe": 4.04,
            "roe_4q": 28.12,
            "gross_profit": 164745,
            "gross_margin": 54.85,
            "gross_margin_4q_avg": 50.32,
            "net_income": 429531,
            "revenue": 300330,
            "common_shares": 4836631,
            "book_valuer_per_share": 22.33,
            "book_valuer_per_share_4q_avg": 22.94,
            "equity": 10800708,
            "current_ratio": 60.11,
            "debt_ratio": 18.58,
            "inventory_turnover_ratio": null,
            "account_receivable_turnover_ratio": null,
            "reinvestment_rate": -4.8,
            "research_to_sale_ratio": null,
            "price_fair": 232.05,
            "eps_avg_yearly": 6.63,
            "eps_latest_yearly": 3.56,
            "eps_growth_yearly": 141.28
        },
        "20074": {
            "year_quarter": 20074,
            "year": 2007,
            "quarter": 4,
            "eps": 1.33,
            "eps_growth_year": 14.66,
            "eps_4q": 6.86,
            "eps_4q_growth_year": 21.1,
            "roe": 5.54,
            "roe_4q": 28.46,
            "gross_profit": 357156,
            "gross_margin": 71.69,
            "gross_margin_4q_avg": 56.12,
            "net_income": 641771,
            "revenue": 498170,
            "common_shares": 4836631,
            "book_valuer_per_share": 23.51,
            "book_valuer_per_share_4q_avg": 23.33,
            "equity": 12356296,
            "current_ratio": 101.5,
            "debt_ratio": 44.65,
            "inventory_turnover_ratio": null,
            "account_receivable_turnover_ratio": null,
            "reinvestment_rate": 62.8,
            "research_to_sale_ratio": null,
            "price_fair": 228.64,
            "eps_avg_yearly": 6.53,
            "eps_latest_yearly": 5.32,
            "eps_growth_yearly": 117.21
        },
        "20081": {
            "year_quarter": 20081,
            "year": 2008,
            "quarter": 1,
            "eps": 1.17,
            "eps_growth_year": -67.32,
            "eps_4q": 4.02,
            "eps_4q_growth_year": -50.39,
            "roe": 5.09,
            "roe_4q": 19.089999999999996,
            "gross_profit": 851293,
            "gross_margin": 59.6,
            "gross_margin_4q_avg": 61.03,
            "net_income": 623345,
            "revenue": 1428460,
            "common_shares": 4836631,
            "book_valuer_per_share": 23.08,
            "book_valuer_per_share_4q_avg": 22.63,
            "equity": 12142668,
            "current_ratio": 116.66,
            "debt_ratio": 43.13,
            "inventory_turnover_ratio": null,
            "account_receivable_turnover_ratio": null,
            "reinvestment_rate": 143.29,
            "research_to_sale_ratio": null,
            "price_fair": 230.48,
            "eps_avg_yearly": 6.59,
            "eps_latest_yearly": 4.68,
            "eps_growth_yearly": 125.25
        },
        "20082": {
            "year_quarter": 20082,
            "year": 2008,
            "quarter": 2,
            "eps": 2.16,
            "eps_growth_year": 105.71,
            "eps_4q": 4.58,
            "eps_4q_growth_year": -44.71,
            "roe": 11.32,
            "roe_4q": 25.99,
            "gross_profit": 1232722,
            "gross_margin": 68.32,
            "gross_margin_4q_avg": 63.62,
            "net_income": 1350334,
            "revenue": 1804324,
            "common_shares": 4836631,
            "book_valuer_per_share": 21.95,
            "book_valuer_per_share_4q_avg": 22.72,
            "equity": 11714721,
            "current_ratio": 101.37,
            "debt_ratio": 47.4,
            "inventory_turnover_ratio": null,
            "account_receivable_turnover_ratio": null,
            "reinvestment_rate": 130.04,
            "research_to_sale_ratio": null,
            "price_fair": 242.2,
            "eps_avg_yearly": 6.92,
            "eps_latest_yearly": 8.64,
            "eps_growth_yearly": 150.05
        },
        "20083": {
            "year_quarter": 20083,
            "year": 2008,
            "quarter": 3,
            "eps": 1.05,
            "eps_growth_year": 17.98,
            "eps_4q": 4.47,
            "eps_4q_growth_year": -33.27,
            "roe": 5.71,
            "roe_4q": 27.66,
            "gross_profit": 973449,
            "gross_margin": 59.87,
            "gross_margin_4q_avg": 64.87,
            "net_income": 712217,
            "revenue": 1625922,
            "common_shares": 5683042,
            "book_valuer_per_share": 21.01,
            "book_valuer_per_share_4q_avg": 22.39,
            "equity": 13227330,
            "current_ratio": 97.94,
            "debt_ratio": 40.72,
            "inventory_turnover_ratio": null,
            "account_receivable_turnover_ratio": null,
            "reinvestment_rate": 140.68,
            "research_to_sale_ratio": null,
            "price_fair": 242.81,
            "eps_avg_yearly": 6.94,
            "eps_latest_yearly": 4.2,
            "eps_growth_yearly": 132.32
        },
        "20084": {
            "year_quarter": 20084,
            "year": 2008,
            "quarter": 4,
            "eps": 0.89,
            "eps_growth_year": -33.08,
            "eps_4q": 4.14,
            "eps_4q_growth_year": -39.66,
            "roe": 4.58,
            "roe_4q": 26.7,
            "gross_profit": 1002085,
            "gross_margin": 58.02,
            "gross_margin_4q_avg": 61.45,
            "net_income": 622106,
            "revenue": 1727000,
            "common_shares": 5683042,
            "book_valuer_per_share": 22.35,
            "book_valuer_per_share_4q_avg": 22.1,
            "equity": 13966716,
            "current_ratio": 173.16,
            "debt_ratio": 46.64,
            "inventory_turnover_ratio": null,
            "account_receivable_turnover_ratio": 5.31,
            "reinvestment_rate": 71.55,
            "research_to_sale_ratio": null,
            "price_fair": 222.86,
            "eps_avg_yearly": 6.37,
            "eps_latest_yearly": 3.56,
            "eps_growth_yearly": 72.64
        },
        "20091": {
            "year_quarter": 20091,
            "year": 2009,
            "quarter": 1,
            "eps": 1.14,
            "eps_growth_year": -2.56,
            "eps_4q": 4.46,
            "eps_4q_growth_year": 10.81,
            "roe": 5.2,
            "roe_4q": 26.810000000000002,
            "gross_profit": 961814,
            "gross_margin": 57.59,
            "gross_margin_4q_avg": 60.95,
            "net_income": 759759,
            "revenue": 1670087,
            "common_shares": 5683042,
            "book_valuer_per_share": 24.32,
            "book_valuer_per_share_4q_avg": 22.41,
            "equity": 15244057,
            "current_ratio": 202.76,
            "debt_ratio": 44.38,
            "inventory_turnover_ratio": null,
            "account_receivable_turnover_ratio": 3.95,
            "reinvestment_rate": 156.19,
            "research_to_sale_ratio": null,
            "price_fair": 219.89,
            "eps_avg_yearly": 6.28,
            "eps_latest_yearly": 4.56,
            "eps_growth_yearly": 92.99
        },
        "20092": {
            "year_quarter": 20092,
            "year": 2009,
            "quarter": 2,
            "eps": 1.1,
            "eps_growth_year": -49.07,
            "eps_4q": 3.6,
            "eps_4q_growth_year": -21.33,
            "roe": 4.95,
            "roe_4q": 20.44,
            "gross_profit": 744861,
            "gross_margin": 63.23,
            "gross_margin_4q_avg": 59.68,
            "net_income": 723692,
            "revenue": 1178016,
            "common_shares": 5683042,
            "book_valuer_per_share": 22.08,
            "book_valuer_per_share_4q_avg": 22.44,
            "equity": 14018898,
            "current_ratio": 159.74,
            "debt_ratio": 46.76,
            "inventory_turnover_ratio": null,
            "account_receivable_turnover_ratio": 6.38,
            "reinvestment_rate": 144.43,
            "research_to_sale_ratio": null,
            "price_fair": 217.26,
            "eps_avg_yearly": 6.21,
            "eps_latest_yearly": 4.4,
            "eps_growth_yearly": 93.47
        },
        "20093": {
            "year_quarter": 20093,
            "year": 2009,
            "quarter": 3,
            "eps": 2.46,
            "eps_growth_year": 134.29,
            "eps_4q": 5.03,
            "eps_4q_growth_year": 12.65,
            "roe": 10.57,
            "roe_4q": 25.299999999999997,
            "gross_profit": 899663,
            "gross_margin": 60.29,
            "gross_margin_4q_avg": 59.78,
            "net_income": 1552930,
            "revenue": 1492199,
            "common_shares": 5683042,
            "book_valuer_per_share": 24,
            "book_valuer_per_share_4q_avg": 23.19,
            "equity": 15370589,
            "current_ratio": 261,
            "debt_ratio": 44.76,
            "inventory_turnover_ratio": null,
            "account_receivable_turnover_ratio": 7.41,
            "reinvestment_rate": 149.7,
            "research_to_sale_ratio": null,
            "price_fair": 209.04,
            "eps_avg_yearly": 5.97,
            "eps_latest_yearly": 9.84,
            "eps_growth_yearly": 88.66
        },
        "20094": {
            "year_quarter": 20094,
            "year": 2009,
            "quarter": 4,
            "eps": 0.72,
            "eps_growth_year": -19.1,
            "eps_4q": 5.42,
            "eps_4q_growth_year": 31.04,
            "roe": 3.59,
            "roe_4q": 24.31,
            "gross_profit": 813981,
            "gross_margin": 55.26,
            "gross_margin_4q_avg": 59.09,
            "net_income": 552582,
            "revenue": 1472933,
            "common_shares": 5683042,
            "book_valuer_per_share": 24.56,
            "book_valuer_per_share_4q_avg": 23.74,
            "equity": 15403784,
            "current_ratio": 249.7,
            "debt_ratio": 43.97,
            "inventory_turnover_ratio": 281.54,
            "account_receivable_turnover_ratio": 12.53,
            "reinvestment_rate": 154.41,
            "research_to_sale_ratio": null,
            "price_fair": 206.68,
            "eps_avg_yearly": 5.91,
            "eps_latest_yearly": 2.88,
            "eps_growth_yearly": 88.7
        },
        "20101": {
            "year_quarter": 20101,
            "year": 2010,
            "quarter": 1,
            "eps": 1.31,
            "eps_growth_year": 14.91,
            "eps_4q": 5.6,
            "eps_4q_growth_year": 25.47,
            "roe": 5.9,
            "roe_4q": 25.01,
            "gross_profit": 1037613,
            "gross_margin": 62.84,
            "gross_margin_4q_avg": 60.41,
            "net_income": 930698,
            "revenue": 1651287,
            "common_shares": 5683042,
            "book_valuer_per_share": 25.71,
            "book_valuer_per_share_4q_avg": 24.09,
            "equity": 16159258,
            "current_ratio": 264.41,
            "debt_ratio": 44.39,
            "inventory_turnover_ratio": 174.36,
            "account_receivable_turnover_ratio": 7.23,
            "reinvestment_rate": 280.11,
            "research_to_sale_ratio": null,
            "price_fair": 206.06,
            "eps_avg_yearly": 5.89,
            "eps_latest_yearly": 5.24,
            "eps_growth_yearly": 99.34
        },
        "20102": {
            "year_quarter": 20102,
            "year": 2010,
            "quarter": 2,
            "eps": 0.89,
            "eps_growth_year": -18.77,
            "eps_4q": 5.39,
            "eps_4q_growth_year": 49.6,
            "roe": 4.5,
            "roe_4q": 24.560000000000002,
            "gross_profit": 1009427,
            "gross_margin": 60.8,
            "gross_margin_4q_avg": 59.8,
            "net_income": 709016,
            "revenue": 1660104,
            "common_shares": 5683042,
            "book_valuer_per_share": 23.92,
            "book_valuer_per_share_4q_avg": 24.55,
            "equity": 15359578,
            "current_ratio": 143.32,
            "debt_ratio": 48.43,
            "inventory_turnover_ratio": 257.54,
            "account_receivable_turnover_ratio": 7.13,
            "reinvestment_rate": 287.99,
            "research_to_sale_ratio": null,
            "price_fair": 204.66,
            "eps_avg_yearly": 5.85,
            "eps_latest_yearly": 3.56,
            "eps_growth_yearly": 97.3
        },
        "20103": {
            "year_quarter": 20103,
            "year": 2010,
            "quarter": 3,
            "eps": 0.7,
            "eps_growth_year": -71.73,
            "eps_4q": 3.62,
            "eps_4q_growth_year": -28.01,
            "roe": 4.05,
            "roe_4q": 18.04,
            "gross_profit": 994401,
            "gross_margin": 58.81,
            "gross_margin_4q_avg": 59.43,
            "net_income": 621733,
            "revenue": 1690832,
            "common_shares": 5683042,
            "book_valuer_per_share": 23.85,
            "book_valuer_per_share_4q_avg": 24.51,
            "equity": 15347536,
            "current_ratio": 152.4,
            "debt_ratio": 44.62,
            "inventory_turnover_ratio": 243.25,
            "account_receivable_turnover_ratio": 6.94,
            "reinvestment_rate": 292.6,
            "research_to_sale_ratio": null,
            "price_fair": 189,
            "eps_avg_yearly": 5.4,
            "eps_latest_yearly": 2.8,
            "eps_growth_yearly": 57.68
        },
        "20104": {
            "year_quarter": 20104,
            "year": 2010,
            "quarter": 4,
            "eps": 0.8,
            "eps_growth_year": 11.49,
            "eps_4q": 3.7,
            "eps_4q_growth_year": -31.72,
            "roe": 4.4,
            "roe_4q": 18.85,
            "gross_profit": 896175,
            "gross_margin": 58.13,
            "gross_margin_4q_avg": 60.15,
            "net_income": 660473,
            "revenue": 1541689,
            "common_shares": 5683042,
            "book_valuer_per_share": 22.85,
            "book_valuer_per_share_4q_avg": 24.08,
            "equity": 14646069,
            "current_ratio": 150.22,
            "debt_ratio": 43.43,
            "inventory_turnover_ratio": 65.77,
            "account_receivable_turnover_ratio": 6.78,
            "reinvestment_rate": 141.66,
            "research_to_sale_ratio": null,
            "price_fair": 185.85,
            "eps_avg_yearly": 5.31,
            "eps_latest_yearly": 3.2,
            "eps_growth_yearly": 74.6
        },
        "20111": {
            "year_quarter": 20111,
            "year": 2011,
            "quarter": 1,
            "eps": 0.89,
            "eps_growth_year": -32.06,
            "eps_4q": 3.28,
            "eps_4q_growth_year": -41.39,
            "roe": 4.56,
            "roe_4q": 17.51,
            "gross_profit": 774723,
            "gross_margin": 55.48,
            "gross_margin_4q_avg": 58.31,
            "net_income": 686330,
            "revenue": 1396338,
            "common_shares": 5683042,
            "book_valuer_per_share": 23.97,
            "book_valuer_per_share_4q_avg": 23.65,
            "equity": 15468201,
            "current_ratio": 152.16,
            "debt_ratio": 42.86,
            "inventory_turnover_ratio": 20.94,
            "account_receivable_turnover_ratio": 6.15,
            "reinvestment_rate": 328.1,
            "research_to_sale_ratio": null,
            "price_fair": 162.31,
            "eps_avg_yearly": 4.64,
            "eps_latest_yearly": 3.56,
            "eps_growth_yearly": 25.26
        },
        "20112": {
            "year_quarter": 20112,
            "year": 2011,
            "quarter": 2,
            "eps": 0.84,
            "eps_growth_year": -6.45,
            "eps_4q": 3.22,
            "eps_4q_growth_year": -40.22,
            "roe": 4.49,
            "roe_4q": 17.5,
            "gross_profit": 834599,
            "gross_margin": 55.59,
            "gross_margin_4q_avg": 57,
            "net_income": 664691,
            "revenue": 1501476,
            "common_shares": 5683042,
            "book_valuer_per_share": 21.7,
            "book_valuer_per_share_4q_avg": 23.09,
            "equity": 14166731,
            "current_ratio": 130,
            "debt_ratio": 49.81,
            "inventory_turnover_ratio": 13.19,
            "account_receivable_turnover_ratio": 4.67,
            "reinvestment_rate": 338.67,
            "research_to_sale_ratio": null,
            "price_fair": 160.48,
            "eps_avg_yearly": 4.59,
            "eps_latest_yearly": 3.36,
            "eps_growth_yearly": 41.52
        },
        "20113": {
            "year_quarter": 20113,
            "year": 2011,
            "quarter": 3,
            "eps": 0.64,
            "eps_growth_year": -7.83,
            "eps_4q": 3.17,
            "eps_4q_growth_year": -12.52,
            "roe": 3.6,
            "roe_4q": 17.049999999999997,
            "gross_profit": 710149,
            "gross_margin": 49.01,
            "gross_margin_4q_avg": 54.55,
            "net_income": 534982,
            "revenue": 1448925,
            "common_shares": 5683042,
            "book_valuer_per_share": 23.85,
            "book_valuer_per_share_4q_avg": 23.09,
            "equity": 15549753,
            "current_ratio": 156.21,
            "debt_ratio": 46.43,
            "inventory_turnover_ratio": 12.56,
            "account_receivable_turnover_ratio": 3.15,
            "reinvestment_rate": 356.65,
            "research_to_sale_ratio": null,
            "price_fair": 158.29,
            "eps_avg_yearly": 4.52,
            "eps_latest_yearly": 2.56,
            "eps_growth_yearly": 39.38
        },
        "20114": {
            "year_quarter": 20114,
            "year": 2011,
            "quarter": 4,
            "eps": 0.73,
            "eps_growth_year": -8.94,
            "eps_4q": 3.1,
            "eps_4q_growth_year": -16.36,
            "roe": 3.71,
            "roe_4q": 16.36,
            "gross_profit": 726338,
            "gross_margin": 46.97,
            "gross_margin_4q_avg": 51.76,
            "net_income": 583130,
            "revenue": 1546426,
            "common_shares": 5683042,
            "book_valuer_per_share": 24.41,
            "book_valuer_per_share_4q_avg": 23.48,
            "equity": 15888689,
            "current_ratio": 161.28,
            "debt_ratio": 45.07,
            "inventory_turnover_ratio": 9.99,
            "account_receivable_turnover_ratio": 3.17,
            "reinvestment_rate": 185.32,
            "research_to_sale_ratio": null,
            "price_fair": 153.04,
            "eps_avg_yearly": 4.37,
            "eps_latest_yearly": 2.92,
            "eps_growth_yearly": 30.54
        },
        "20121": {
            "year_quarter": 20121,
            "year": 2012,
            "quarter": 1,
            "eps": 0.83,
            "eps_growth_year": -6.74,
            "eps_4q": 3.04,
            "eps_4q_growth_year": -7.27,
            "roe": 4.2,
            "roe_4q": 16,
            "gross_profit": 810751,
            "gross_margin": 50.17,
            "gross_margin_4q_avg": 50.44,
            "net_income": 669192,
            "revenue": 1616155,
            "common_shares": 5683042,
            "book_valuer_per_share": 24.56,
            "book_valuer_per_share_4q_avg": 23.63,
            "equity": 15961247,
            "current_ratio": 195.88,
            "debt_ratio": 47.84,
            "inventory_turnover_ratio": 10.68,
            "account_receivable_turnover_ratio": 3.49,
            "reinvestment_rate": 206.2,
            "research_to_sale_ratio": null,
            "price_fair": 150.06,
            "eps_avg_yearly": 4.29,
            "eps_latest_yearly": 3.32,
            "eps_growth_yearly": 36.97
        },
        "20122": {
            "year_quarter": 20122,
            "year": 2012,
            "quarter": 2,
            "eps": 0.66,
            "eps_growth_year": -21.62,
            "eps_4q": 2.86,
            "eps_4q_growth_year": -11.22,
            "roe": 3.58,
            "roe_4q": 15.09,
            "gross_profit": 828943,
            "gross_margin": 53.26,
            "gross_margin_4q_avg": 49.85,
            "net_income": 567896,
            "revenue": 1556334,
            "common_shares": 5683042,
            "book_valuer_per_share": 24.06,
            "book_valuer_per_share_4q_avg": 24.22,
            "equity": 15730519,
            "current_ratio": 161.98,
            "debt_ratio": 49.32,
            "inventory_turnover_ratio": 20.93,
            "account_receivable_turnover_ratio": 3.04,
            "reinvestment_rate": 236.19,
            "research_to_sale_ratio": null,
            "price_fair": 80.97,
            "eps_avg_yearly": 3.91,
            "eps_latest_yearly": 2.64,
            "eps_growth_yearly": 10.7
        },
        "20123": {
            "year_quarter": 20123,
            "year": 2012,
            "quarter": 3,
            "eps": 0.7,
            "eps_growth_year": 8.93,
            "eps_4q": 2.92,
            "eps_4q_growth_year": -7.88,
            "roe": 3.65,
            "roe_4q": 15.14,
            "gross_profit": 609328,
            "gross_margin": 43.94,
            "gross_margin_4q_avg": 48.59,
            "net_income": 576859,
            "revenue": 1386589,
            "common_shares": 5683042,
            "book_valuer_per_share": 24.25,
            "book_valuer_per_share_4q_avg": 24.32,
            "equity": 15854562,
            "current_ratio": 183.18,
            "debt_ratio": 45.87,
            "inventory_turnover_ratio": 13.23,
            "account_receivable_turnover_ratio": 2.73,
            "reinvestment_rate": 205.65,
            "research_to_sale_ratio": null,
            "price_fair": 133.88,
            "eps_avg_yearly": 3.83,
            "eps_latest_yearly": 2.8,
            "eps_growth_yearly": 25.06
        },
        "20124": {
            "year_quarter": 20124,
            "year": 2012,
            "quarter": 4,
            "eps": 0.67,
            "eps_growth_year": -7.92,
            "eps_4q": 2.86,
            "eps_4q_growth_year": -7.62,
            "roe": 3.48,
            "roe_4q": 14.91,
            "gross_profit": 666135,
            "gross_margin": 44.93,
            "gross_margin_4q_avg": 48.08,
            "net_income": 555428,
            "revenue": 1482489,
            "common_shares": 5683042,
            "book_valuer_per_share": 24.69,
            "book_valuer_per_share_4q_avg": 24.39,
            "equity": 16089947,
            "current_ratio": 172.44,
            "debt_ratio": 44.58,
            "inventory_turnover_ratio": 10.79,
            "account_receivable_turnover_ratio": 3.38,
            "reinvestment_rate": 200.21,
            "research_to_sale_ratio": null,
            "price_fair": 131.95,
            "eps_avg_yearly": 3.77,
            "eps_latest_yearly": 2.68,
            "eps_growth_yearly": 27.8
        },
        "20131": {
            "year_quarter": 20131,
            "year": 2013,
            "quarter": 1,
            "eps": 0.51,
            "eps_growth_year": -38.55,
            "eps_4q": 2.53,
            "eps_4q_growth_year": -16.71,
            "roe": 2.78,
            "roe_4q": 13.49,
            "gross_profit": 592577,
            "gross_margin": 45.78,
            "gross_margin_4q_avg": 46.98,
            "net_income": 459930,
            "revenue": 1294474,
            "common_shares": 5683042,
            "book_valuer_per_share": 25.91,
            "book_valuer_per_share_4q_avg": 24.73,
            "equity": 16987098,
            "current_ratio": 195.24,
            "debt_ratio": 42.81,
            "inventory_turnover_ratio": 12.62,
            "account_receivable_turnover_ratio": 3.06,
            "reinvestment_rate": 24.19,
            "research_to_sale_ratio": null,
            "price_fair": 89.6,
            "eps_avg_yearly": 3.61,
            "eps_latest_yearly": 2.04,
            "eps_growth_yearly": 14.8
        },
        "20132": {
            "year_quarter": 20132,
            "year": 2013,
            "quarter": 2,
            "eps": 0.49,
            "eps_growth_year": -25.21,
            "eps_4q": 2.36,
            "eps_4q_growth_year": -17.32,
            "roe": 2.56,
            "roe_4q": 12.47,
            "gross_profit": 506763,
            "gross_margin": 39.44,
            "gross_margin_4q_avg": 43.52,
            "net_income": 431027,
            "revenue": 1284845,
            "common_shares": 5683042,
            "book_valuer_per_share": 25.31,
            "book_valuer_per_share_4q_avg": 25.04,
            "equity": 16646847,
            "current_ratio": 167.75,
            "debt_ratio": 43.19,
            "inventory_turnover_ratio": 9.39,
            "account_receivable_turnover_ratio": 2.77,
            "reinvestment_rate": 45.68,
            "research_to_sale_ratio": null,
            "price_fair": 85.46,
            "eps_avg_yearly": 3.46,
            "eps_latest_yearly": 1.96,
            "eps_growth_yearly": 14.7
        },
        "20133": {
            "year_quarter": 20133,
            "year": 2013,
            "quarter": 3,
            "eps": 0.31,
            "eps_growth_year": -55.6,
            "eps_4q": 1.98,
            "eps_4q_growth_year": -32.26,
            "roe": 1.89,
            "roe_4q": 10.71,
            "gross_profit": 376762,
            "gross_margin": 32.56,
            "gross_margin_4q_avg": 40.68,
            "net_income": 311503,
            "revenue": 1156983,
            "common_shares": 5683042,
            "book_valuer_per_share": 25.23,
            "book_valuer_per_share_4q_avg": 25.29,
            "equity": 16244270,
            "current_ratio": 188.1,
            "debt_ratio": 40.77,
            "inventory_turnover_ratio": 10.18,
            "account_receivable_turnover_ratio": 2.54,
            "reinvestment_rate": 26.75,
            "research_to_sale_ratio": null,
            "price_fair": 8.77,
            "eps_avg_yearly": 2.92,
            "eps_latest_yearly": 1.24,
            "eps_growth_yearly": -25.39
        },
        "20134": {
            "year_quarter": 20134,
            "year": 2013,
            "quarter": 4,
            "eps": 0.63,
            "eps_growth_year": -6.29,
            "eps_4q": 1.93,
            "eps_4q_growth_year": -32.37,
            "roe": 3.02,
            "roe_4q": 10.25,
            "gross_profit": 535247,
            "gross_margin": 41.13,
            "gross_margin_4q_avg": 39.73,
            "net_income": 498770,
            "revenue": 1301302,
            "common_shares": 5683042,
            "book_valuer_per_share": 26.09,
            "book_valuer_per_share_4q_avg": 25.64,
            "equity": 16807406,
            "current_ratio": 190.39,
            "debt_ratio": 39.36,
            "inventory_turnover_ratio": 12.46,
            "account_receivable_turnover_ratio": 2.65,
            "reinvestment_rate": -215.64,
            "research_to_sale_ratio": null,
            "price_fair": 81.48,
            "eps_avg_yearly": 2.9,
            "eps_latest_yearly": 2.52,
            "eps_growth_yearly": 18.1
        },
        "20141": {
            "year_quarter": 20141,
            "year": 2014,
            "quarter": 1,
            "eps": 0.55,
            "eps_growth_year": 7.84,
            "eps_4q": 1.98,
            "eps_4q_growth_year": -21.98,
            "roe": 2.51,
            "roe_4q": 9.979999999999999,
            "gross_profit": 516422,
            "gross_margin": 40.52,
            "gross_margin_4q_avg": 38.41,
            "net_income": 432571,
            "revenue": 1274468,
            "common_shares": 5683042,
            "book_valuer_per_share": 27.26,
            "book_valuer_per_share_4q_avg": 25.97,
            "equity": 17693968,
            "current_ratio": 193.2,
            "debt_ratio": 37.47,
            "inventory_turnover_ratio": 11.35,
            "account_receivable_turnover_ratio": 2.21,
            "reinvestment_rate": -231.45,
            "research_to_sale_ratio": null,
            "price_fair": 8.13,
            "eps_avg_yearly": 2.71,
            "eps_latest_yearly": 2.2,
            "eps_growth_yearly": -5.56
        },
        "20142": {
            "year_quarter": 20142,
            "year": 2014,
            "quarter": 2,
            "eps": 0.32,
            "eps_growth_year": -34.69,
            "eps_4q": 1.81,
            "eps_4q_growth_year": -23.28,
            "roe": 1.59,
            "roe_4q": 9.01,
            "gross_profit": 411194,
            "gross_margin": 34.95,
            "gross_margin_4q_avg": 37.29,
            "net_income": 275599,
            "revenue": 1176530,
            "common_shares": 5683042,
            "book_valuer_per_share": 25.9,
            "book_valuer_per_share_4q_avg": 26.12,
            "equity": 16884188,
            "current_ratio": 162.6,
            "debt_ratio": 38.29,
            "inventory_turnover_ratio": 9.03,
            "account_receivable_turnover_ratio": 2.25,
            "reinvestment_rate": -277.39,
            "research_to_sale_ratio": null,
            "price_fair": 7.7,
            "eps_avg_yearly": 2.57,
            "eps_latest_yearly": 1.28,
            "eps_growth_yearly": -8
        },
        "20143": {
            "year_quarter": 20143,
            "year": 2014,
            "quarter": 3,
            "eps": 0.33,
            "eps_growth_year": 6.45,
            "eps_4q": 1.83,
            "eps_4q_growth_year": -7.3,
            "roe": 1.68,
            "roe_4q": 8.799999999999999,
            "gross_profit": 338965,
            "gross_margin": 28.28,
            "gross_margin_4q_avg": 36.22,
            "net_income": 288981,
            "revenue": 1198696,
            "common_shares": 5683042,
            "book_valuer_per_share": 26.76,
            "book_valuer_per_share_4q_avg": 26.5,
            "equity": 17433973,
            "current_ratio": 204.77,
            "debt_ratio": 36.9,
            "inventory_turnover_ratio": 8.6,
            "account_receivable_turnover_ratio": 2.59,
            "reinvestment_rate": -262.65,
            "research_to_sale_ratio": null,
            "price_fair": 7.43,
            "eps_avg_yearly": 2.48,
            "eps_latest_yearly": 1.32,
            "eps_growth_yearly": -1.89
        },
        "20144": {
            "year_quarter": 20144,
            "year": 2014,
            "quarter": 4,
            "eps": 0.31,
            "eps_growth_year": -50.98,
            "eps_4q": 1.51,
            "eps_4q_growth_year": -21.9,
            "roe": 1.63,
            "roe_4q": 7.409999999999999,
            "gross_profit": 409930,
            "gross_margin": 42.44,
            "gross_margin_4q_avg": 36.55,
            "net_income": 293031,
            "revenue": 965924,
            "common_shares": 5683042,
            "book_valuer_per_share": 28.27,
            "book_valuer_per_share_4q_avg": 27.05,
            "equity": 18418255,
            "current_ratio": 221.71,
            "debt_ratio": 36.78,
            "inventory_turnover_ratio": 6,
            "account_receivable_turnover_ratio": 2.03,
            "reinvestment_rate": -229.74,
            "research_to_sale_ratio": null,
            "price_fair": 7.06,
            "eps_avg_yearly": 2.35,
            "eps_latest_yearly": 1.24,
            "eps_growth_yearly": -6.97
        },
        "20151": {
            "year_quarter": 20151,
            "year": 2015,
            "quarter": 1,
            "eps": 0.45,
            "eps_growth_year": -18.18,
            "eps_4q": 1.41,
            "eps_4q_growth_year": -28.72,
            "roe": 1.95,
            "roe_4q": 6.85,
            "gross_profit": 429127,
            "gross_margin": 34.24,
            "gross_margin_4q_avg": 34.98,
            "net_income": 359580,
            "revenue": 1253441,
            "common_shares": 5683042,
            "book_valuer_per_share": 28.37,
            "book_valuer_per_share_4q_avg": 27.33,
            "equity": 18494652,
            "current_ratio": 232.1,
            "debt_ratio": 34.98,
            "inventory_turnover_ratio": 11.2,
            "account_receivable_turnover_ratio": 2.7,
            "reinvestment_rate": -285.77,
            "research_to_sale_ratio": null,
            "price_fair": 25.8,
            "eps_avg_yearly": 2.24,
            "eps_latest_yearly": 1.8,
            "eps_growth_yearly": 1.51
        },
        "20152": {
            "year_quarter": 20152,
            "year": 2015,
            "quarter": 2,
            "eps": 0.33,
            "eps_growth_year": 3.12,
            "eps_4q": 1.42,
            "eps_4q_growth_year": -21.92,
            "roe": 1.47,
            "roe_4q": 6.7299999999999995,
            "gross_profit": 410134,
            "gross_margin": 34.78,
            "gross_margin_4q_avg": 34.94,
            "net_income": 267089,
            "revenue": 1179313,
            "common_shares": 5683042,
            "book_valuer_per_share": 27.26,
            "book_valuer_per_share_4q_avg": 27.67,
            "equity": 17854285,
            "current_ratio": 200.59,
            "debt_ratio": 35.8,
            "inventory_turnover_ratio": 19.36,
            "account_receivable_turnover_ratio": 2.54,
            "reinvestment_rate": -334.6,
            "research_to_sale_ratio": null,
            "price_fair": 6.35,
            "eps_avg_yearly": 2.12,
            "eps_latest_yearly": 1.32,
            "eps_growth_yearly": -3.76
        },
        "20153": {
            "year_quarter": 20153,
            "year": 2015,
            "quarter": 3,
            "eps": 0.52,
            "eps_growth_year": 57.58,
            "eps_4q": 1.61,
            "eps_4q_growth_year": -12.38,
            "roe": 2.22,
            "roe_4q": 7.2700000000000005,
            "gross_profit": 591852,
            "gross_margin": 43.75,
            "gross_margin_4q_avg": 38.8,
            "net_income": 415341,
            "revenue": 1352751,
            "common_shares": 5683042,
            "book_valuer_per_share": 29.8,
            "book_valuer_per_share_4q_avg": 28.43,
            "equity": 19511063,
            "current_ratio": 219.51,
            "debt_ratio": 32.36,
            "inventory_turnover_ratio": 15.74,
            "account_receivable_turnover_ratio": 2.61,
            "reinvestment_rate": -353.62,
            "research_to_sale_ratio": null,
            "price_fair": 55.44,
            "eps_avg_yearly": 2.09,
            "eps_latest_yearly": 2.08,
            "eps_growth_yearly": 16.59
        },
        "20154": {
            "year_quarter": 20154,
            "year": 2015,
            "quarter": 4,
            "eps": 0.37,
            "eps_growth_year": 18.26,
            "eps_4q": 1.66,
            "eps_4q_growth_year": 10.01,
            "roe": 1.65,
            "roe_4q": 7.29,
            "gross_profit": 493285,
            "gross_margin": 38.6,
            "gross_margin_4q_avg": 37.84,
            "net_income": 322195,
            "revenue": 1278101,
            "common_shares": 5683042,
            "book_valuer_per_share": 30.14,
            "book_valuer_per_share_4q_avg": 28.89,
            "equity": 19563372,
            "current_ratio": 220.98,
            "debt_ratio": 31.08,
            "inventory_turnover_ratio": 13.63,
            "account_receivable_turnover_ratio": 2.66,
            "reinvestment_rate": -363.95,
            "research_to_sale_ratio": null,
            "price_fair": 31.65,
            "eps_avg_yearly": 2,
            "eps_latest_yearly": 1.48,
            "eps_growth_yearly": 5.86
        },
        "20161": {
            "year_quarter": 20161,
            "year": 2016,
            "quarter": 1,
            "eps": 0.48,
            "eps_growth_year": 6.67,
            "eps_4q": 1.69,
            "eps_4q_growth_year": 20.04,
            "roe": 1.99,
            "roe_4q": 7.329999999999999,
            "gross_profit": 457555,
            "gross_margin": 38.45,
            "gross_margin_4q_avg": 38.9,
            "net_income": 387744,
            "revenue": 1189886,
            "common_shares": 5683042,
            "book_valuer_per_share": 29.94,
            "book_valuer_per_share_4q_avg": 29.29,
            "equity": 19410719,
            "current_ratio": 230.98,
            "debt_ratio": 29.45,
            "inventory_turnover_ratio": 17.03,
            "account_receivable_turnover_ratio": 3.12,
            "reinvestment_rate": -411.5,
            "research_to_sale_ratio": null,
            "price_fair": 37.9,
            "eps_avg_yearly": 1.91,
            "eps_latest_yearly": 1.92,
            "eps_growth_yearly": 9.87
        },
        "20162": {
            "year_quarter": 20162,
            "year": 2016,
            "quarter": 2,
            "eps": 0.23,
            "eps_growth_year": -30.3,
            "eps_4q": 1.59,
            "eps_4q_growth_year": 12.33,
            "roe": 1.1,
            "roe_4q": 6.960000000000001,
            "gross_profit": 329005,
            "gross_margin": 31.11,
            "gross_margin_4q_avg": 37.98,
            "net_income": 211182,
            "revenue": 1057699,
            "common_shares": 5683042,
            "book_valuer_per_share": 29.26,
            "book_valuer_per_share_4q_avg": 29.79,
            "equity": 19128334,
            "current_ratio": 188.45,
            "debt_ratio": 30.5,
            "inventory_turnover_ratio": 16.14,
            "account_receivable_turnover_ratio": 3.3,
            "reinvestment_rate": -439.67,
            "research_to_sale_ratio": null,
            "price_fair": 21.55,
            "eps_avg_yearly": 1.8,
            "eps_latest_yearly": 0.92,
            "eps_growth_yearly": 1.97
        },
        "20163": {
            "year_quarter": 20163,
            "year": 2016,
            "quarter": 3,
            "eps": 0.15,
            "eps_growth_year": -71.15,
            "eps_4q": 1.23,
            "eps_4q_growth_year": -23.6,
            "roe": 0.68,
            "roe_4q": 5.42,
            "gross_profit": 173883,
            "gross_margin": 19.38,
            "gross_margin_4q_avg": 31.89,
            "net_income": 127561,
            "revenue": 897147,
            "common_shares": 5683042,
            "book_valuer_per_share": 28.49,
            "book_valuer_per_share_4q_avg": 29.46,
            "equity": 18533568,
            "current_ratio": 191.82,
            "debt_ratio": 27.7,
            "inventory_turnover_ratio": 12.83,
            "account_receivable_turnover_ratio": 3.46,
            "reinvestment_rate": -456.5,
            "research_to_sale_ratio": null,
            "price_fair": 4.99,
            "eps_avg_yearly": 1.66,
            "eps_latest_yearly": 0.6,
            "eps_growth_yearly": -8.24
        },
        "20164": {
            "year_quarter": 20164,
            "year": 2016,
            "quarter": 4,
            "eps": 0.2,
            "eps_growth_year": -46.61,
            "eps_4q": 1.06,
            "eps_4q_growth_year": -36.45,
            "roe": 0.98,
            "roe_4q": 4.75,
            "gross_profit": -7520,
            "gross_margin": -1.56,
            "gross_margin_4q_avg": 21.85,
            "net_income": 182269,
            "revenue": 481097,
            "common_shares": 5683042,
            "book_valuer_per_share": 29.59,
            "book_valuer_per_share_4q_avg": 29.32,
            "equity": 18568245,
            "current_ratio": 226.34,
            "debt_ratio": 27.43,
            "inventory_turnover_ratio": 9.12,
            "account_receivable_turnover_ratio": 1.96,
            "reinvestment_rate": -511.54,
            "research_to_sale_ratio": null,
            "price_fair": 17.25,
            "eps_avg_yearly": 1.55,
            "eps_latest_yearly": 0.8,
            "eps_growth_yearly": 1.16
        },
        "20171": {
            "year_quarter": 20171,
            "year": 2017,
            "quarter": 1,
            "eps": 0.29,
            "eps_growth_year": -39.58,
            "eps_4q": 0.87,
            "eps_4q_growth_year": -48.75,
            "roe": 1.14,
            "roe_4q": 3.9000000000000004,
            "gross_profit": 222728,
            "gross_margin": 25.79,
            "gross_margin_4q_avg": 18.68,
            "net_income": 205433,
            "revenue": 863473,
            "common_shares": 5683042,
            "book_valuer_per_share": 27.9,
            "book_valuer_per_share_4q_avg": 28.81,
            "equity": 17547213,
            "current_ratio": 194.96,
            "debt_ratio": 31.37,
            "inventory_turnover_ratio": 17.59,
            "account_receivable_turnover_ratio": 3.37,
            "reinvestment_rate": -71.46,
            "research_to_sale_ratio": null,
            "price_fair": 42.29,
            "eps_avg_yearly": 1.49,
            "eps_latest_yearly": 1.16,
            "eps_growth_yearly": 18.38
        },
        "20172": {
            "year_quarter": 20172,
            "year": 2017,
            "quarter": 2,
            "eps": 0.33,
            "eps_growth_year": 43.48,
            "eps_4q": 0.96,
            "eps_4q_growth_year": -39.42,
            "roe": 1.29,
            "roe_4q": 4.09,
            "gross_profit": 302953,
            "gross_margin": 34.81,
            "gross_margin_4q_avg": 19.61,
            "net_income": 224976,
            "revenue": 870308,
            "common_shares": 5683042,
            "book_valuer_per_share": 27.62,
            "book_valuer_per_share_4q_avg": 28.4,
            "equity": 17336678,
            "current_ratio": 184.59,
            "debt_ratio": 31.69,
            "inventory_turnover_ratio": 20.04,
            "account_receivable_turnover_ratio": 3.69,
            "reinvestment_rate": -85.79,
            "research_to_sale_ratio": null,
            "price_fair": 47.58,
            "eps_avg_yearly": 1.45,
            "eps_latest_yearly": 1.32,
            "eps_growth_yearly": 22.81
        },
        "20173": {
            "year_quarter": 20173,
            "year": 2017,
            "quarter": 3,
            "eps": 0.02,
            "eps_growth_year": -86.67,
            "eps_4q": 0.83,
            "eps_4q_growth_year": -32.41,
            "roe": 0.22,
            "roe_4q": 3.63,
            "gross_profit": 98084,
            "gross_margin": 14.22,
            "gross_margin_4q_avg": 18.32,
            "net_income": 38669,
            "revenue": 689744,
            "common_shares": 5683042,
            "book_valuer_per_share": 27.49,
            "book_valuer_per_share_4q_avg": 28.15,
            "equity": 17256287,
            "current_ratio": 182.45,
            "debt_ratio": 29,
            "inventory_turnover_ratio": 14.43,
            "account_receivable_turnover_ratio": 3.01,
            "reinvestment_rate": -68.46,
            "research_to_sale_ratio": null,
            "price_fair": 25.5,
            "eps_avg_yearly": 1.38,
            "eps_latest_yearly": 0.08,
            "eps_growth_yearly": 8.51
        },
        "20174": {
            "year_quarter": 20174,
            "year": 2017,
            "quarter": 4,
            "eps": 0.27,
            "eps_growth_year": 36.34,
            "eps_4q": 0.9,
            "eps_4q_growth_year": -14.79,
            "roe": 1.1,
            "roe_4q": 3.75,
            "gross_profit": 247107,
            "gross_margin": 27.2,
            "gross_margin_4q_avg": 25.51,
            "net_income": 188233,
            "revenue": 908338,
            "common_shares": 5683042,
            "book_valuer_per_share": 27.24,
            "book_valuer_per_share_4q_avg": 27.56,
            "equity": 17091146,
            "current_ratio": 189.77,
            "debt_ratio": 28.49,
            "inventory_turnover_ratio": 9.1,
            "account_receivable_turnover_ratio": 3.69,
            "reinvestment_rate": -92.52,
            "research_to_sale_ratio": null,
            "price_fair": 45.06,
            "eps_avg_yearly": 1.29,
            "eps_latest_yearly": 1.08,
            "eps_growth_yearly": 295.21
        },
        "20181": {
            "year_quarter": 20181,
            "year": 2018,
            "quarter": 1,
            "eps": -0.05,
            "eps_growth_year": -117.24,
            "eps_4q": 0.57,
            "eps_4q_growth_year": -34.54,
            "roe": -0.25,
            "roe_4q": 2.3600000000000003,
            "gross_profit": 16310,
            "gross_margin": 2.29,
            "gross_margin_4q_avg": 19.63,
            "net_income": -41774,
            "revenue": 713251,
            "common_shares": 5683042,
            "book_valuer_per_share": 26.54,
            "book_valuer_per_share_4q_avg": 27.22,
            "equity": 16668661,
            "current_ratio": 178.89,
            "debt_ratio": 31.28,
            "inventory_turnover_ratio": 6.71,
            "account_receivable_turnover_ratio": 3.26,
            "reinvestment_rate": -114.24,
            "research_to_sale_ratio": null,
            "price_fair": 42.93,
            "eps_avg_yearly": 1.23,
            "eps_latest_yearly": 1.08,
            "eps_growth_yearly": 318.27
        },
        "20182": {
            "year_quarter": 20182,
            "year": 2018,
            "quarter": 2,
            "eps": -0.12,
            "eps_growth_year": -136.36,
            "eps_4q": 0.11,
            "eps_4q_growth_year": -88.69,
            "roe": -0.45,
            "roe_4q": 0.6200000000000001,
            "gross_profit": 51506,
            "gross_margin": 6.43,
            "gross_margin_4q_avg": 12.54,
            "net_income": -76767,
            "revenue": 800433,
            "common_shares": 5683042,
            "book_valuer_per_share": 27.18,
            "book_valuer_per_share_4q_avg": 27.11,
            "equity": 17123051,
            "current_ratio": 176.91,
            "debt_ratio": 31.09,
            "inventory_turnover_ratio": 6.29,
            "account_receivable_turnover_ratio": 3.95,
            "reinvestment_rate": -71.89,
            "research_to_sale_ratio": null,
            "price_fair": 42.8,
            "eps_avg_yearly": 1.22,
            "eps_latest_yearly": 1.08,
            "eps_growth_yearly": 352.95
        },
        "20183": {
            "year_quarter": 20183,
            "year": 2018,
            "quarter": 3,
            "eps": 0.11,
            "eps_growth_year": 450,
            "eps_4q": 0.2,
            "eps_4q_growth_year": -75.52,
            "roe": 0.52,
            "roe_4q": 0.9200000000000002,
            "gross_profit": 184539,
            "gross_margin": 17.64,
            "gross_margin_4q_avg": 13.39,
            "net_income": 89823,
            "revenue": 1046262,
            "common_shares": 5683042,
            "book_valuer_per_share": 27.36,
            "book_valuer_per_share_4q_avg": 27.08,
            "equity": 17264718,
            "current_ratio": 172.99,
            "debt_ratio": 28.83,
            "inventory_turnover_ratio": 5.79,
            "account_receivable_turnover_ratio": 3.92,
            "reinvestment_rate": -69.45,
            "research_to_sale_ratio": null,
            "price_fair": 42.54,
            "eps_avg_yearly": 1.22,
            "eps_latest_yearly": 1.08,
            "eps_growth_yearly": 379.14
        },
        "20184": {
            "year_quarter": 20184,
            "year": 2018,
            "quarter": 4,
            "eps": 0.17,
            "eps_growth_year": -35.41,
            "eps_4q": 0.11,
            "eps_4q_growth_year": -87.92,
            "roe": 0.65,
            "roe_4q": 0.47,
            "gross_profit": 260572,
            "gross_margin": 21.48,
            "gross_margin_4q_avg": 11.96,
            "net_income": 113565,
            "revenue": 1213136,
            "common_shares": 5683042,
            "book_valuer_per_share": 27.73,
            "book_valuer_per_share_4q_avg": 27.2,
            "equity": 17503451,
            "current_ratio": 203.71,
            "debt_ratio": 28.35,
            "inventory_turnover_ratio": 4.19,
            "account_receivable_turnover_ratio": 3.39,
            "reinvestment_rate": -108.13,
            "research_to_sale_ratio": null,
            "price_fair": 41.03,
            "eps_avg_yearly": 1.17,
            "eps_latest_yearly": 0.68,
            "eps_growth_yearly": 397.79
        },
        "20191": {
            "year_quarter": 20191,
            "year": 2019,
            "quarter": 1,
            "eps": -0.21,
            "eps_growth_year": null,
            "eps_4q": -0.05,
            "eps_4q_growth_year": -109.37,
            "roe": -0.62,
            "roe_4q": 0.10000000000000003,
            "gross_profit": 12309,
            "gross_margin": 1.34,
            "gross_margin_4q_avg": 11.72,
            "net_income": -106507,
            "revenue": 919436,
            "common_shares": 5683042,
            "book_valuer_per_share": 27.96,
            "book_valuer_per_share_4q_avg": 27.56,
            "equity": 17121595,
            "current_ratio": 230.67,
            "debt_ratio": 30.6,
            "inventory_turnover_ratio": 3.33,
            "account_receivable_turnover_ratio": 2.31,
            "reinvestment_rate": -116.25,
            "research_to_sale_ratio": null,
            "price_fair": 39.2,
            "eps_avg_yearly": 1.12,
            "eps_latest_yearly": 0.68,
            "eps_growth_yearly": 415.89
        },
        "20192": {
            "year_quarter": 20192,
            "year": 2019,
            "quarter": 2,
            "eps": -0.36,
            "eps_growth_year": null,
            "eps_4q": -0.28,
            "eps_4q_growth_year": -353.91,
            "roe": -1.24,
            "roe_4q": -0.69,
            "gross_profit": -103413,
            "gross_margin": -13.03,
            "gross_margin_4q_avg": 6.86,
            "net_income": -210985,
            "revenue": 793786,
            "common_shares": 5683042,
            "book_valuer_per_share": 27.64,
            "book_valuer_per_share_4q_avg": 27.67,
            "equity": 16944032,
            "current_ratio": 222.58,
            "debt_ratio": 30.65,
            "inventory_turnover_ratio": 5.07,
            "account_receivable_turnover_ratio": 2.3,
            "reinvestment_rate": -122.79,
            "research_to_sale_ratio": null,
            "price_fair": 38.56,
            "eps_avg_yearly": 1.1,
            "eps_latest_yearly": 0.68,
            "eps_growth_yearly": 463.39
        },
        "20193": {
            "year_quarter": 20193,
            "year": 2019,
            "quarter": 3,
            "eps": 0.1,
            "eps_growth_year": -9.09,
            "eps_4q": -0.28,
            "eps_4q_growth_year": -237.61,
            "roe": 0.5,
            "roe_4q": -0.7099999999999999,
            "gross_profit": 173712,
            "gross_margin": 16.41,
            "gross_margin_4q_avg": 6.55,
            "net_income": 84647,
            "revenue": 1058626,
            "common_shares": 5853533,
            "book_valuer_per_share": 26.92,
            "book_valuer_per_share_4q_avg": 27.56,
            "equity": 17017190,
            "current_ratio": 217.73,
            "debt_ratio": 29.51,
            "inventory_turnover_ratio": 7.88,
            "account_receivable_turnover_ratio": 3.26,
            "reinvestment_rate": -245.98,
            "research_to_sale_ratio": null,
            "price_fair": 35.14,
            "eps_avg_yearly": 1,
            "eps_latest_yearly": 0.68,
            "eps_growth_yearly": 486.7
        },
        "20194": {
            "year_quarter": 20194,
            "year": 2019,
            "quarter": 4,
            "eps": 0.6,
            "eps_growth_year": 247.34,
            "eps_4q": 0.15,
            "eps_4q_growth_year": 38.8,
            "roe": 2.34,
            "roe_4q": 0.9799999999999999,
            "gross_profit": 506342,
            "gross_margin": 32.76,
            "gross_margin_4q_avg": 9.37,
            "net_income": 393783,
            "revenue": 1545393,
            "common_shares": 5853533,
            "book_valuer_per_share": 26.48,
            "book_valuer_per_share_4q_avg": 27.25,
            "equity": 16702697,
            "current_ratio": 254.34,
            "debt_ratio": 28.32,
            "inventory_turnover_ratio": 5.42,
            "account_receivable_turnover_ratio": 3.85,
            "reinvestment_rate": -313.75,
            "research_to_sale_ratio": null,
            "price_fair": 38.36,
            "eps_avg_yearly": 1.1,
            "eps_latest_yearly": 2.4,
            "eps_growth_yearly": 698.24
        },
        "20201": {
            "year_quarter": 20201,
            "year": 2020,
            "quarter": 1,
            "eps": 0.07,
            "eps_growth_year": null,
            "eps_4q": 0.42,
            "eps_4q_growth_year": null,
            "roe": 0.32,
            "roe_4q": 1.9199999999999997,
            "gross_profit": 151445,
            "gross_margin": 12.72,
            "gross_margin_4q_avg": 12.22,
            "net_income": 52622,
            "revenue": 1190977,
            "common_shares": 5853533,
            "book_valuer_per_share": 26.3,
            "book_valuer_per_share_4q_avg": 26.84,
            "equity": 16617405,
            "current_ratio": 236.32,
            "debt_ratio": 28.1,
            "inventory_turnover_ratio": 5.19,
            "account_receivable_turnover_ratio": 2.4,
            "reinvestment_rate": -330.6,
            "research_to_sale_ratio": null,
            "price_fair": 32.62,
            "eps_avg_yearly": 0.93,
            "eps_latest_yearly": 0.28,
            "eps_growth_yearly": 651.01
        },
        "20202": {
            "year_quarter": 20202,
            "year": 2020,
            "quarter": 2,
            "eps": 0.3,
            "eps_growth_year": null,
            "eps_4q": 1.07,
            "eps_4q_growth_year": null,
            "roe": 1.15,
            "roe_4q": 4.31,
            "gross_profit": 248522,
            "gross_margin": 23.66,
            "gross_margin_4q_avg": 21.39,
            "net_income": 189201,
            "revenue": 1050587,
            "common_shares": 5853533,
            "book_valuer_per_share": 25.99,
            "book_valuer_per_share_4q_avg": 26.42,
            "equity": 16391209,
            "current_ratio": 245.09,
            "debt_ratio": 27.6,
            "inventory_turnover_ratio": 6.21,
            "account_receivable_turnover_ratio": 2.02,
            "reinvestment_rate": -407.55,
            "research_to_sale_ratio": null,
            "price_fair": 33.6,
            "eps_avg_yearly": 0.96,
            "eps_latest_yearly": 1.2,
            "eps_growth_yearly": 803.28
        },
        "20203": {
            "year_quarter": 20203,
            "year": 2020,
            "quarter": 3,
            "eps": 0.23,
            "eps_growth_year": 130,
            "eps_4q": 1.19,
            "eps_4q_growth_year": null,
            "roe": 1.04,
            "roe_4q": 4.85,
            "gross_profit": 264640,
            "gross_margin": 25.67,
            "gross_margin_4q_avg": 23.7,
            "net_income": 169411,
            "revenue": 1030991,
            "common_shares": 5853533,
            "book_valuer_per_share": 25.69,
            "book_valuer_per_share_4q_avg": 26.12,
            "equity": 16200454,
            "current_ratio": 258.61,
            "debt_ratio": 26.21,
            "inventory_turnover_ratio": 6.24,
            "account_receivable_turnover_ratio": 2.55,
            "reinvestment_rate": -351.63,
            "research_to_sale_ratio": null,
            "price_fair": 34.72,
            "eps_avg_yearly": 0.99,
            "eps_latest_yearly": 0.92,
            "eps_growth_yearly": 807.85
        },
        "20204": {
            "year_quarter": 20204,
            "year": 2020,
            "quarter": 4,
            "eps": -0.36,
            "eps_growth_year": -159.53,
            "eps_4q": 0.24,
            "eps_4q_growth_year": 59.99,
            "roe": -0.98,
            "roe_4q": 1.53,
            "gross_profit": 217898,
            "gross_margin": 30.56,
            "gross_margin_4q_avg": 23.15,
            "net_income": -156142,
            "revenue": 713095,
            "common_shares": 5853533,
            "book_valuer_per_share": 24.74,
            "book_valuer_per_share_4q_avg": 25.68,
            "equity": 15638425,
            "current_ratio": 278.65,
            "debt_ratio": 26.04,
            "inventory_turnover_ratio": 4.25,
            "account_receivable_turnover_ratio": 2.93,
            "reinvestment_rate": -508.87,
            "research_to_sale_ratio": null,
            "price_fair": 35.47,
            "eps_avg_yearly": 1.01,
            "eps_latest_yearly": 0.92,
            "eps_growth_yearly": 882.8
        },
        "20211": {
            "year_quarter": 20211,
            "year": 2021,
            "quarter": 1,
            "eps": 0.11,
            "eps_growth_year": 57.14,
            "eps_4q": 0.28,
            "eps_4q_growth_year": -34.98,
            "roe": 0.61,
            "roe_4q": 1.8199999999999998,
            "gross_profit": 169270,
            "gross_margin": 21.45,
            "gross_margin_4q_avg": 25.34,
            "net_income": 94443,
            "revenue": 789049,
            "common_shares": 5853533,
            "book_valuer_per_share": 24.41,
            "book_valuer_per_share_4q_avg": 25.21,
            "equity": 15450113,
            "current_ratio": 236.74,
            "debt_ratio": 26.22,
            "inventory_turnover_ratio": 6.46,
            "account_receivable_turnover_ratio": 4.12,
            "reinvestment_rate": -720.15,
            "research_to_sale_ratio": null,
            "price_fair": 34.83,
            "eps_avg_yearly": 1,
            "eps_latest_yearly": 0.92,
            "eps_growth_yearly": 970.65
        },
        "20212": {
            "year_quarter": 20212,
            "year": 2021,
            "quarter": 2,
            "eps": 0.35,
            "eps_growth_year": 16.67,
            "eps_4q": 0.33,
            "eps_4q_growth_year": -69.51,
            "roe": 1.53,
            "roe_4q": 2.2,
            "gross_profit": 270235,
            "gross_margin": 27.04,
            "gross_margin_4q_avg": 26.18,
            "net_income": 240447,
            "revenue": 999245,
            "common_shares": 5853533,
            "book_valuer_per_share": 24.07,
            "book_valuer_per_share_4q_avg": 24.73,
            "equity": 16041883,
            "current_ratio": 175.93,
            "debt_ratio": 26.24,
            "inventory_turnover_ratio": 5.52,
            "account_receivable_turnover_ratio": 4.53,
            "reinvestment_rate": -788.3,
            "research_to_sale_ratio": null,
            "price_fair": 35.18,
            "eps_avg_yearly": 1.01,
            "eps_latest_yearly": 1.4,
            "eps_growth_yearly": 1072.85
        },
        "20213": {
            "year_quarter": 20213,
            "year": 2021,
            "quarter": 3,
            "eps": 0.29,
            "eps_growth_year": 26.09,
            "eps_4q": 0.39,
            "eps_4q_growth_year": -67.61,
            "roe": 1.37,
            "roe_4q": 2.5300000000000002,
            "gross_profit": 305152,
            "gross_margin": 27.83,
            "gross_margin_4q_avg": 26.72,
            "net_income": 217958,
            "revenue": 1096499,
            "common_shares": 5853533,
            "book_valuer_per_share": 24.35,
            "book_valuer_per_share_4q_avg": 24.39,
            "equity": 15670202,
            "current_ratio": 247.44,
            "debt_ratio": 27.41,
            "inventory_turnover_ratio": 3.92,
            "account_receivable_turnover_ratio": 4.03,
            "reinvestment_rate": -657.19,
            "research_to_sale_ratio": null,
            "price_fair": 39.9,
            "eps_avg_yearly": 1.14,
            "eps_latest_yearly": 1.16,
            "eps_growth_yearly": 1111.24
        },
        "20214": {
            "year_quarter": 20214,
            "year": 2021,
            "quarter": 4,
            "eps": 0.46,
            "eps_growth_year": null,
            "eps_4q": 1.2,
            "eps_4q_growth_year": 398.38,
            "roe": 1.93,
            "roe_4q": 5.44,
            "gross_profit": 562548,
            "gross_margin": 39.08,
            "gross_margin_4q_avg": 28.85,
            "net_income": 304950,
            "revenue": 1439483,
            "common_shares": 5853533,
            "book_valuer_per_share": 24.64,
            "book_valuer_per_share_4q_avg": 24.37,
            "equity": 15867009,
            "current_ratio": 263.43,
            "debt_ratio": 26.32,
            "inventory_turnover_ratio": 3.98,
            "account_receivable_turnover_ratio": 4.91,
            "reinvestment_rate": -575.46,
            "research_to_sale_ratio": null,
            "price_fair": 43.23,
            "eps_avg_yearly": 1.24,
            "eps_latest_yearly": 1.84,
            "eps_growth_yearly": 515.55
        },
        "20221": {
            "year_quarter": 20221,
            "year": 2022,
            "quarter": 1,
            "eps": -0.01,
            "eps_growth_year": -109.09,
            "eps_4q": 1.09,
            "eps_4q_growth_year": 295.63,
            "roe": 0.16,
            "roe_4q": 4.99,
            "gross_profit": 116423,
            "gross_margin": 13.36,
            "gross_margin_4q_avg": 26.83,
            "net_income": 25425,
            "revenue": 871461,
            "common_shares": 5853533,
            "book_valuer_per_share": 24.59,
            "book_valuer_per_share_4q_avg": 24.41,
            "equity": 15915215,
            "current_ratio": 183.32,
            "debt_ratio": 27.53,
            "inventory_turnover_ratio": 3.99,
            "account_receivable_turnover_ratio": 3.15,
            "reinvestment_rate": -558,
            "research_to_sale_ratio": null,
            "price_fair": 43.23,
            "eps_avg_yearly": 1.24,
            "eps_latest_yearly": 1.84,
            "eps_growth_yearly": 515.55
        },
        "20222": {
            "year_quarter": 20222,
            "year": 2022,
            "quarter": 2,
            "eps": 0.1,
            "eps_growth_year": -71.43,
            "eps_4q": 0.84,
            "eps_4q_growth_year": 158.3,
            "roe": 0.52,
            "roe_4q": 3.98,
            "gross_profit": 189345,
            "gross_margin": 19.02,
            "gross_margin_4q_avg": 24.82,
            "net_income": 84291,
            "revenue": 995348,
            "common_shares": 5853533,
            "book_valuer_per_share": 25.78,
            "book_valuer_per_share_4q_avg": 24.84,
            "equity": 16700020,
            "current_ratio": 228,
            "debt_ratio": 21.7,
            "inventory_turnover_ratio": 2.97,
            "account_receivable_turnover_ratio": 3.5,
            "reinvestment_rate": -527.57,
            "research_to_sale_ratio": null,
            "price_fair": 43.23,
            "eps_avg_yearly": 1.24,
            "eps_latest_yearly": 1.84,
            "eps_growth_yearly": 515.55
        },
        "20223": {
            "year_quarter": 20223,
            "year": 2022,
            "quarter": 3,
            "eps": -0.17,
            "eps_growth_year": -158.62,
            "eps_4q": 0.38,
            "eps_4q_growth_year": -0.54,
            "roe": -0.38,
            "roe_4q": 2.23,
            "gross_profit": 54686,
            "gross_margin": 5.35,
            "gross_margin_4q_avg": 19.2,
            "net_income": -65238,
            "revenue": 1021251,
            "common_shares": 5853533,
            "book_valuer_per_share": 27.66,
            "book_valuer_per_share_4q_avg": 25.67,
            "equity": 17900919,
            "current_ratio": 260.03,
            "debt_ratio": 19.53,
            "inventory_turnover_ratio": 3.26,
            "account_receivable_turnover_ratio": 2.87,
            "reinvestment_rate": -513.69,
            "research_to_sale_ratio": null,
            "price_fair": 43.23,
            "eps_avg_yearly": 1.24,
            "eps_latest_yearly": 1.84,
            "eps_growth_yearly": 515.55
        },
        "20224": {
            "year_quarter": 20224,
            "year": 2022,
            "quarter": 4,
            "eps": 0.41,
            "eps_growth_year": -10.36,
            "eps_4q": 0.34,
            "eps_4q_growth_year": -72,
            "roe": 1.63,
            "roe_4q": 1.93,
            "gross_profit": 338979,
            "gross_margin": 25.02,
            "gross_margin_4q_avg": 15.69,
            "net_income": 287476,
            "revenue": 1354579,
            "common_shares": 5853533,
            "book_valuer_per_share": 27.04,
            "book_valuer_per_share_4q_avg": 26.27,
            "equity": 17469492,
            "current_ratio": 242.17,
            "debt_ratio": 19.37,
            "inventory_turnover_ratio": 5.41,
            "account_receivable_turnover_ratio": 2.57,
            "reinvestment_rate": -432.34,
            "research_to_sale_ratio": null,
            "price_fair": 46,
            "eps_avg_yearly": 1.31,
            "eps_latest_yearly": 1.84,
            "eps_growth_yearly": 558.04
        },
        "20231": {
            "year_quarter": 20231,
            "year": 2023,
            "quarter": 1,
            "eps": 0.21,
            "eps_growth_year": null,
            "eps_4q": 0.56,
            "eps_4q_growth_year": -48.99,
            "roe": 0.72,
            "roe_4q": 2.4899999999999998,
            "gross_profit": 98182,
            "gross_margin": 9.75,
            "gross_margin_4q_avg": 14.79,
            "net_income": 124626,
            "revenue": 1006524,
            "common_shares": 5853533,
            "book_valuer_per_share": 26.49,
            "book_valuer_per_share_4q_avg": 26.74,
            "equity": 17102588,
            "current_ratio": 222.4,
            "debt_ratio": 21.17,
            "inventory_turnover_ratio": 7.96,
            "account_receivable_turnover_ratio": 1.93,
            "reinvestment_rate": -387.52,
            "research_to_sale_ratio": null,
            "price_fair": 43.93,
            "eps_avg_yearly": 1.26,
            "eps_latest_yearly": 0.84,
            "eps_growth_yearly": 463.89
        }
    },
    "months": {
        "2001-06": {
            "month": "2001-06",
            "price": "7.04",
            "revenue": 22893
        },
        "2001-07": {
            "month": "2001-07",
            "price": "6.23",
            "revenue": 89503
        },
        "2001-08": {
            "month": "2001-08",
            "price": "6.60",
            "revenue": 80893
        },
        "2001-09": {
            "month": "2001-09",
            "price": "6.09",
            "revenue": 23892
        },
        "2001-10": {
            "month": "2001-10",
            "price": "5.59",
            "revenue": 68335
        },
        "2001-11": {
            "month": "2001-11",
            "price": "5.80",
            "revenue": 44408
        },
        "2001-12": {
            "month": "2001-12",
            "price": "6.94",
            "revenue": 37582
        },
        "2002-01": {
            "month": "2002-01",
            "price": "7.73",
            "revenue": 30982
        },
        "2002-02": {
            "month": "2002-02",
            "price": "8.42",
            "revenue": 67771
        },
        "2002-03": {
            "month": "2002-03",
            "price": "8.58",
            "revenue": 34658
        },
        "2002-04": {
            "month": "2002-04",
            "price": "9.04",
            "revenue": 41844
        },
        "2002-05": {
            "month": "2002-05",
            "price": "9.23",
            "revenue": 21635
        },
        "2002-06": {
            "month": "2002-06",
            "price": "9.12",
            "revenue": 47471
        },
        "2002-07": {
            "month": "2002-07",
            "price": "8.81",
            "revenue": 49954
        },
        "2002-08": {
            "month": "2002-08",
            "price": "7.37",
            "revenue": 30863
        },
        "2002-09": {
            "month": "2002-09",
            "price": "8.02",
            "revenue": 49029
        },
        "2002-10": {
            "month": "2002-10",
            "price": "8.06",
            "revenue": 48177
        },
        "2002-11": {
            "month": "2002-11",
            "price": "8.53",
            "revenue": 54341
        },
        "2002-12": {
            "month": "2002-12",
            "price": "11.59",
            "revenue": 45649
        },
        "2003-01": {
            "month": "2003-01",
            "price": "14.42",
            "revenue": 38732
        },
        "2003-02": {
            "month": "2003-02",
            "price": "12.37",
            "revenue": 34958
        },
        "2003-03": {
            "month": "2003-03",
            "price": "12.14",
            "revenue": 38891
        },
        "2003-04": {
            "month": "2003-04",
            "price": "12.57",
            "revenue": 111867
        },
        "2003-05": {
            "month": "2003-05",
            "price": "11.93",
            "revenue": 42297
        },
        "2003-06": {
            "month": "2003-06",
            "price": "12.44",
            "revenue": 81197
        },
        "2003-07": {
            "month": "2003-07",
            "price": "14.30",
            "revenue": 75610
        },
        "2003-08": {
            "month": "2003-08",
            "price": "14.90",
            "revenue": 63511
        },
        "2003-09": {
            "month": "2003-09",
            "price": "16.17",
            "revenue": 94366
        },
        "2003-10": {
            "month": "2003-10",
            "price": "22.65",
            "revenue": 48281
        },
        "2003-11": {
            "month": "2003-11",
            "price": "25.41",
            "revenue": 94982
        },
        "2003-12": {
            "month": "2003-12",
            "price": "25.82",
            "revenue": 40699
        },
        "2004-01": {
            "month": "2004-01",
            "price": "30.04",
            "revenue": 134072
        },
        "2004-02": {
            "month": "2004-02",
            "price": "28.62",
            "revenue": 30060
        },
        "2004-03": {
            "month": "2004-03",
            "price": "31.89",
            "revenue": 136364
        },
        "2004-04": {
            "month": "2004-04",
            "price": "28.38",
            "revenue": 33931
        },
        "2004-05": {
            "month": "2004-05",
            "price": "22.74",
            "revenue": 185930
        },
        "2004-06": {
            "month": "2004-06",
            "price": "23.96",
            "revenue": 86996
        },
        "2004-07": {
            "month": "2004-07",
            "price": "26.22",
            "revenue": 36560
        },
        "2004-08": {
            "month": "2004-08",
            "price": "27.36",
            "revenue": 33191
        },
        "2004-09": {
            "month": "2004-09",
            "price": "35.93",
            "revenue": 118571
        },
        "2004-10": {
            "month": "2004-10",
            "price": "40.56",
            "revenue": 64653
        },
        "2004-11": {
            "month": "2004-11",
            "price": "38.54",
            "revenue": 117293
        },
        "2004-12": {
            "month": "2004-12",
            "price": "40.26",
            "revenue": 97755
        },
        "2005-01": {
            "month": "2005-01",
            "price": "38.92",
            "revenue": 98866
        },
        "2005-02": {
            "month": "2005-02",
            "price": "39.58",
            "revenue": 124524
        },
        "2005-03": {
            "month": "2005-03",
            "price": "40.12",
            "revenue": 95067
        },
        "2005-04": {
            "month": "2005-04",
            "price": "37.10",
            "revenue": 58338
        },
        "2005-05": {
            "month": "2005-05",
            "price": "35.64",
            "revenue": 32639
        },
        "2005-06": {
            "month": "2005-06",
            "price": "37.55",
            "revenue": 166679
        },
        "2005-07": {
            "month": "2005-07",
            "price": "37.63",
            "revenue": 76543
        },
        "2005-08": {
            "month": "2005-08",
            "price": "34.75",
            "revenue": 82620
        },
        "2005-09": {
            "month": "2005-09",
            "price": "31.71",
            "revenue": 68884
        },
        "2005-10": {
            "month": "2005-10",
            "price": "28.03",
            "revenue": 95349
        },
        "2005-11": {
            "month": "2005-11",
            "price": "27.88",
            "revenue": 65289
        },
        "2005-12": {
            "month": "2005-12",
            "price": "29.76",
            "revenue": 73926
        },
        "2006-01": {
            "month": "2006-01",
            "price": "30.62",
            "revenue": 66063
        },
        "2006-02": {
            "month": "2006-02",
            "price": "32.34",
            "revenue": 30663
        },
        "2006-03": {
            "month": "2006-03",
            "price": "32.30",
            "revenue": 77905
        },
        "2006-04": {
            "month": "2006-04",
            "price": "35.49",
            "revenue": 54161
        },
        "2006-05": {
            "month": "2006-05",
            "price": "35.83",
            "revenue": 35277
        },
        "2006-06": {
            "month": "2006-06",
            "price": "34.90",
            "revenue": 65747
        },
        "2006-07": {
            "month": "2006-07",
            "price": "36.91",
            "revenue": 80312
        },
        "2006-08": {
            "month": "2006-08",
            "price": "37.32",
            "revenue": 49631
        },
        "2006-09": {
            "month": "2006-09",
            "price": "35.00",
            "revenue": 106248
        },
        "2006-10": {
            "month": "2006-10",
            "price": "37.18",
            "revenue": 63959
        },
        "2006-11": {
            "month": "2006-11",
            "price": "40.52",
            "revenue": 78550
        },
        "2006-12": {
            "month": "2006-12",
            "price": "41.52",
            "revenue": 84606
        },
        "2007-01": {
            "month": "2007-01",
            "price": "44.40",
            "revenue": 87683
        },
        "2007-02": {
            "month": "2007-02",
            "price": "45.70",
            "revenue": 43053
        },
        "2007-03": {
            "month": "2007-03",
            "price": "47.02",
            "revenue": 62870
        },
        "2007-04": {
            "month": "2007-04",
            "price": "50.04",
            "revenue": 34078
        },
        "2007-05": {
            "month": "2007-05",
            "price": "51.18",
            "revenue": 36377
        },
        "2007-06": {
            "month": "2007-06",
            "price": "52.12",
            "revenue": 229520
        },
        "2007-07": {
            "month": "2007-07",
            "price": "63.90",
            "revenue": 92258
        },
        "2007-08": {
            "month": "2007-08",
            "price": "67.15",
            "revenue": 40946
        },
        "2007-09": {
            "month": "2007-09",
            "price": "68.77",
            "revenue": 167127
        },
        "2007-10": {
            "month": "2007-10",
            "price": "72.31",
            "revenue": 188409
        },
        "2007-11": {
            "month": "2007-11",
            "price": "58.10",
            "revenue": 151295
        },
        "2007-12": {
            "month": "2007-12",
            "price": "55.15",
            "revenue": 158466
        },
        "2008-01": {
            "month": "2008-01",
            "price": "54.34",
            "revenue": 154395
        },
        "2008-02": {
            "month": "2008-02",
            "price": "61.76",
            "revenue": 136956
        },
        "2008-03": {
            "month": "2008-03",
            "price": "61.96",
            "revenue": 34063
        },
        "2008-04": {
            "month": "2008-04",
            "price": "62.02",
            "revenue": 215117
        },
        "2008-05": {
            "month": "2008-05",
            "price": "62.83",
            "revenue": 162071
        },
        "2008-06": {
            "month": "2008-06",
            "price": "57.20",
            "revenue": 144460
        },
        "2008-07": {
            "month": "2008-07",
            "price": "54.13",
            "revenue": 118317
        },
        "2008-08": {
            "month": "2008-08",
            "price": "46.17",
            "revenue": 53595
        },
        "2008-09": {
            "month": "2008-09",
            "price": "34.36",
            "revenue": 178670
        },
        "2008-10": {
            "month": "2008-10",
            "price": "23.81",
            "revenue": 65302
        },
        "2008-11": {
            "month": "2008-11",
            "price": "24.41",
            "revenue": 45831
        },
        "2008-12": {
            "month": "2008-12",
            "price": "27.63",
            "revenue": 40016
        },
        "2009-01": {
            "month": "2009-01",
            "price": "26.82",
            "revenue": 31238
        },
        "2009-02": {
            "month": "2009-02",
            "price": "26.63",
            "revenue": 28849
        },
        "2009-03": {
            "month": "2009-03",
            "price": "27.59",
            "revenue": 43545
        },
        "2009-04": {
            "month": "2009-04",
            "price": "31.85",
            "revenue": 29326
        },
        "2009-05": {
            "month": "2009-05",
            "price": "35.69",
            "revenue": 13228
        },
        "2009-06": {
            "month": "2009-06",
            "price": "38.16",
            "revenue": 19077
        },
        "2009-07": {
            "month": "2009-07",
            "price": "38.72",
            "revenue": 24698
        },
        "2009-08": {
            "month": "2009-08",
            "price": "37.44",
            "revenue": 7137
        },
        "2009-09": {
            "month": "2009-09",
            "price": "36.62",
            "revenue": 18877
        },
        "2009-10": {
            "month": "2009-10",
            "price": "38.76",
            "revenue": 153
        },
        "2009-11": {
            "month": "2009-11",
            "price": "39.85",
            "revenue": 153
        },
        "2009-12": {
            "month": "2009-12",
            "price": "39.60",
            "revenue": 16434
        },
        "2010-01": {
            "month": "2010-01",
            "price": "42.11",
            "revenue": 18412
        },
        "2010-02": {
            "month": "2010-02",
            "price": "38.36",
            "revenue": 16108
        },
        "2010-03": {
            "month": "2010-03",
            "price": "40.20",
            "revenue": 601078
        },
        "2010-04": {
            "month": "2010-04",
            "price": "40.92",
            "revenue": 607404
        },
        "2010-05": {
            "month": "2010-05",
            "price": "39.18",
            "revenue": 525470
        },
        "2010-06": {
            "month": "2010-06",
            "price": "38.10",
            "revenue": 552747
        },
        "2010-07": {
            "month": "2010-07",
            "price": "38.48",
            "revenue": 587506
        },
        "2010-08": {
            "month": "2010-08",
            "price": "37.46",
            "revenue": 578110
        },
        "2010-09": {
            "month": "2010-09",
            "price": "36.87",
            "revenue": 25099
        },
        "2010-10": {
            "month": "2010-10",
            "price": "37.14",
            "revenue": 524259
        },
        "2010-11": {
            "month": "2010-11",
            "price": "36.11",
            "revenue": 491889
        },
        "2010-12": {
            "month": "2010-12",
            "price": "35.23",
            "revenue": 515216
        },
        "2011-01": {
            "month": "2011-01",
            "price": "35.73",
            "revenue": 493397
        },
        "2011-02": {
            "month": "2011-02",
            "price": "34.78",
            "revenue": 441022
        },
        "2011-03": {
            "month": "2011-03",
            "price": "32.60",
            "revenue": 474819
        },
        "2011-04": {
            "month": "2011-04",
            "price": "32.97",
            "revenue": 444225
        },
        "2011-05": {
            "month": "2011-05",
            "price": "32.79",
            "revenue": 552936
        },
        "2011-06": {
            "month": "2011-06",
            "price": "32.70",
            "revenue": 498976
        },
        "2011-07": {
            "month": "2011-07",
            "price": "32.53",
            "revenue": 497376
        },
        "2011-08": {
            "month": "2011-08",
            "price": "29.46",
            "revenue": 461625
        },
        "2011-09": {
            "month": "2011-09",
            "price": "27.42",
            "revenue": 498810
        },
        "2011-10": {
            "month": "2011-10",
            "price": "26.51",
            "revenue": 467537
        },
        "2011-11": {
            "month": "2011-11",
            "price": "26.43",
            "revenue": 458944
        },
        "2011-12": {
            "month": "2011-12",
            "price": "26.37",
            "revenue": 551278
        },
        "2012-01": {
            "month": "2012-01",
            "price": "25.95",
            "revenue": 513908
        },
        "2012-02": {
            "month": "2012-02",
            "price": "29.12",
            "revenue": 477094
        },
        "2012-03": {
            "month": "2012-03",
            "price": "29.83",
            "revenue": 598642
        },
        "2012-04": {
            "month": "2012-04",
            "price": "29.04",
            "revenue": 557941
        },
        "2012-05": {
            "month": "2012-05",
            "price": "29.28",
            "revenue": 530470
        },
        "2012-06": {
            "month": "2012-06",
            "price": "26.28",
            "revenue": 549032
        },
        "2012-07": {
            "month": "2012-07",
            "price": "27.49",
            "revenue": 497993
        },
        "2012-08": {
            "month": "2012-08",
            "price": "25.94",
            "revenue": 442798
        },
        "2012-09": {
            "month": "2012-09",
            "price": "25.71",
            "revenue": 440321
        },
        "2012-10": {
            "month": "2012-10",
            "price": "24.98",
            "revenue": 483892
        },
        "2012-11": {
            "month": "2012-11",
            "price": "24.48",
            "revenue": 466888
        },
        "2012-12": {
            "month": "2012-12",
            "price": "25.44",
            "revenue": 509923
        },
        "2013-01": {
            "month": "2013-01",
            "price": "27.17",
            "revenue": 523468
        },
        "2013-02": {
            "month": "2013-02",
            "price": "27.05",
            "revenue": 446595
        },
        "2013-03": {
            "month": "2013-03",
            "price": "27.06",
            "revenue": 328120
        },
        "2013-04": {
            "month": "2013-04",
            "price": "27.01",
            "revenue": 417060
        },
        "2013-05": {
            "month": "2013-05",
            "price": "27.15",
            "revenue": 438674
        },
        "2013-06": {
            "month": "2013-06",
            "price": "26.37",
            "revenue": 411961
        },
        "2013-07": {
            "month": "2013-07",
            "price": "26.50",
            "revenue": 476433
        },
        "2013-08": {
            "month": "2013-08",
            "price": "25.48",
            "revenue": 400508
        },
        "2013-09": {
            "month": "2013-09",
            "price": "28.13",
            "revenue": 348054
        },
        "2013-10": {
            "month": "2013-10",
            "price": "28.04",
            "revenue": 335999
        },
        "2013-11": {
            "month": "2013-11",
            "price": "27.15",
            "revenue": 463278
        },
        "2013-12": {
            "month": "2013-12",
            "price": "28.05",
            "revenue": 458232
        },
        "2014-01": {
            "month": "2014-01",
            "price": "28.23",
            "revenue": 436225
        },
        "2014-02": {
            "month": "2014-02",
            "price": "27.37",
            "revenue": 390748
        },
        "2014-03": {
            "month": "2014-03",
            "price": "28.15",
            "revenue": 453360
        },
        "2014-04": {
            "month": "2014-04",
            "price": "27.60",
            "revenue": 409150
        },
        "2014-05": {
            "month": "2014-05",
            "price": "26.28",
            "revenue": 379467
        },
        "2014-06": {
            "month": "2014-06",
            "price": "26.40",
            "revenue": 365191
        },
        "2014-07": {
            "month": "2014-07",
            "price": "26.88",
            "revenue": 382418
        },
        "2014-08": {
            "month": "2014-08",
            "price": "26.92",
            "revenue": 426920
        },
        "2014-09": {
            "month": "2014-09",
            "price": "27.31",
            "revenue": 425240
        },
        "2014-10": {
            "month": "2014-10",
            "price": "25.80",
            "revenue": 380731
        },
        "2014-11": {
            "month": "2014-11",
            "price": "25.50",
            "revenue": 444410
        },
        "2014-12": {
            "month": "2014-12",
            "price": "25.16",
            "revenue": 458577
        },
        "2015-01": {
            "month": "2015-01",
            "price": "26.12",
            "revenue": 432930
        },
        "2015-02": {
            "month": "2015-02",
            "price": "25.42",
            "revenue": 384933
        },
        "2015-03": {
            "month": "2015-03",
            "price": "25.02",
            "revenue": 411706
        },
        "2015-04": {
            "month": "2015-04",
            "price": "24.34",
            "revenue": 368073
        },
        "2015-05": {
            "month": "2015-05",
            "price": "24.19",
            "revenue": 383473
        },
        "2015-06": {
            "month": "2015-06",
            "price": "24.90",
            "revenue": 446729
        },
        "2015-07": {
            "month": "2015-07",
            "price": "23.59",
            "revenue": 435222
        },
        "2015-08": {
            "month": "2015-08",
            "price": "21.19",
            "revenue": 428140
        },
        "2015-09": {
            "month": "2015-09",
            "price": "18.96",
            "revenue": 447187
        },
        "2015-10": {
            "month": "2015-10",
            "price": "18.63",
            "revenue": 421964
        },
        "2015-11": {
            "month": "2015-11",
            "price": "18.13",
            "revenue": 423079
        },
        "2015-12": {
            "month": "2015-12",
            "price": "18.39",
            "revenue": 414594
        },
        "2016-01": {
            "month": "2016-01",
            "price": "19.78",
            "revenue": 446074
        },
        "2016-02": {
            "month": "2016-02",
            "price": "19.75",
            "revenue": 360852
        },
        "2016-03": {
            "month": "2016-03",
            "price": "20.81",
            "revenue": 384061
        },
        "2016-04": {
            "month": "2016-04",
            "price": "20.54",
            "revenue": 383319
        },
        "2016-05": {
            "month": "2016-05",
            "price": "19.52",
            "revenue": 401946
        },
        "2016-06": {
            "month": "2016-06",
            "price": "19.49",
            "revenue": 343372
        },
        "2016-07": {
            "month": "2016-07",
            "price": "19.58",
            "revenue": 334036
        },
        "2016-08": {
            "month": "2016-08",
            "price": "18.54",
            "revenue": 315112
        },
        "2016-09": {
            "month": "2016-09",
            "price": "17.98",
            "revenue": 289507
        },
        "2016-10": {
            "month": "2016-10",
            "price": "17.82",
            "revenue": 313596
        },
        "2016-11": {
            "month": "2016-11",
            "price": "19.48",
            "revenue": 330247
        },
        "2016-12": {
            "month": "2016-12",
            "price": "19.69",
            "revenue": 296426
        },
        "2017-01": {
            "month": "2017-01",
            "price": "20.23",
            "revenue": 282551
        },
        "2017-02": {
            "month": "2017-02",
            "price": "22.91",
            "revenue": 306862
        },
        "2017-03": {
            "month": "2017-03",
            "price": "24.77",
            "revenue": 302163
        },
        "2017-04": {
            "month": "2017-04",
            "price": "22.07",
            "revenue": 318477
        },
        "2017-05": {
            "month": "2017-05",
            "price": "20.51",
            "revenue": 301538
        },
        "2017-06": {
            "month": "2017-06",
            "price": "21.03",
            "revenue": 264303
        },
        "2017-07": {
            "month": "2017-07",
            "price": "20.83",
            "revenue": 250581
        },
        "2017-08": {
            "month": "2017-08",
            "price": "22.01",
            "revenue": 223150
        },
        "2017-09": {
            "month": "2017-09",
            "price": "22.83",
            "revenue": 237569
        },
        "2017-10": {
            "month": "2017-10",
            "price": "21.86",
            "revenue": 266612
        },
        "2017-11": {
            "month": "2017-11",
            "price": "21.76",
            "revenue": 335878
        },
        "2017-12": {
            "month": "2017-12",
            "price": "21.70",
            "revenue": 320292
        },
        "2018-01": {
            "month": "2018-01",
            "price": "20.68",
            "revenue": 277799
        },
        "2018-02": {
            "month": "2018-02",
            "price": "19.37",
            "revenue": 210937
        },
        "2018-03": {
            "month": "2018-03",
            "price": "18.25",
            "revenue": 199827
        },
        "2018-04": {
            "month": "2018-04",
            "price": "17.61",
            "revenue": 210405
        },
        "2018-05": {
            "month": "2018-05",
            "price": "17.28",
            "revenue": 285319
        },
        "2018-06": {
            "month": "2018-06",
            "price": "16.59",
            "revenue": 298713
        },
        "2018-07": {
            "month": "2018-07",
            "price": "15.60",
            "revenue": 264743
        },
        "2018-08": {
            "month": "2018-08",
            "price": "16.84",
            "revenue": 359780
        },
        "2018-09": {
            "month": "2018-09",
            "price": "15.46",
            "revenue": 377516
        },
        "2018-10": {
            "month": "2018-10",
            "price": "16.49",
            "revenue": 410862
        },
        "2018-11": {
            "month": "2018-11",
            "price": "15.45",
            "revenue": 403860
        },
        "2018-12": {
            "month": "2018-12",
            "price": "16.17",
            "revenue": 359208
        },
        "2019-01": {
            "month": "2019-01",
            "price": "15.68",
            "revenue": 347853
        },
        "2019-02": {
            "month": "2019-02",
            "price": "15.55",
            "revenue": 309762
        },
        "2019-03": {
            "month": "2019-03",
            "price": "15.81",
            "revenue": 303794
        },
        "2019-04": {
            "month": "2019-04",
            "price": "16.49",
            "revenue": 230787
        },
        "2019-05": {
            "month": "2019-05",
            "price": "16.06",
            "revenue": 277830
        },
        "2019-06": {
            "month": "2019-06",
            "price": "15.62",
            "revenue": 259116
        },
        "2019-07": {
            "month": "2019-07",
            "price": "16.97",
            "revenue": 310464
        },
        "2019-08": {
            "month": "2019-08",
            "price": "15.92",
            "revenue": 352512
        },
        "2019-09": {
            "month": "2019-09",
            "price": "16.96",
            "revenue": 385975
        },
        "2019-10": {
            "month": "2019-10",
            "price": "16.75",
            "revenue": 377008
        },
        "2019-11": {
            "month": "2019-11",
            "price": "15.95",
            "revenue": 622024
        },
        "2019-12": {
            "month": "2019-12",
            "price": "16.51",
            "revenue": 498533
        },
        "2020-01": {
            "month": "2020-01",
            "price": "16.08",
            "revenue": 458369
        },
        "2020-02": {
            "month": "2020-02",
            "price": "13.67",
            "revenue": 373995
        },
        "2020-03": {
            "month": "2020-03",
            "price": "11.62",
            "revenue": 323702
        },
        "2020-04": {
            "month": "2020-04",
            "price": "13.50",
            "revenue": 311151
        },
        "2020-05": {
            "month": "2020-05",
            "price": "14.21",
            "revenue": 391940
        },
        "2020-06": {
            "month": "2020-06",
            "price": "14.81",
            "revenue": 374132
        },
        "2020-07": {
            "month": "2020-07",
            "price": "14.58",
            "revenue": 384595
        },
        "2020-08": {
            "month": "2020-08",
            "price": "14.93",
            "revenue": 339375
        },
        "2020-09": {
            "month": "2020-09",
            "price": "14.95",
            "revenue": 280116
        },
        "2020-10": {
            "month": "2020-10",
            "price": "14.75",
            "revenue": 307170
        },
        "2020-11": {
            "month": "2020-11",
            "price": "14.92",
            "revenue": 261156
        },
        "2020-12": {
            "month": "2020-12",
            "price": "18.72",
            "revenue": 322232
        },
        "2021-01": {
            "month": "2021-01",
            "price": "19.94",
            "revenue": 282069
        },
        "2021-02": {
            "month": "2021-02",
            "price": "18.90",
            "revenue": 228005
        },
        "2021-03": {
            "month": "2021-03",
            "price": "21.03",
            "revenue": 281722
        },
        "2021-04": {
            "month": "2021-04",
            "price": "26.31",
            "revenue": 255934
        },
        "2021-05": {
            "month": "2021-05",
            "price": "27.46",
            "revenue": 312569
        },
        "2021-06": {
            "month": "2021-06",
            "price": "34.40",
            "revenue": 442049
        },
        "2021-07": {
            "month": "2021-07",
            "price": "44.32",
            "revenue": 357929
        },
        "2021-08": {
            "month": "2021-08",
            "price": "38.07",
            "revenue": 355734
        },
        "2021-09": {
            "month": "2021-09",
            "price": "36.75",
            "revenue": 410192
        },
        "2021-10": {
            "month": "2021-10",
            "price": "31.26",
            "revenue": 503664
        },
        "2021-11": {
            "month": "2021-11",
            "price": "28.68",
            "revenue": 481985
        },
        "2021-12": {
            "month": "2021-12",
            "price": "29.91",
            "revenue": 436698
        },
        "2022-01": {
            "month": "2022-01",
            "price": "27.04",
            "revenue": 328421
        },
        "2022-02": {
            "month": "2022-02",
            "price": "27.19",
            "revenue": 225317
        },
        "2022-03": {
            "month": "2022-03",
            "price": "28.30",
            "revenue": 310261
        },
        "2022-04": {
            "month": "2022-04",
            "price": "28.34",
            "revenue": 225136
        },
        "2022-05": {
            "month": "2022-05",
            "price": "27.62",
            "revenue": 368908
        },
        "2022-06": {
            "month": "2022-06",
            "price": "23.53",
            "revenue": 374034
        },
        "2022-07": {
            "month": "2022-07",
            "price": "21.81",
            "revenue": 283538
        },
        "2022-08": {
            "month": "2022-08",
            "price": "22.94",
            "revenue": 313492
        },
        "2022-09": {
            "month": "2022-09",
            "price": "20.34",
            "revenue": 389479
        },
        "2022-10": {
            "month": "2022-10",
            "price": "18.52",
            "revenue": 366814
        },
        "2022-11": {
            "month": "2022-11",
            "price": "18.77",
            "revenue": 458756
        },
        "2022-12": {
            "month": "2022-12",
            "price": "20.08",
            "revenue": 464443
        },
        "2023-01": {
            "month": "2023-01",
            "price": "19.33",
            "revenue": 419523
        },
        "2023-02": {
            "month": "2023-02",
            "price": "20.95",
            "revenue": 314065
        },
        "2023-03": {
            "month": "2023-03",
            "price": "25.13",
            "revenue": 307047
        },
        "2023-04": {
            "month": "2023-04",
            "price": "24.19",
            "revenue": 326313
        }
    }
}
