{
    "summary": {
        "stock_name": "裕民",
        "stock_id": "2606",
        "category": "航運",
        "main_business": "船舶運送<br>船舶買賣<br>船務代理",
        "website_url": "http://www.uming.com.tw",
        "ceo": "王書吉",
        "pe_ratio": 19,
        "report_year_from": 2001,
        "report_year_to": 2023,
        "age": 23,
        "eps_negative_percentage": 5,
        "eps_growth_avg": {
            "last_all": 2.18,
            "last_2y": 10.8,
            "last_4y": -3.29,
            "last_8y": -13.64,
            "last_12y": -15.18,
            "last_16y": -6.69,
            "last_20y": 2.18,
            "at_2006_last_3y": 37.63,
            "at_2007_last_3y": 34.56,
            "at_2008_last_3y": 13.4,
            "at_2009_last_3y": 7.16,
            "at_2010_last_3y": 18.8,
            "at_2011_last_3y": -17.92,
            "at_2012_last_3y": -30.17,
            "at_2013_last_3y": -22.16,
            "at_2014_last_3y": -18.25,
            "at_2015_last_3y": -18.59,
            "at_2016_last_3y": -35.18,
            "at_2017_last_3y": -42.33,
            "at_2018_last_3y": -30.9,
            "at_2019_last_3y": -11.74,
            "at_2020_last_3y": 6.31,
            "at_2021_last_3y": 29.73,
            "at_2022_last_3y": 10.28,
            "at_2023_last_3y": -3.36,
            "at_2024_last_3y": -3.36,
            "at_2006_last_all": 37.63,
            "at_2007_last_all": 47.65,
            "at_2008_last_all": 42.27,
            "at_2009_last_all": 29.69,
            "at_2010_last_all": 28.21,
            "at_2011_last_all": 18.51,
            "at_2012_last_all": 13.29,
            "at_2013_last_all": 10.84,
            "at_2014_last_all": 12.73,
            "at_2015_last_all": 7.09,
            "at_2016_last_all": -0.56,
            "at_2017_last_all": -0.56,
            "at_2018_last_all": 4,
            "at_2019_last_all": 3.56,
            "at_2020_last_all": 0.66,
            "at_2021_last_all": 6.17,
            "at_2022_last_all": 5.32,
            "at_2023_last_all": 2.18,
            "at_2024_last_all": 2.18
        },
        "latest_eps": 2.79,
        "latest_price": 52.1,
        "latest_roe": 6.79,
        "latest_gross_margin": 20.76,
        "latest_equity": 34690802,
        "latest_revenue": 3900809,
        "latest_gross_profit": 809809,
        "latest_net_income": 758168,
        "latest_debt_ratio": 58.04,
        "latest_current_ratio": 143.96,
        "latest_account_receivable_turnover_ratio": 4.91,
        "latest_inventory_turnover_ratio": 4.83,
        "latest_reinvestment_rate": 144,
        "latest_research_to_sale_ratio": null
    },
    "eps_dividends": {
        "1991": {
            "cash": 1,
            "stock": 1,
            "eps": 0
        },
        "1992": {
            "cash": 0.5,
            "stock": 1.5,
            "eps": 0
        },
        "1993": {
            "cash": 0,
            "stock": 0.71,
            "eps": 0
        },
        "1994": {
            "cash": 0,
            "stock": 0.5,
            "eps": 0
        },
        "1995": {
            "cash": 0.5,
            "stock": 0.5,
            "eps": 0
        },
        "1996": {
            "cash": 0.75,
            "stock": 0.75,
            "eps": 0
        },
        "1997": {
            "cash": 0.5,
            "stock": 0.5,
            "eps": 0
        },
        "1998": {
            "cash": 0.5,
            "stock": 0.5,
            "eps": 0
        },
        "1999": {
            "cash": 0,
            "stock": 0.4,
            "eps": 0
        },
        "2000": {
            "cash": 0.25,
            "stock": 0.25,
            "eps": 0
        },
        "2001": {
            "cash": 0.8,
            "stock": 0,
            "eps": 0
        },
        "2002": {
            "cash": 0.7,
            "stock": 0,
            "eps": 0.37
        },
        "2003": {
            "cash": 0.5,
            "stock": 0,
            "eps": 3.71
        },
        "2004": {
            "cash": 2,
            "stock": 1.5,
            "eps": 9.95
        },
        "2005": {
            "cash": 4,
            "stock": 2,
            "eps": 7.88
        },
        "2006": {
            "cash": 5,
            "stock": 0,
            "eps": 5.62
        },
        "2007": {
            "cash": 5,
            "stock": 0,
            "eps": 10.55
        },
        "2008": {
            "cash": 8.5,
            "stock": 0,
            "eps": 12.17
        },
        "2009": {
            "cash": 6,
            "stock": 0,
            "eps": 6.6
        },
        "2010": {
            "cash": 5,
            "stock": 0,
            "eps": 7.78
        },
        "2011": {
            "cash": 8,
            "stock": 0,
            "eps": 3.18
        },
        "2012": {
            "cash": 0,
            "stock": 0,
            "eps": 2.11
        },
        "2013": {
            "cash": 2.5,
            "stock": 0,
            "eps": 1.82
        },
        "2014": {
            "cash": 2,
            "stock": 0,
            "eps": 2.43
        },
        "2015": {
            "cash": 2.2,
            "stock": 0,
            "eps": 0.96
        },
        "2016": {
            "cash": 1,
            "stock": 0,
            "eps": -1.04
        },
        "2017": {
            "cash": 0.75,
            "stock": 0,
            "eps": 1.18
        },
        "2018": {
            "cash": 1.2,
            "stock": 0,
            "eps": 1.98
        },
        "2019": {
            "cash": 1.8,
            "stock": 0,
            "eps": 1.92
        },
        "2020": {
            "cash": 1.9,
            "stock": 0,
            "eps": 1.04
        },
        "2021": {
            "cash": 1.2,
            "stock": 0,
            "eps": 5.79
        },
        "2022": {
            "cash": 3,
            "stock": 0,
            "eps": 5.21
        },
        "2023": {
            "cash": 6,
            "stock": 0,
            "eps": 2.21
        }
    },
    "dividends": {
        "1991-05-15": {
            "cash": 1,
            "stock": 1
        },
        "1992-05-15": {
            "cash": 0.5,
            "stock": 1.5
        },
        "1993-05-29": {
            "cash": 0,
            "stock": 0.71
        },
        "1994-05-18": {
            "cash": 0,
            "stock": 0.5
        },
        "1995-05-12": {
            "cash": 0.5,
            "stock": 0.5
        },
        "1996-05-15": {
            "cash": 0.75,
            "stock": 0.75
        },
        "1997-05-07": {
            "cash": 0.5,
            "stock": 0.5
        },
        "1998-05-15": {
            "cash": 0.5,
            "stock": 0.5
        },
        "1999-05-17": {
            "cash": 0,
            "stock": 0.4
        },
        "2000-05-05": {
            "cash": 0.25,
            "stock": 0.25
        },
        "2001-04-27": {
            "cash": 0.8,
            "stock": 0
        },
        "2002-05-30": {
            "cash": 0.7,
            "stock": 0
        },
        "2003-03-07": {
            "cash": 0.5,
            "stock": 0
        },
        "2004-02-25": {
            "cash": 2,
            "stock": 1.5
        },
        "2005-03-03": {
            "cash": 4,
            "stock": 2
        },
        "2006-03-08": {
            "cash": 5,
            "stock": 0
        },
        "2007-03-09": {
            "cash": 5,
            "stock": 0
        },
        "2008-03-12": {
            "cash": 8.5,
            "stock": 0
        },
        "2009-03-13": {
            "cash": 6,
            "stock": 0
        },
        "2010-03-15": {
            "cash": 5,
            "stock": 0
        },
        "2011-01-01": {
            "cash": 3,
            "stock": 0
        },
        "2011-03-17": {
            "cash": 5,
            "stock": 0
        },
        "2013-03-18": {
            "cash": 2.5,
            "stock": 0
        },
        "2014-06-09": {
            "cash": 2,
            "stock": 0
        },
        "2015-08-14": {
            "cash": 2.2,
            "stock": 0
        },
        "2016-07-29": {
            "cash": 1,
            "stock": 0
        },
        "2017-07-28": {
            "cash": 0.75,
            "stock": 0
        },
        "2018-07-27": {
            "cash": 1.2,
            "stock": 0
        },
        "2019-08-12": {
            "cash": 1.8,
            "stock": 0
        },
        "2020-07-31": {
            "cash": 1.9,
            "stock": 0
        },
        "2021-08-27": {
            "cash": 1.2,
            "stock": 0
        },
        "2022-07-27": {
            "cash": 3,
            "stock": 0
        },
        "2023-03-07": {
            "cash": 3,
            "stock": 0
        },
        "2023-08-04": {
            "cash": 3,
            "stock": 0
        }
    },
    "prices": {
        "200101": "8.45",
        "200102": "8.77",
        "200103": "9.17",
        "200104": "9.15",
        "200105": "8.37",
        "200106": "7.82",
        "200107": "6.36",
        "200108": "6.98",
        "200109": "6.90",
        "200110": "6.93",
        "200111": "7.05",
        "200112": "7.46",
        "200201": "7.63",
        "200202": "7.90",
        "200203": "8.01",
        "200204": "9.17",
        "200205": "9.19",
        "200206": "9.19",
        "200207": "8.53",
        "200208": "7.09",
        "200209": "6.80",
        "200210": "7.01",
        "200211": "7.71",
        "200212": "10.47",
        "200301": "13.27",
        "200302": "11.01",
        "200303": "11.90",
        "200304": "12.68",
        "200305": "13.15",
        "200306": "13.65",
        "200307": "15.59",
        "200308": "18.02",
        "200309": "22.46",
        "200310": "28.72",
        "200311": "33.44",
        "200312": "35.34",
        "200401": "44.03",
        "200402": "46.78",
        "200403": "55.89",
        "200404": "53.37",
        "200405": "40.76",
        "200406": "40.22",
        "200407": "39.10",
        "200408": "39.67",
        "200409": "49.18",
        "200410": "52.13",
        "200411": "50.60",
        "200412": "51.98",
        "200501": "50.95",
        "200502": "52.15",
        "200503": "53.76",
        "200504": "51.26",
        "200505": "49.46",
        "200506": "49.80",
        "200507": "46.42",
        "200508": "37.56",
        "200509": "38.36",
        "200510": "35.04",
        "200511": "33.56",
        "200512": "34.40",
        "200601": "32.78",
        "200602": "33.06",
        "200603": "32.62",
        "200604": "36.32",
        "200605": "36.38",
        "200606": "35.49",
        "200607": "35.65",
        "200608": "34.43",
        "200609": "35.51",
        "200610": "38.34",
        "200611": "41.18",
        "200612": "42.22",
        "200701": "47.03",
        "200702": "48.13",
        "200703": "51.11",
        "200704": "61.58",
        "200705": "61.33",
        "200706": "60.11",
        "200707": "77.07",
        "200708": "86.51",
        "200709": "96.91",
        "200710": "110.68",
        "200711": "92.02",
        "200712": "84.58",
        "200801": "75.45",
        "200802": "82.06",
        "200803": "88.43",
        "200804": "94.66",
        "200805": "103.25",
        "200806": "90.10",
        "200807": "83.06",
        "200808": "80.78",
        "200809": "58.65",
        "200810": "41.01",
        "200811": "39.58",
        "200812": "38.95",
        "200901": "41.43",
        "200902": "44.82",
        "200903": "49.03",
        "200904": "56.49",
        "200905": "65.55",
        "200906": "65.96",
        "200907": "64.97",
        "200908": "58.50",
        "200909": "54.72",
        "200910": "61.22",
        "200911": "63.96",
        "200912": "64.01",
        "201001": "65.82",
        "201002": "59.07",
        "201003": "64.18",
        "201004": "65.10",
        "201005": "64.63",
        "201006": "62.40",
        "201007": "62.23",
        "201008": "62.29",
        "201009": "61.86",
        "201010": "62.47",
        "201011": "62.61",
        "201012": "62.87",
        "201101": "62.77",
        "201102": "61.69",
        "201103": "61.34",
        "201104": "62.49",
        "201105": "61.22",
        "201106": "60.90",
        "201107": "57.83",
        "201108": "48.14",
        "201109": "45.76",
        "201110": "46.50",
        "201111": "44.04",
        "201112": "44.02",
        "201201": "44.74",
        "201202": "49.45",
        "201203": "51.03",
        "201204": "49.86",
        "201205": "47.43",
        "201206": "45.77",
        "201207": "46.90",
        "201208": "45.86",
        "201209": "45.48",
        "201210": "45.49",
        "201211": "44.42",
        "201212": "46.09",
        "201301": "48.13",
        "201302": "46.96",
        "201303": "45.66",
        "201304": "46.30",
        "201305": "46.76",
        "201306": "45.63",
        "201307": "46.79",
        "201308": "45.16",
        "201309": "50.71",
        "201310": "50.91",
        "201311": "49.52",
        "201312": "52.39",
        "201401": "52.42",
        "201402": "50.27",
        "201403": "51.00",
        "201404": "50.78",
        "201405": "50.94",
        "201406": "50.41",
        "201407": "48.76",
        "201408": "47.93",
        "201409": "47.84",
        "201410": "45.99",
        "201411": "47.26",
        "201412": "48.19",
        "201501": "49.08",
        "201502": "48.04",
        "201503": "46.66",
        "201504": "46.36",
        "201505": "44.55",
        "201506": "40.60",
        "201507": "40.98",
        "201508": "35.61",
        "201509": "34.32",
        "201510": "37.33",
        "201511": "32.96",
        "201512": "26.24",
        "201601": "24.69",
        "201602": "25.74",
        "201603": "27.68",
        "201604": "26.38",
        "201605": "24.76",
        "201606": "24.39",
        "201607": "24.13",
        "201608": "22.29",
        "201609": "22.18",
        "201610": "22.04",
        "201611": "24.16",
        "201612": "24.78",
        "201701": "25.80",
        "201702": "29.21",
        "201703": "32.42",
        "201704": "30.63",
        "201705": "30.10",
        "201706": "31.12",
        "201707": "31.62",
        "201708": "36.05",
        "201709": "36.50",
        "201710": "34.78",
        "201711": "35.10",
        "201712": "36.92",
        "201801": "37.88",
        "201802": "36.35",
        "201803": "36.25",
        "201804": "34.82",
        "201805": "34.41",
        "201806": "33.32",
        "201807": "30.82",
        "201808": "34.26",
        "201809": "33.67",
        "201810": "35.24",
        "201811": "30.50",
        "201812": "31.84",
        "201901": "31.15",
        "201902": "30.06",
        "201903": "30.38",
        "201904": "31.52",
        "201905": "31.14",
        "201906": "32.04",
        "201907": "34.88",
        "201908": "33.10",
        "201909": "34.58",
        "201910": "33.70",
        "201911": "33.42",
        "201912": "33.60",
        "202001": "32.12",
        "202002": "29.72",
        "202003": "26.44",
        "202004": "28.07",
        "202005": "28.76",
        "202006": "30.81",
        "202007": "28.75",
        "202008": "29.06",
        "202009": "29.60",
        "202010": "30.00",
        "202011": "29.84",
        "202012": "33.29",
        "202101": "34.84",
        "202102": "33.89",
        "202103": "37.38",
        "202104": "52.78",
        "202105": "57.28",
        "202106": "67.86",
        "202107": "70.86",
        "202108": "65.12",
        "202109": "63.71",
        "202110": "59.62",
        "202111": "53.86",
        "202112": "60.08",
        "202201": "57.24",
        "202202": "59.67",
        "202203": "61.51",
        "202204": "61.93",
        "202205": "61.66",
        "202206": "51.43",
        "202207": "40.68",
        "202208": "40.93",
        "202209": "38.48",
        "202210": "36.64",
        "202211": "41.11",
        "202212": "48.16",
        "202301": "48.37",
        "202302": "51.90",
        "202303": "57.12",
        "202304": "55.76",
        "202305": "52.50",
        "202306": "48.64",
        "202307": "43.95",
        "202308": "44.62",
        "202309": "47.30",
        "202310": "45.79",
        "202311": "46.07",
        "202312": "52.93"
    },
    "quarters": {
        "20011": {
            "year_quarter": 20011,
            "year": 2001,
            "quarter": 1,
            "eps": null,
            "eps_growth_year": null,
            "eps_4q": null,
            "eps_4q_growth_year": null,
            "roe": null,
            "roe_4q": 0,
            "gross_profit": null,
            "gross_margin": null,
            "gross_margin_4q_avg": 0,
            "net_income": null,
            "net_income_4q": null,
            "revenue": null,
            "revenue_4q": null,
            "common_shares": null,
            "book_valuer_per_share": null,
            "book_valuer_per_share_4q_avg": 0,
            "equity": null,
            "current_ratio": null,
            "debt_ratio": null,
            "inventory_turnover_ratio": null,
            "account_receivable_turnover_ratio": null,
            "reinvestment_rate": null,
            "research_to_sale_ratio": null,
            "price_fair": 0,
            "eps_avg_yearly": 0,
            "eps_latest_yearly": 0,
            "eps_growth_yearly": 0
        },
        "20012": {
            "year_quarter": 20012,
            "year": 2001,
            "quarter": 2,
            "eps": null,
            "eps_growth_year": null,
            "eps_4q": null,
            "eps_4q_growth_year": null,
            "roe": null,
            "roe_4q": 0,
            "gross_profit": null,
            "gross_margin": null,
            "gross_margin_4q_avg": 0,
            "net_income": null,
            "net_income_4q": null,
            "revenue": null,
            "revenue_4q": null,
            "common_shares": null,
            "book_valuer_per_share": null,
            "book_valuer_per_share_4q_avg": 0,
            "equity": null,
            "current_ratio": null,
            "debt_ratio": null,
            "inventory_turnover_ratio": null,
            "account_receivable_turnover_ratio": null,
            "reinvestment_rate": null,
            "research_to_sale_ratio": null,
            "price_fair": 0,
            "eps_avg_yearly": 0,
            "eps_latest_yearly": 0,
            "eps_growth_yearly": 0
        },
        "20013": {
            "year_quarter": 20013,
            "year": 2001,
            "quarter": 3,
            "eps": null,
            "eps_growth_year": null,
            "eps_4q": null,
            "eps_4q_growth_year": null,
            "roe": null,
            "roe_4q": 0,
            "gross_profit": null,
            "gross_margin": null,
            "gross_margin_4q_avg": 0,
            "net_income": null,
            "net_income_4q": null,
            "revenue": null,
            "revenue_4q": null,
            "common_shares": null,
            "book_valuer_per_share": null,
            "book_valuer_per_share_4q_avg": 0,
            "equity": null,
            "current_ratio": null,
            "debt_ratio": null,
            "inventory_turnover_ratio": null,
            "account_receivable_turnover_ratio": null,
            "reinvestment_rate": null,
            "research_to_sale_ratio": null,
            "price_fair": 0,
            "eps_avg_yearly": 0,
            "eps_latest_yearly": 0,
            "eps_growth_yearly": 0
        },
        "20014": {
            "year_quarter": 20014,
            "year": 2001,
            "quarter": 4,
            "eps": null,
            "eps_growth_year": null,
            "eps_4q": null,
            "eps_4q_growth_year": null,
            "roe": null,
            "roe_4q": 0,
            "gross_profit": null,
            "gross_margin": null,
            "gross_margin_4q_avg": 0,
            "net_income": null,
            "net_income_4q": null,
            "revenue": null,
            "revenue_4q": null,
            "common_shares": 6352342,
            "book_valuer_per_share": 13.92,
            "book_valuer_per_share_4q_avg": 3.48,
            "equity": 8843378,
            "current_ratio": 134.79,
            "debt_ratio": 52.35,
            "inventory_turnover_ratio": null,
            "account_receivable_turnover_ratio": null,
            "reinvestment_rate": null,
            "research_to_sale_ratio": null,
            "price_fair": 0,
            "eps_avg_yearly": 0,
            "eps_latest_yearly": 0,
            "eps_growth_yearly": 0
        },
        "20021": {
            "year_quarter": 20021,
            "year": 2002,
            "quarter": 1,
            "eps": 0.01,
            "eps_growth_year": null,
            "eps_4q": null,
            "eps_4q_growth_year": null,
            "roe": 0.04,
            "roe_4q": 0.04,
            "gross_profit": 83701,
            "gross_margin": 13.82,
            "gross_margin_4q_avg": 3.46,
            "net_income": 3386,
            "net_income_4q": null,
            "revenue": 605703,
            "revenue_4q": null,
            "common_shares": 6217512,
            "book_valuer_per_share": 14.19,
            "book_valuer_per_share_4q_avg": 7.03,
            "equity": 8824809,
            "current_ratio": 117.4,
            "debt_ratio": 31.51,
            "inventory_turnover_ratio": null,
            "account_receivable_turnover_ratio": null,
            "reinvestment_rate": null,
            "research_to_sale_ratio": null,
            "price_fair": 0,
            "eps_avg_yearly": 0,
            "eps_latest_yearly": 0,
            "eps_growth_yearly": 0
        },
        "20022": {
            "year_quarter": 20022,
            "year": 2002,
            "quarter": 2,
            "eps": 0.02,
            "eps_growth_year": null,
            "eps_4q": null,
            "eps_4q_growth_year": null,
            "roe": 0.17,
            "roe_4q": 0.21000000000000002,
            "gross_profit": 71311,
            "gross_margin": 12.47,
            "gross_margin_4q_avg": 6.57,
            "net_income": 14373,
            "net_income_4q": null,
            "revenue": 571812,
            "revenue_4q": null,
            "common_shares": 6217512,
            "book_valuer_per_share": 13.26,
            "book_valuer_per_share_4q_avg": 10.34,
            "equity": 8243159,
            "current_ratio": 148.86,
            "debt_ratio": 39.05,
            "inventory_turnover_ratio": null,
            "account_receivable_turnover_ratio": null,
            "reinvestment_rate": null,
            "research_to_sale_ratio": null,
            "price_fair": 2.8,
            "eps_avg_yearly": 0.08,
            "eps_latest_yearly": 0.08,
            "eps_growth_yearly": 400
        },
        "20023": {
            "year_quarter": 20023,
            "year": 2002,
            "quarter": 3,
            "eps": -0.03,
            "eps_growth_year": null,
            "eps_4q": null,
            "eps_4q_growth_year": null,
            "roe": -0.23,
            "roe_4q": -0.019999999999999997,
            "gross_profit": 33544,
            "gross_margin": 5.64,
            "gross_margin_4q_avg": 7.98,
            "net_income": -19108,
            "net_income_4q": null,
            "revenue": 594425,
            "revenue_4q": null,
            "common_shares": 6217512,
            "book_valuer_per_share": 13.4,
            "book_valuer_per_share_4q_avg": 13.69,
            "equity": 8331022,
            "current_ratio": 144.86,
            "debt_ratio": 34.33,
            "inventory_turnover_ratio": null,
            "account_receivable_turnover_ratio": null,
            "reinvestment_rate": null,
            "research_to_sale_ratio": null,
            "price_fair": 2.8,
            "eps_avg_yearly": 0.08,
            "eps_latest_yearly": 0.08,
            "eps_growth_yearly": 400
        },
        "20024": {
            "year_quarter": 20024,
            "year": 2002,
            "quarter": 4,
            "eps": 0.37,
            "eps_growth_year": null,
            "eps_4q": 0.37,
            "eps_4q_growth_year": null,
            "roe": 2.68,
            "roe_4q": 2.66,
            "gross_profit": 83160,
            "gross_margin": 13.44,
            "gross_margin_4q_avg": 11.34,
            "net_income": 228193,
            "net_income_4q": null,
            "revenue": 618536,
            "revenue_4q": null,
            "common_shares": 6217512,
            "book_valuer_per_share": 13.96,
            "book_valuer_per_share_4q_avg": 13.7,
            "equity": 8680401,
            "current_ratio": 140.68,
            "debt_ratio": 52.54,
            "inventory_turnover_ratio": null,
            "account_receivable_turnover_ratio": null,
            "reinvestment_rate": null,
            "research_to_sale_ratio": null,
            "price_fair": 2.8,
            "eps_avg_yearly": 0.08,
            "eps_latest_yearly": 0.08,
            "eps_growth_yearly": 400
        },
        "20031": {
            "year_quarter": 20031,
            "year": 2003,
            "quarter": 1,
            "eps": 0.34,
            "eps_growth_year": 3300,
            "eps_4q": 0.7,
            "eps_4q_growth_year": null,
            "roe": 2.39,
            "roe_4q": 5.01,
            "gross_profit": 115573,
            "gross_margin": 17.14,
            "gross_margin_4q_avg": 12.17,
            "net_income": 211368,
            "net_income_4q": null,
            "revenue": 674120,
            "revenue_4q": null,
            "common_shares": 6217512,
            "book_valuer_per_share": 14.53,
            "book_valuer_per_share_4q_avg": 13.79,
            "equity": 9031262,
            "current_ratio": 128.21,
            "debt_ratio": 31.85,
            "inventory_turnover_ratio": null,
            "account_receivable_turnover_ratio": null,
            "reinvestment_rate": null,
            "research_to_sale_ratio": null,
            "price_fair": 25.2,
            "eps_avg_yearly": 0.72,
            "eps_latest_yearly": 1.36,
            "eps_growth_yearly": 183.78
        },
        "20032": {
            "year_quarter": 20032,
            "year": 2003,
            "quarter": 2,
            "eps": 0.67,
            "eps_growth_year": 3250,
            "eps_4q": 1.35,
            "eps_4q_growth_year": null,
            "roe": 4.55,
            "roe_4q": 9.389999999999999,
            "gross_profit": 189439,
            "gross_margin": 24.25,
            "gross_margin_4q_avg": 15.12,
            "net_income": 414424,
            "net_income_4q": null,
            "revenue": 781332,
            "revenue_4q": null,
            "common_shares": 6217512,
            "book_valuer_per_share": 14.79,
            "book_valuer_per_share_4q_avg": 14.17,
            "equity": 9196461,
            "current_ratio": 120.82,
            "debt_ratio": 31.65,
            "inventory_turnover_ratio": null,
            "account_receivable_turnover_ratio": null,
            "reinvestment_rate": null,
            "research_to_sale_ratio": null,
            "price_fair": 48.07,
            "eps_avg_yearly": 1.37,
            "eps_latest_yearly": 2.68,
            "eps_growth_yearly": 251.93
        },
        "20033": {
            "year_quarter": 20033,
            "year": 2003,
            "quarter": 3,
            "eps": 0.7,
            "eps_growth_year": null,
            "eps_4q": 2.08,
            "eps_4q_growth_year": null,
            "roe": 4.63,
            "roe_4q": 14.25,
            "gross_profit": 148753,
            "gross_margin": 19.81,
            "gross_margin_4q_avg": 18.66,
            "net_income": 432714,
            "net_income_4q": null,
            "revenue": 751056,
            "revenue_4q": null,
            "common_shares": 6217512,
            "book_valuer_per_share": 15.25,
            "book_valuer_per_share_4q_avg": 14.63,
            "equity": 9482927,
            "current_ratio": 110.36,
            "debt_ratio": 28.2,
            "inventory_turnover_ratio": null,
            "account_receivable_turnover_ratio": null,
            "reinvestment_rate": null,
            "research_to_sale_ratio": null,
            "price_fair": 60.55,
            "eps_avg_yearly": 1.73,
            "eps_latest_yearly": 2.8,
            "eps_growth_yearly": 193.43
        },
        "20034": {
            "year_quarter": 20034,
            "year": 2003,
            "quarter": 4,
            "eps": 2,
            "eps_growth_year": 440.54,
            "eps_4q": 3.71,
            "eps_4q_growth_year": 907.65,
            "roe": 12.26,
            "roe_4q": 23.830000000000002,
            "gross_profit": 380542,
            "gross_margin": 44.65,
            "gross_margin_4q_avg": 26.46,
            "net_income": 1240726,
            "net_income_4q": null,
            "revenue": 852322,
            "revenue_4q": null,
            "common_shares": 6217512,
            "book_valuer_per_share": 17.31,
            "book_valuer_per_share_4q_avg": 15.47,
            "equity": 10760178,
            "current_ratio": 180.5,
            "debt_ratio": 42.64,
            "inventory_turnover_ratio": null,
            "account_receivable_turnover_ratio": null,
            "reinvestment_rate": null,
            "research_to_sale_ratio": null,
            "price_fair": 104.44,
            "eps_avg_yearly": 2.98,
            "eps_latest_yearly": 8,
            "eps_growth_yearly": 303.31
        },
        "20041": {
            "year_quarter": 20041,
            "year": 2004,
            "quarter": 1,
            "eps": 2.87,
            "eps_growth_year": 744.12,
            "eps_4q": 6.23,
            "eps_4q_growth_year": 790.78,
            "roe": 15.44,
            "roe_4q": 36.879999999999995,
            "gross_profit": 515524,
            "gross_margin": 50.26,
            "gross_margin_4q_avg": 34.74,
            "net_income": 1783106,
            "net_income_4q": null,
            "revenue": 1025615,
            "revenue_4q": null,
            "common_shares": 6217512,
            "book_valuer_per_share": 19.84,
            "book_valuer_per_share_4q_avg": 16.8,
            "equity": 12335424,
            "current_ratio": 132.95,
            "debt_ratio": 14.54,
            "inventory_turnover_ratio": null,
            "account_receivable_turnover_ratio": null,
            "reinvestment_rate": null,
            "research_to_sale_ratio": null,
            "price_fair": 154,
            "eps_avg_yearly": 4.4,
            "eps_latest_yearly": 11.48,
            "eps_growth_yearly": 281.76
        },
        "20042": {
            "year_quarter": 20042,
            "year": 2004,
            "quarter": 2,
            "eps": 2.41,
            "eps_growth_year": 259.7,
            "eps_4q": 7.24,
            "eps_4q_growth_year": 436.5,
            "roe": 13.63,
            "roe_4q": 45.96,
            "gross_profit": 442731,
            "gross_margin": 40.8,
            "gross_margin_4q_avg": 38.88,
            "net_income": 1724196,
            "net_income_4q": null,
            "revenue": 1085037,
            "revenue_4q": null,
            "common_shares": 6217512,
            "book_valuer_per_share": 20.85,
            "book_valuer_per_share_4q_avg": 18.31,
            "equity": 12964648,
            "current_ratio": 115.77,
            "debt_ratio": 23.76,
            "inventory_turnover_ratio": null,
            "account_receivable_turnover_ratio": null,
            "reinvestment_rate": null,
            "research_to_sale_ratio": null,
            "price_fair": 180.2,
            "eps_avg_yearly": 5.15,
            "eps_latest_yearly": 9.64,
            "eps_growth_yearly": 232.35
        },
        "20043": {
            "year_quarter": 20043,
            "year": 2004,
            "quarter": 3,
            "eps": 2.35,
            "eps_growth_year": 235.71,
            "eps_4q": 9,
            "eps_4q_growth_year": 332.55,
            "roe": 12.12,
            "roe_4q": 53.449999999999996,
            "gross_profit": 358209,
            "gross_margin": 35.3,
            "gross_margin_4q_avg": 42.75,
            "net_income": 1676997,
            "net_income_4q": null,
            "revenue": 1014709,
            "revenue_4q": null,
            "common_shares": 7150139,
            "book_valuer_per_share": 20.57,
            "book_valuer_per_share_4q_avg": 19.64,
            "equity": 14704565,
            "current_ratio": 143.86,
            "debt_ratio": 13.2,
            "inventory_turnover_ratio": null,
            "account_receivable_turnover_ratio": null,
            "reinvestment_rate": null,
            "research_to_sale_ratio": null,
            "price_fair": 198.8,
            "eps_avg_yearly": 5.68,
            "eps_latest_yearly": 9.4,
            "eps_growth_yearly": 202.06
        },
        "20044": {
            "year_quarter": 20044,
            "year": 2004,
            "quarter": 4,
            "eps": 2.32,
            "eps_growth_year": 16,
            "eps_4q": 9.57,
            "eps_4q_growth_year": 158.33,
            "roe": 10.96,
            "roe_4q": 52.15,
            "gross_profit": 379538,
            "gross_margin": 26.37,
            "gross_margin_4q_avg": 38.18,
            "net_income": 1657941,
            "net_income_4q": null,
            "revenue": 1439383,
            "revenue_4q": null,
            "common_shares": 7150139,
            "book_valuer_per_share": 21.75,
            "book_valuer_per_share_4q_avg": 20.75,
            "equity": 15554791,
            "current_ratio": 284.41,
            "debt_ratio": 28.41,
            "inventory_turnover_ratio": null,
            "account_receivable_turnover_ratio": null,
            "reinvestment_rate": null,
            "research_to_sale_ratio": null,
            "price_fair": 212.8,
            "eps_avg_yearly": 6.08,
            "eps_latest_yearly": 9.28,
            "eps_growth_yearly": 179.04
        },
        "20051": {
            "year_quarter": 20051,
            "year": 2005,
            "quarter": 1,
            "eps": 2.62,
            "eps_growth_year": -8.71,
            "eps_4q": 9.7,
            "eps_4q_growth_year": 55.68,
            "roe": 11.37,
            "roe_4q": 48.08,
            "gross_profit": 346510,
            "gross_margin": 30.04,
            "gross_margin_4q_avg": 33.13,
            "net_income": 1872258,
            "net_income_4q": null,
            "revenue": 1153535,
            "revenue_4q": null,
            "common_shares": 7150139,
            "book_valuer_per_share": 24.29,
            "book_valuer_per_share_4q_avg": 21.87,
            "equity": 17365798,
            "current_ratio": 128.6,
            "debt_ratio": 10.75,
            "inventory_turnover_ratio": null,
            "account_receivable_turnover_ratio": null,
            "reinvestment_rate": null,
            "research_to_sale_ratio": null,
            "price_fair": 228.2,
            "eps_avg_yearly": 6.52,
            "eps_latest_yearly": 10.48,
            "eps_growth_yearly": 166.31
        },
        "20052": {
            "year_quarter": 20052,
            "year": 2005,
            "quarter": 2,
            "eps": 2.58,
            "eps_growth_year": 7.05,
            "eps_4q": 9.86,
            "eps_4q_growth_year": 36.11,
            "roe": 10.97,
            "roe_4q": 45.419999999999995,
            "gross_profit": 309009,
            "gross_margin": 35.79,
            "gross_margin_4q_avg": 31.88,
            "net_income": 1846435,
            "net_income_4q": null,
            "revenue": 863330,
            "revenue_4q": null,
            "common_shares": 7150139,
            "book_valuer_per_share": 22.8,
            "book_valuer_per_share_4q_avg": 22.35,
            "equity": 16305644,
            "current_ratio": 106.79,
            "debt_ratio": 31.12,
            "inventory_turnover_ratio": null,
            "account_receivable_turnover_ratio": null,
            "reinvestment_rate": null,
            "research_to_sale_ratio": null,
            "price_fair": 240.29,
            "eps_avg_yearly": 6.87,
            "eps_latest_yearly": 10.32,
            "eps_growth_yearly": 150.64
        },
        "20053": {
            "year_quarter": 20053,
            "year": 2005,
            "quarter": 3,
            "eps": 1.32,
            "eps_growth_year": -43.83,
            "eps_4q": 7.59,
            "eps_4q_growth_year": -15.67,
            "roe": 6.56,
            "roe_4q": 39.86,
            "gross_profit": 95087,
            "gross_margin": 14.8,
            "gross_margin_4q_avg": 26.75,
            "net_income": 1131500,
            "net_income_4q": null,
            "revenue": 642277,
            "revenue_4q": null,
            "common_shares": 8580166,
            "book_valuer_per_share": 21.21,
            "book_valuer_per_share_4q_avg": 22.51,
            "equity": 18202720,
            "current_ratio": 181.06,
            "debt_ratio": 19.84,
            "inventory_turnover_ratio": null,
            "account_receivable_turnover_ratio": null,
            "reinvestment_rate": null,
            "research_to_sale_ratio": null,
            "price_fair": 235.67,
            "eps_avg_yearly": 6.73,
            "eps_latest_yearly": 5.28,
            "eps_growth_yearly": 121.81
        },
        "20054": {
            "year_quarter": 20054,
            "year": 2005,
            "quarter": 4,
            "eps": 1.36,
            "eps_growth_year": -41.38,
            "eps_4q": 7.01,
            "eps_4q_growth_year": -26.74,
            "roe": 6.24,
            "roe_4q": 35.14,
            "gross_profit": 104847,
            "gross_margin": 13.75,
            "gross_margin_4q_avg": 23.6,
            "net_income": 1166526,
            "net_income_4q": null,
            "revenue": 762420,
            "revenue_4q": null,
            "common_shares": 8580166,
            "book_valuer_per_share": 22.39,
            "book_valuer_per_share_4q_avg": 22.67,
            "equity": 19208734,
            "current_ratio": 395.03,
            "debt_ratio": 22.96,
            "inventory_turnover_ratio": null,
            "account_receivable_turnover_ratio": null,
            "reinvestment_rate": -25.6,
            "research_to_sale_ratio": null,
            "price_fair": 232.18,
            "eps_avg_yearly": 6.63,
            "eps_latest_yearly": 5.44,
            "eps_growth_yearly": 113.37
        },
        "20061": {
            "year_quarter": 20061,
            "year": 2006,
            "quarter": 1,
            "eps": 0.93,
            "eps_growth_year": -64.5,
            "eps_4q": 5.74,
            "eps_4q_growth_year": -40.77,
            "roe": 4.12,
            "roe_4q": 27.89,
            "gross_profit": 96236,
            "gross_margin": 15.78,
            "gross_margin_4q_avg": 20.03,
            "net_income": 800528,
            "net_income_4q": null,
            "revenue": 609713,
            "revenue_4q": null,
            "common_shares": 8580166,
            "book_valuer_per_share": 22.93,
            "book_valuer_per_share_4q_avg": 22.33,
            "equity": 19672669,
            "current_ratio": 542.05,
            "debt_ratio": 7.12,
            "inventory_turnover_ratio": null,
            "account_receivable_turnover_ratio": null,
            "reinvestment_rate": -21.9,
            "research_to_sale_ratio": null,
            "price_fair": 224.9,
            "eps_avg_yearly": 6.43,
            "eps_latest_yearly": 3.72,
            "eps_growth_yearly": 96.24
        },
        "20062": {
            "year_quarter": 20062,
            "year": 2006,
            "quarter": 2,
            "eps": 1.19,
            "eps_growth_year": -53.88,
            "eps_4q": 4.79,
            "eps_4q_growth_year": -51.43,
            "roe": 5.64,
            "roe_4q": 22.56,
            "gross_profit": 110273,
            "gross_margin": 18.51,
            "gross_margin_4q_avg": 15.71,
            "net_income": 1025140,
            "net_income_4q": null,
            "revenue": 595868,
            "revenue_4q": null,
            "common_shares": 8580166,
            "book_valuer_per_share": 19.47,
            "book_valuer_per_share_4q_avg": 21.5,
            "equity": 16702794,
            "current_ratio": 70.43,
            "debt_ratio": 34.77,
            "inventory_turnover_ratio": null,
            "account_receivable_turnover_ratio": null,
            "reinvestment_rate": -20.17,
            "research_to_sale_ratio": null,
            "price_fair": 236.6,
            "eps_avg_yearly": 6.76,
            "eps_latest_yearly": 4.76,
            "eps_growth_yearly": 75.65
        },
        "20063": {
            "year_quarter": 20063,
            "year": 2006,
            "quarter": 3,
            "eps": 1.81,
            "eps_growth_year": 37.12,
            "eps_4q": 5.29,
            "eps_4q_growth_year": -30.33,
            "roe": 8.78,
            "roe_4q": 24.78,
            "gross_profit": 99130,
            "gross_margin": 19.87,
            "gross_margin_4q_avg": 16.98,
            "net_income": 1556530,
            "net_income_4q": null,
            "revenue": 498892,
            "revenue_4q": null,
            "common_shares": 8580166,
            "book_valuer_per_share": 21.84,
            "book_valuer_per_share_4q_avg": 21.66,
            "equity": 18742821,
            "current_ratio": 110.04,
            "debt_ratio": 17.33,
            "inventory_turnover_ratio": null,
            "account_receivable_turnover_ratio": null,
            "reinvestment_rate": -16.97,
            "research_to_sale_ratio": null,
            "price_fair": 237.72,
            "eps_avg_yearly": 6.79,
            "eps_latest_yearly": 7.24,
            "eps_growth_yearly": 84.5
        },
        "20064": {
            "year_quarter": 20064,
            "year": 2006,
            "quarter": 4,
            "eps": 1.69,
            "eps_growth_year": 24.26,
            "eps_4q": 5.62,
            "eps_4q_growth_year": -19.84,
            "roe": 7.42,
            "roe_4q": 25.96,
            "gross_profit": 151605,
            "gross_margin": 29.64,
            "gross_margin_4q_avg": 20.95,
            "net_income": 1453473,
            "net_income_4q": null,
            "revenue": 511531,
            "revenue_4q": null,
            "common_shares": 8580166,
            "book_valuer_per_share": 23.8,
            "book_valuer_per_share_4q_avg": 22.01,
            "equity": 20421520,
            "current_ratio": 382.46,
            "debt_ratio": 26.07,
            "inventory_turnover_ratio": null,
            "account_receivable_turnover_ratio": null,
            "reinvestment_rate": -21.26,
            "research_to_sale_ratio": null,
            "price_fair": 237.65,
            "eps_avg_yearly": 6.79,
            "eps_latest_yearly": 6.76,
            "eps_growth_yearly": 77.56
        },
        "20071": {
            "year_quarter": 20071,
            "year": 2007,
            "quarter": 1,
            "eps": 1.77,
            "eps_growth_year": 90.32,
            "eps_4q": 6.47,
            "eps_4q_growth_year": 12.65,
            "roe": 7.07,
            "roe_4q": 28.91,
            "gross_profit": 132881,
            "gross_margin": 29.58,
            "gross_margin_4q_avg": 24.4,
            "net_income": 1519153,
            "net_income_4q": null,
            "revenue": 449176,
            "revenue_4q": null,
            "common_shares": 8580166,
            "book_valuer_per_share": 26.26,
            "book_valuer_per_share_4q_avg": 22.84,
            "equity": 22532824,
            "current_ratio": 144.57,
            "debt_ratio": 14.62,
            "inventory_turnover_ratio": null,
            "account_receivable_turnover_ratio": null,
            "reinvestment_rate": -13.32,
            "research_to_sale_ratio": null,
            "price_fair": 250.16,
            "eps_avg_yearly": 7.15,
            "eps_latest_yearly": 7.08,
            "eps_growth_yearly": 80.77
        },
        "20072": {
            "year_quarter": 20072,
            "year": 2007,
            "quarter": 2,
            "eps": 2.63,
            "eps_growth_year": 121.01,
            "eps_4q": 7.91,
            "eps_4q_growth_year": 65.17,
            "roe": 10.57,
            "roe_4q": 33.84,
            "gross_profit": 171360,
            "gross_margin": 35.54,
            "gross_margin_4q_avg": 28.66,
            "net_income": 2257492,
            "net_income_4q": null,
            "revenue": 482176,
            "revenue_4q": null,
            "common_shares": 8580166,
            "book_valuer_per_share": 23.53,
            "book_valuer_per_share_4q_avg": 23.86,
            "equity": 20190711,
            "current_ratio": 35.71,
            "debt_ratio": 29.47,
            "inventory_turnover_ratio": null,
            "account_receivable_turnover_ratio": null,
            "reinvestment_rate": -9.47,
            "research_to_sale_ratio": null,
            "price_fair": 267.31,
            "eps_avg_yearly": 7.64,
            "eps_latest_yearly": 10.52,
            "eps_growth_yearly": 68.66
        },
        "20073": {
            "year_quarter": 20073,
            "year": 2007,
            "quarter": 3,
            "eps": 2.91,
            "eps_growth_year": 60.77,
            "eps_4q": 9,
            "eps_4q_growth_year": 70.2,
            "roe": 11.52,
            "roe_4q": 36.58,
            "gross_profit": 233257,
            "gross_margin": 39.6,
            "gross_margin_4q_avg": 33.59,
            "net_income": 2498038,
            "net_income_4q": null,
            "revenue": 589006,
            "revenue_4q": null,
            "common_shares": 8580166,
            "book_valuer_per_share": 27,
            "book_valuer_per_share_4q_avg": 25.15,
            "equity": 23167788,
            "current_ratio": 45.33,
            "debt_ratio": 26.35,
            "inventory_turnover_ratio": null,
            "account_receivable_turnover_ratio": null,
            "reinvestment_rate": -8.41,
            "research_to_sale_ratio": null,
            "price_fair": 286.65,
            "eps_avg_yearly": 8.19,
            "eps_latest_yearly": 11.64,
            "eps_growth_yearly": 70.2
        },
        "20074": {
            "year_quarter": 20074,
            "year": 2007,
            "quarter": 4,
            "eps": 3.24,
            "eps_growth_year": 91.72,
            "eps_4q": 10.56,
            "eps_4q_growth_year": 87.82,
            "roe": 11.58,
            "roe_4q": 40.74,
            "gross_profit": 291412,
            "gross_margin": 41.38,
            "gross_margin_4q_avg": 36.53,
            "net_income": 2777122,
            "net_income_4q": null,
            "revenue": 704212,
            "revenue_4q": null,
            "common_shares": 8580166,
            "book_valuer_per_share": 28.91,
            "book_valuer_per_share_4q_avg": 26.43,
            "equity": 24803999,
            "current_ratio": 454.06,
            "debt_ratio": 31.35,
            "inventory_turnover_ratio": null,
            "account_receivable_turnover_ratio": null,
            "reinvestment_rate": -11.02,
            "research_to_sale_ratio": null,
            "price_fair": 297.5,
            "eps_avg_yearly": 8.5,
            "eps_latest_yearly": 12.96,
            "eps_growth_yearly": 26.61
        },
        "20081": {
            "year_quarter": 20081,
            "year": 2008,
            "quarter": 1,
            "eps": 3.22,
            "eps_growth_year": 81.92,
            "eps_4q": 12.01,
            "eps_4q_growth_year": 85.51,
            "roe": 10.73,
            "roe_4q": 44.4,
            "gross_profit": 2765687,
            "gross_margin": 61.97,
            "gross_margin_4q_avg": 44.62,
            "net_income": 2760941,
            "net_income_4q": null,
            "revenue": 4463048,
            "revenue_4q": null,
            "common_shares": 8580166,
            "book_valuer_per_share": 31.07,
            "book_valuer_per_share_4q_avg": 27.63,
            "equity": 26662529,
            "current_ratio": 490.44,
            "debt_ratio": 28.77,
            "inventory_turnover_ratio": null,
            "account_receivable_turnover_ratio": null,
            "reinvestment_rate": 22.25,
            "research_to_sale_ratio": null,
            "price_fair": 219.63,
            "eps_avg_yearly": 8.59,
            "eps_latest_yearly": 12.88,
            "eps_growth_yearly": 15.58
        },
        "20082": {
            "year_quarter": 20082,
            "year": 2008,
            "quarter": 2,
            "eps": 3.26,
            "eps_growth_year": 23.95,
            "eps_4q": 12.64,
            "eps_4q_growth_year": 59.81,
            "roe": 11.72,
            "roe_4q": 45.55,
            "gross_profit": 3095984,
            "gross_margin": 65.13,
            "gross_margin_4q_avg": 52.02,
            "net_income": 2794308,
            "net_income_4q": null,
            "revenue": 4753651,
            "revenue_4q": null,
            "common_shares": 8580166,
            "book_valuer_per_share": 24.51,
            "book_valuer_per_share_4q_avg": 27.87,
            "equity": 21032421,
            "current_ratio": 218.1,
            "debt_ratio": 44.11,
            "inventory_turnover_ratio": null,
            "account_receivable_turnover_ratio": null,
            "reinvestment_rate": 20.5,
            "research_to_sale_ratio": null,
            "price_fair": 263.06,
            "eps_avg_yearly": 8.8,
            "eps_latest_yearly": 13.04,
            "eps_growth_yearly": 19.89
        },
        "20083": {
            "year_quarter": 20083,
            "year": 2008,
            "quarter": 3,
            "eps": 3.42,
            "eps_growth_year": 17.53,
            "eps_4q": 13.13,
            "eps_4q_growth_year": 45.86,
            "roe": 12.95,
            "roe_4q": 46.980000000000004,
            "gross_profit": 3176533,
            "gross_margin": 65.45,
            "gross_margin_4q_avg": 58.48,
            "net_income": 2934454,
            "net_income_4q": null,
            "revenue": 4853445,
            "revenue_4q": null,
            "common_shares": 8580166,
            "book_valuer_per_share": 28.33,
            "book_valuer_per_share_4q_avg": 28.21,
            "equity": 24304106,
            "current_ratio": 249.09,
            "debt_ratio": 38.85,
            "inventory_turnover_ratio": null,
            "account_receivable_turnover_ratio": null,
            "reinvestment_rate": 18.69,
            "research_to_sale_ratio": null,
            "price_fair": 287.83,
            "eps_avg_yearly": 9.07,
            "eps_latest_yearly": 13.68,
            "eps_growth_yearly": 21.74
        },
        "20084": {
            "year_quarter": 20084,
            "year": 2008,
            "quarter": 4,
            "eps": 2.27,
            "eps_growth_year": -29.94,
            "eps_4q": 12.17,
            "eps_4q_growth_year": 15.24,
            "roe": 7.62,
            "roe_4q": 43.019999999999996,
            "gross_profit": 2416619,
            "gross_margin": 59.98,
            "gross_margin_4q_avg": 63.13,
            "net_income": 1946623,
            "net_income_4q": null,
            "revenue": 4029239,
            "revenue_4q": null,
            "common_shares": 8580166,
            "book_valuer_per_share": 31.22,
            "book_valuer_per_share_4q_avg": 28.78,
            "equity": 26790675,
            "current_ratio": 429,
            "debt_ratio": 34.41,
            "inventory_turnover_ratio": null,
            "account_receivable_turnover_ratio": 27.18,
            "reinvestment_rate": -2.63,
            "research_to_sale_ratio": null,
            "price_fair": 214.2,
            "eps_avg_yearly": 9.06,
            "eps_latest_yearly": 9.08,
            "eps_growth_yearly": 13.66
        },
        "20091": {
            "year_quarter": 20091,
            "year": 2009,
            "quarter": 1,
            "eps": 1.54,
            "eps_growth_year": -52.17,
            "eps_4q": 10.5,
            "eps_4q_growth_year": -12.51,
            "roe": 4.67,
            "roe_4q": 36.96,
            "gross_profit": 1211431,
            "gross_margin": 46.27,
            "gross_margin_4q_avg": 59.21,
            "net_income": 1318733,
            "net_income_4q": null,
            "revenue": 2617989,
            "revenue_4q": null,
            "common_shares": 8580166,
            "book_valuer_per_share": 34.66,
            "book_valuer_per_share_4q_avg": 29.68,
            "equity": 29736010,
            "current_ratio": 444.82,
            "debt_ratio": 33.1,
            "inventory_turnover_ratio": null,
            "account_receivable_turnover_ratio": 7.75,
            "reinvestment_rate": 27.72,
            "research_to_sale_ratio": null,
            "price_fair": 108.79,
            "eps_avg_yearly": 8.79,
            "eps_latest_yearly": 6.16,
            "eps_growth_yearly": 2.38
        },
        "20092": {
            "year_quarter": 20092,
            "year": 2009,
            "quarter": 2,
            "eps": 1.41,
            "eps_growth_year": -56.75,
            "eps_4q": 8.64,
            "eps_4q_growth_year": -31.65,
            "roe": 4.36,
            "roe_4q": 29.6,
            "gross_profit": 1422247,
            "gross_margin": 47.64,
            "gross_margin_4q_avg": 54.84,
            "net_income": 1209675,
            "net_income_4q": null,
            "revenue": 2985713,
            "revenue_4q": null,
            "common_shares": 8580166,
            "book_valuer_per_share": 29.95,
            "book_valuer_per_share_4q_avg": 31.04,
            "equity": 25693379,
            "current_ratio": 246.99,
            "debt_ratio": 43.68,
            "inventory_turnover_ratio": null,
            "account_receivable_turnover_ratio": 6.94,
            "reinvestment_rate": 28.85,
            "research_to_sale_ratio": null,
            "price_fair": 84.93,
            "eps_avg_yearly": 8.49,
            "eps_latest_yearly": 5.64,
            "eps_growth_yearly": 0.65
        },
        "20093": {
            "year_quarter": 20093,
            "year": 2009,
            "quarter": 3,
            "eps": 1.95,
            "eps_growth_year": -42.98,
            "eps_4q": 7.15,
            "eps_4q_growth_year": -45.53,
            "roe": 6.42,
            "roe_4q": 23.07,
            "gross_profit": 1481007,
            "gross_margin": 42.8,
            "gross_margin_4q_avg": 49.17,
            "net_income": 1677278,
            "net_income_4q": null,
            "revenue": 3460040,
            "revenue_4q": null,
            "common_shares": 8580166,
            "book_valuer_per_share": 30.92,
            "book_valuer_per_share_4q_avg": 31.69,
            "equity": 26530633,
            "current_ratio": 443.09,
            "debt_ratio": 40.45,
            "inventory_turnover_ratio": null,
            "account_receivable_turnover_ratio": 7.13,
            "reinvestment_rate": 35.38,
            "research_to_sale_ratio": null,
            "price_fair": 280.59,
            "eps_avg_yearly": 8.65,
            "eps_latest_yearly": 7.8,
            "eps_growth_yearly": 22.44
        },
        "20094": {
            "year_quarter": 20094,
            "year": 2009,
            "quarter": 4,
            "eps": 1.7,
            "eps_growth_year": -25.11,
            "eps_4q": 6.6,
            "eps_4q_growth_year": -45.76,
            "roe": 5.33,
            "roe_4q": 20.78,
            "gross_profit": 1614508,
            "gross_margin": 47.09,
            "gross_margin_4q_avg": 45.95,
            "net_income": 1458145,
            "net_income_4q": null,
            "revenue": 3428518,
            "revenue_4q": null,
            "common_shares": 8580166,
            "book_valuer_per_share": 32.85,
            "book_valuer_per_share_4q_avg": 32.1,
            "equity": 28182803,
            "current_ratio": 374.21,
            "debt_ratio": 39.12,
            "inventory_turnover_ratio": 12.92,
            "account_receivable_turnover_ratio": 12.3,
            "reinvestment_rate": 11.27,
            "research_to_sale_ratio": null,
            "price_fair": 248.73,
            "eps_avg_yearly": 8.74,
            "eps_latest_yearly": 6.8,
            "eps_growth_yearly": 18.48
        },
        "20101": {
            "year_quarter": 20101,
            "year": 2010,
            "quarter": 1,
            "eps": 2.6,
            "eps_growth_year": 68.83,
            "eps_4q": 7.67,
            "eps_4q_growth_year": -27.01,
            "roe": 7.73,
            "roe_4q": 23.84,
            "gross_profit": 1419356,
            "gross_margin": 46.93,
            "gross_margin_4q_avg": 46.12,
            "net_income": 2233136,
            "net_income_4q": null,
            "revenue": 3024263,
            "revenue_4q": null,
            "common_shares": 8580166,
            "book_valuer_per_share": 34.53,
            "book_valuer_per_share_4q_avg": 32.06,
            "equity": 29627231,
            "current_ratio": 447.13,
            "debt_ratio": 37.17,
            "inventory_turnover_ratio": 5.63,
            "account_receivable_turnover_ratio": 5.46,
            "reinvestment_rate": 39.04,
            "research_to_sale_ratio": null,
            "price_fair": 320.34,
            "eps_avg_yearly": 9.15,
            "eps_latest_yearly": 10.4,
            "eps_growth_yearly": 39.62
        },
        "20102": {
            "year_quarter": 20102,
            "year": 2010,
            "quarter": 2,
            "eps": 2.07,
            "eps_growth_year": 46.66,
            "eps_4q": 8.32,
            "eps_4q_growth_year": -3.61,
            "roe": 6.22,
            "roe_4q": 25.700000000000003,
            "gross_profit": 1437438,
            "gross_margin": 47.16,
            "gross_margin_4q_avg": 46,
            "net_income": 1774270,
            "net_income_4q": null,
            "revenue": 3047958,
            "revenue_4q": null,
            "common_shares": 8580166,
            "book_valuer_per_share": 31.96,
            "book_valuer_per_share_4q_avg": 32.57,
            "equity": 27424265,
            "current_ratio": 264.2,
            "debt_ratio": 39.86,
            "inventory_turnover_ratio": 6.88,
            "account_receivable_turnover_ratio": 5.51,
            "reinvestment_rate": 39.91,
            "research_to_sale_ratio": null,
            "price_fair": 328.04,
            "eps_avg_yearly": 9.37,
            "eps_latest_yearly": 8.28,
            "eps_growth_yearly": 27.53
        },
        "20103": {
            "year_quarter": 20103,
            "year": 2010,
            "quarter": 3,
            "eps": 1.66,
            "eps_growth_year": -14.98,
            "eps_4q": 8.03,
            "eps_4q_growth_year": 12.23,
            "roe": 5.07,
            "roe_4q": 24.35,
            "gross_profit": 1370915,
            "gross_margin": 48.69,
            "gross_margin_4q_avg": 47.47,
            "net_income": 1422418,
            "net_income_4q": null,
            "revenue": 2815760,
            "revenue_4q": null,
            "common_shares": 8580166,
            "book_valuer_per_share": 33.45,
            "book_valuer_per_share_4q_avg": 33.2,
            "equity": 28697147,
            "current_ratio": 290.74,
            "debt_ratio": 38.84,
            "inventory_turnover_ratio": 8.16,
            "account_receivable_turnover_ratio": 4.09,
            "reinvestment_rate": 47.16,
            "research_to_sale_ratio": null,
            "price_fair": 182.53,
            "eps_avg_yearly": 9.34,
            "eps_latest_yearly": 6.64,
            "eps_growth_yearly": 9.55
        },
        "20104": {
            "year_quarter": 20104,
            "year": 2010,
            "quarter": 4,
            "eps": 1.45,
            "eps_growth_year": -14.74,
            "eps_4q": 7.78,
            "eps_4q_growth_year": 17.83,
            "roe": 4.41,
            "roe_4q": 23.43,
            "gross_profit": 1212694,
            "gross_margin": 48.84,
            "gross_margin_4q_avg": 47.91,
            "net_income": 1243676,
            "net_income_4q": null,
            "revenue": 2483146,
            "revenue_4q": null,
            "common_shares": 8580166,
            "book_valuer_per_share": 32.28,
            "book_valuer_per_share_4q_avg": 33.06,
            "equity": 27700068,
            "current_ratio": 273.46,
            "debt_ratio": 40.53,
            "inventory_turnover_ratio": 7.2,
            "account_receivable_turnover_ratio": 4.26,
            "reinvestment_rate": 20.4,
            "research_to_sale_ratio": null,
            "price_fair": 167.39,
            "eps_avg_yearly": 9.28,
            "eps_latest_yearly": 5.8,
            "eps_growth_yearly": 8.05
        },
        "20111": {
            "year_quarter": 20111,
            "year": 2011,
            "quarter": 1,
            "eps": 0.73,
            "eps_growth_year": -71.92,
            "eps_4q": 5.91,
            "eps_4q_growth_year": -22.98,
            "roe": 2.22,
            "roe_4q": 17.92,
            "gross_profit": 741217,
            "gross_margin": 36.76,
            "gross_margin_4q_avg": 45.36,
            "net_income": 626263,
            "net_income_4q": null,
            "revenue": 2016254,
            "revenue_4q": null,
            "common_shares": 8580166,
            "book_valuer_per_share": 33.37,
            "book_valuer_per_share_4q_avg": 32.77,
            "equity": 28632837,
            "current_ratio": 302.54,
            "debt_ratio": 40.15,
            "inventory_turnover_ratio": 6.94,
            "account_receivable_turnover_ratio": 4.91,
            "reinvestment_rate": 46.2,
            "research_to_sale_ratio": null,
            "price_fair": 27.05,
            "eps_avg_yearly": 9.02,
            "eps_latest_yearly": 2.92,
            "eps_growth_yearly": -5.55
        },
        "20112": {
            "year_quarter": 20112,
            "year": 2011,
            "quarter": 2,
            "eps": 0.67,
            "eps_growth_year": -67.8,
            "eps_4q": 4.5,
            "eps_4q_growth_year": -45.91,
            "roe": 2.18,
            "roe_4q": 13.88,
            "gross_profit": 536171,
            "gross_margin": 27.76,
            "gross_margin_4q_avg": 40.51,
            "net_income": 571246,
            "net_income_4q": null,
            "revenue": 1931665,
            "revenue_4q": null,
            "common_shares": 8580166,
            "book_valuer_per_share": 27.82,
            "book_valuer_per_share_4q_avg": 31.73,
            "equity": 23871664,
            "current_ratio": 204.14,
            "debt_ratio": 47.44,
            "inventory_turnover_ratio": 6,
            "account_receivable_turnover_ratio": 3.58,
            "reinvestment_rate": 46.43,
            "research_to_sale_ratio": null,
            "price_fair": 25.58,
            "eps_avg_yearly": 8.53,
            "eps_latest_yearly": 2.68,
            "eps_growth_yearly": -19.75
        },
        "20113": {
            "year_quarter": 20113,
            "year": 2011,
            "quarter": 3,
            "eps": 0.78,
            "eps_growth_year": -52.97,
            "eps_4q": 3.62,
            "eps_4q_growth_year": -54.85,
            "roe": 2.7,
            "roe_4q": 11.510000000000002,
            "gross_profit": 706339,
            "gross_margin": 30.9,
            "gross_margin_4q_avg": 36.07,
            "net_income": 668997,
            "net_income_4q": null,
            "revenue": 2286062,
            "revenue_4q": null,
            "common_shares": 8580166,
            "book_valuer_per_share": 30,
            "book_valuer_per_share_4q_avg": 30.87,
            "equity": 25737186,
            "current_ratio": 262.37,
            "debt_ratio": 44.07,
            "inventory_turnover_ratio": 6.47,
            "account_receivable_turnover_ratio": 3.93,
            "reinvestment_rate": 58.99,
            "research_to_sale_ratio": null,
            "price_fair": 23.98,
            "eps_avg_yearly": 7.99,
            "eps_latest_yearly": 3.12,
            "eps_growth_yearly": -18.31
        },
        "20114": {
            "year_quarter": 20114,
            "year": 2011,
            "quarter": 4,
            "eps": 1,
            "eps_growth_year": -30.7,
            "eps_4q": 3.18,
            "eps_4q_growth_year": -59.12,
            "roe": 3.28,
            "roe_4q": 10.38,
            "gross_profit": 936509,
            "gross_margin": 38.23,
            "gross_margin_4q_avg": 33.41,
            "net_income": 861834,
            "net_income_4q": null,
            "revenue": 2449521,
            "revenue_4q": null,
            "common_shares": 8580166,
            "book_valuer_per_share": 31.29,
            "book_valuer_per_share_4q_avg": 30.62,
            "equity": 26848991,
            "current_ratio": 266.9,
            "debt_ratio": 42.73,
            "inventory_turnover_ratio": 7.24,
            "account_receivable_turnover_ratio": 4.09,
            "reinvestment_rate": 35.23,
            "research_to_sale_ratio": null,
            "price_fair": 22.3,
            "eps_avg_yearly": 7.43,
            "eps_latest_yearly": 4,
            "eps_growth_yearly": -14.09
        },
        "20121": {
            "year_quarter": 20121,
            "year": 2012,
            "quarter": 1,
            "eps": 0.68,
            "eps_growth_year": -6.85,
            "eps_4q": 3.13,
            "eps_4q_growth_year": -47.07,
            "roe": 2.18,
            "roe_4q": 10.34,
            "gross_profit": 436791,
            "gross_margin": 20.93,
            "gross_margin_4q_avg": 29.46,
            "net_income": 579766,
            "net_income_4q": null,
            "revenue": 2087307,
            "revenue_4q": null,
            "common_shares": 8580166,
            "book_valuer_per_share": 30.78,
            "book_valuer_per_share_4q_avg": 29.97,
            "equity": 26409359,
            "current_ratio": 267.27,
            "debt_ratio": 43.12,
            "inventory_turnover_ratio": 6.51,
            "account_receivable_turnover_ratio": 3.02,
            "reinvestment_rate": 44.17,
            "research_to_sale_ratio": null,
            "price_fair": 20.39,
            "eps_avg_yearly": 6.8,
            "eps_latest_yearly": 2.72,
            "eps_growth_yearly": -21.94
        },
        "20122": {
            "year_quarter": 20122,
            "year": 2012,
            "quarter": 2,
            "eps": 0.56,
            "eps_growth_year": -16.63,
            "eps_4q": 3.01,
            "eps_4q_growth_year": -33.05,
            "roe": 1.87,
            "roe_4q": 10.030000000000001,
            "gross_profit": 300027,
            "gross_margin": 14.18,
            "gross_margin_4q_avg": 26.06,
            "net_income": 476272,
            "net_income_4q": null,
            "revenue": 2116362,
            "revenue_4q": null,
            "common_shares": 8580166,
            "book_valuer_per_share": 28.67,
            "book_valuer_per_share_4q_avg": 30.19,
            "equity": 24603060,
            "current_ratio": 205.04,
            "debt_ratio": 47.46,
            "inventory_turnover_ratio": 5.55,
            "account_receivable_turnover_ratio": 2.66,
            "reinvestment_rate": 55.03,
            "research_to_sale_ratio": null,
            "price_fair": 18.37,
            "eps_avg_yearly": 6.12,
            "eps_latest_yearly": 2.24,
            "eps_growth_yearly": -26.66
        },
        "20123": {
            "year_quarter": 20123,
            "year": 2012,
            "quarter": 3,
            "eps": 0.59,
            "eps_growth_year": -24.2,
            "eps_4q": 2.83,
            "eps_4q_growth_year": -22.03,
            "roe": 2.06,
            "roe_4q": 9.39,
            "gross_profit": 418400,
            "gross_margin": 20.04,
            "gross_margin_4q_avg": 23.35,
            "net_income": 507067,
            "net_income_4q": null,
            "revenue": 2087604,
            "revenue_4q": null,
            "common_shares": 8580166,
            "book_valuer_per_share": 28.58,
            "book_valuer_per_share_4q_avg": 29.83,
            "equity": 24525804,
            "current_ratio": 244.12,
            "debt_ratio": 47.62,
            "inventory_turnover_ratio": 4.66,
            "account_receivable_turnover_ratio": 2.77,
            "reinvestment_rate": 55.77,
            "research_to_sale_ratio": null,
            "price_fair": 16.25,
            "eps_avg_yearly": 5.42,
            "eps_latest_yearly": 2.36,
            "eps_growth_yearly": -26.55
        },
        "20124": {
            "year_quarter": 20124,
            "year": 2012,
            "quarter": 4,
            "eps": 0.28,
            "eps_growth_year": -72.02,
            "eps_4q": 2.1,
            "eps_4q_growth_year": -33.87,
            "roe": 0.98,
            "roe_4q": 7.09,
            "gross_profit": 25719,
            "gross_margin": 1.54,
            "gross_margin_4q_avg": 14.17,
            "net_income": 241142,
            "net_income_4q": null,
            "revenue": 1672351,
            "revenue_4q": null,
            "common_shares": 8580166,
            "book_valuer_per_share": 28.48,
            "book_valuer_per_share_4q_avg": 29.13,
            "equity": 24438575,
            "current_ratio": 304.94,
            "debt_ratio": 47.87,
            "inventory_turnover_ratio": 4.65,
            "account_receivable_turnover_ratio": 2.76,
            "reinvestment_rate": 52.98,
            "research_to_sale_ratio": null,
            "price_fair": 14.75,
            "eps_avg_yearly": 4.92,
            "eps_latest_yearly": 1.12,
            "eps_growth_yearly": -31.28
        },
        "20131": {
            "year_quarter": 20131,
            "year": 2013,
            "quarter": 1,
            "eps": 0.23,
            "eps_growth_year": -66.18,
            "eps_4q": 1.66,
            "eps_4q_growth_year": -46.98,
            "roe": 0.79,
            "roe_4q": 5.7,
            "gross_profit": 115470,
            "gross_margin": 6.82,
            "gross_margin_4q_avg": 10.65,
            "net_income": 197537,
            "net_income_4q": null,
            "revenue": 1692198,
            "revenue_4q": null,
            "common_shares": 8580166,
            "book_valuer_per_share": 30.06,
            "book_valuer_per_share_4q_avg": 28.95,
            "equity": 25790320,
            "current_ratio": 320.49,
            "debt_ratio": 46.68,
            "inventory_turnover_ratio": 4.45,
            "account_receivable_turnover_ratio": 3.65,
            "reinvestment_rate": 30.26,
            "research_to_sale_ratio": null,
            "price_fair": 13.77,
            "eps_avg_yearly": 4.59,
            "eps_latest_yearly": 0.92,
            "eps_growth_yearly": -27.7
        },
        "20132": {
            "year_quarter": 20132,
            "year": 2013,
            "quarter": 2,
            "eps": 0.28,
            "eps_growth_year": -49.56,
            "eps_4q": 1.38,
            "eps_4q_growth_year": -54.15,
            "roe": 0.96,
            "roe_4q": 4.79,
            "gross_profit": 35083,
            "gross_margin": 2.19,
            "gross_margin_4q_avg": 7.65,
            "net_income": 240221,
            "net_income_4q": null,
            "revenue": 1604884,
            "revenue_4q": null,
            "common_shares": 8580166,
            "book_valuer_per_share": 28.15,
            "book_valuer_per_share_4q_avg": 28.82,
            "equity": 24154925,
            "current_ratio": 262.85,
            "debt_ratio": 51.88,
            "inventory_turnover_ratio": 4.37,
            "account_receivable_turnover_ratio": 3.41,
            "reinvestment_rate": 51.88,
            "research_to_sale_ratio": null,
            "price_fair": 12.92,
            "eps_avg_yearly": 4.31,
            "eps_latest_yearly": 1.12,
            "eps_growth_yearly": -20.16
        },
        "20133": {
            "year_quarter": 20133,
            "year": 2013,
            "quarter": 3,
            "eps": 0.5,
            "eps_growth_year": -15.39,
            "eps_4q": 1.3,
            "eps_4q_growth_year": -54.14,
            "roe": 1.8,
            "roe_4q": 4.529999999999999,
            "gross_profit": 187759,
            "gross_margin": 10.11,
            "gross_margin_4q_avg": 5.17,
            "net_income": 433114,
            "net_income_4q": null,
            "revenue": 1856366,
            "revenue_4q": null,
            "common_shares": 8580166,
            "book_valuer_per_share": 28.05,
            "book_valuer_per_share_4q_avg": 28.69,
            "equity": 24064606,
            "current_ratio": 247.7,
            "debt_ratio": 51.51,
            "inventory_turnover_ratio": 4.71,
            "account_receivable_turnover_ratio": 3.37,
            "reinvestment_rate": 43.97,
            "research_to_sale_ratio": null,
            "price_fair": 11.84,
            "eps_avg_yearly": 3.95,
            "eps_latest_yearly": 2,
            "eps_growth_yearly": -10.09
        },
        "20134": {
            "year_quarter": 20134,
            "year": 2013,
            "quarter": 4,
            "eps": 0.81,
            "eps_growth_year": 188.64,
            "eps_4q": 1.83,
            "eps_4q_growth_year": -13.15,
            "roe": 2.81,
            "roe_4q": 6.36,
            "gross_profit": 705276,
            "gross_margin": 31.28,
            "gross_margin_4q_avg": 12.6,
            "net_income": 696037,
            "net_income_4q": null,
            "revenue": 2254500,
            "revenue_4q": null,
            "common_shares": 8580167,
            "book_valuer_per_share": 29.72,
            "book_valuer_per_share_4q_avg": 29,
            "equity": 25501898,
            "current_ratio": 265.73,
            "debt_ratio": 50.4,
            "inventory_turnover_ratio": 4.21,
            "account_receivable_turnover_ratio": 3.79,
            "reinvestment_rate": 31.15,
            "research_to_sale_ratio": null,
            "price_fair": 69.3,
            "eps_avg_yearly": 3.72,
            "eps_latest_yearly": 3.24,
            "eps_growth_yearly": 8.62
        },
        "20141": {
            "year_quarter": 20141,
            "year": 2014,
            "quarter": 1,
            "eps": 0.42,
            "eps_growth_year": 82.61,
            "eps_4q": 2.02,
            "eps_4q_growth_year": 21.64,
            "roe": 1.39,
            "roe_4q": 6.96,
            "gross_profit": 390564,
            "gross_margin": 18.45,
            "gross_margin_4q_avg": 15.51,
            "net_income": 360392,
            "net_income_4q": null,
            "revenue": 2116361,
            "revenue_4q": null,
            "common_shares": 8580167,
            "book_valuer_per_share": 30.72,
            "book_valuer_per_share_4q_avg": 29.16,
            "equity": 26359174,
            "current_ratio": 277.83,
            "debt_ratio": 52.33,
            "inventory_turnover_ratio": 4.48,
            "account_receivable_turnover_ratio": 2.95,
            "reinvestment_rate": 84.43,
            "research_to_sale_ratio": null,
            "price_fair": 9.53,
            "eps_avg_yearly": 3.18,
            "eps_latest_yearly": 1.68,
            "eps_growth_yearly": -16.66
        },
        "20142": {
            "year_quarter": 20142,
            "year": 2014,
            "quarter": 2,
            "eps": 0.72,
            "eps_growth_year": 157.14,
            "eps_4q": 2.45,
            "eps_4q_growth_year": 77.5,
            "roe": 2.43,
            "roe_4q": 8.430000000000001,
            "gross_profit": 428517,
            "gross_margin": 18.76,
            "gross_margin_4q_avg": 19.65,
            "net_income": 615500,
            "net_income_4q": null,
            "revenue": 2284459,
            "revenue_4q": null,
            "common_shares": 8580167,
            "book_valuer_per_share": 28.27,
            "book_valuer_per_share_4q_avg": 29.19,
            "equity": 24252587,
            "current_ratio": 243.76,
            "debt_ratio": 56.31,
            "inventory_turnover_ratio": 5.12,
            "account_receivable_turnover_ratio": 3.59,
            "reinvestment_rate": 110.53,
            "research_to_sale_ratio": null,
            "price_fair": 46.29,
            "eps_avg_yearly": 2.84,
            "eps_latest_yearly": 2.88,
            "eps_growth_yearly": 6.3
        },
        "20143": {
            "year_quarter": 20143,
            "year": 2014,
            "quarter": 3,
            "eps": 0.91,
            "eps_growth_year": 82,
            "eps_4q": 2.86,
            "eps_4q_growth_year": 120.89,
            "roe": 3.14,
            "roe_4q": 9.77,
            "gross_profit": 522547,
            "gross_margin": 21.69,
            "gross_margin_4q_avg": 22.55,
            "net_income": 784401,
            "net_income_4q": null,
            "revenue": 2409250,
            "revenue_4q": null,
            "common_shares": 8580167,
            "book_valuer_per_share": 30.02,
            "book_valuer_per_share_4q_avg": 29.68,
            "equity": 25754682,
            "current_ratio": 226.21,
            "debt_ratio": 55.36,
            "inventory_turnover_ratio": 4.76,
            "account_receivable_turnover_ratio": 4.55,
            "reinvestment_rate": 100.73,
            "research_to_sale_ratio": null,
            "price_fair": 73.86,
            "eps_avg_yearly": 2.65,
            "eps_latest_yearly": 3.64,
            "eps_growth_yearly": 17.85
        },
        "20144": {
            "year_quarter": 20144,
            "year": 2014,
            "quarter": 4,
            "eps": 0.38,
            "eps_growth_year": -53.62,
            "eps_4q": 2.43,
            "eps_4q_growth_year": 32.94,
            "roe": 1.19,
            "roe_4q": 8.15,
            "gross_profit": 464252,
            "gross_margin": 19.92,
            "gross_margin_4q_avg": 19.71,
            "net_income": 322824,
            "net_income_4q": null,
            "revenue": 2330881,
            "revenue_4q": null,
            "common_shares": 8580167,
            "book_valuer_per_share": 32.97,
            "book_valuer_per_share_4q_avg": 30.5,
            "equity": 28291551,
            "current_ratio": 216.57,
            "debt_ratio": 55.44,
            "inventory_turnover_ratio": 4.25,
            "account_receivable_turnover_ratio": 3.99,
            "reinvestment_rate": 150.49,
            "research_to_sale_ratio": null,
            "price_fair": 39.23,
            "eps_avg_yearly": 2.39,
            "eps_latest_yearly": 1.52,
            "eps_growth_yearly": 6.45
        },
        "20151": {
            "year_quarter": 20151,
            "year": 2015,
            "quarter": 1,
            "eps": 0.07,
            "eps_growth_year": -83.33,
            "eps_4q": 2.08,
            "eps_4q_growth_year": 3.31,
            "roe": 0.23,
            "roe_4q": 6.99,
            "gross_profit": 72904,
            "gross_margin": 3.84,
            "gross_margin_4q_avg": 16.05,
            "net_income": 64282,
            "net_income_4q": null,
            "revenue": 1897967,
            "revenue_4q": null,
            "common_shares": 8580167,
            "book_valuer_per_share": 32.53,
            "book_valuer_per_share_4q_avg": 30.95,
            "equity": 27913044,
            "current_ratio": 209.5,
            "debt_ratio": 56.49,
            "inventory_turnover_ratio": 4.59,
            "account_receivable_turnover_ratio": 3.51,
            "reinvestment_rate": 166.45,
            "research_to_sale_ratio": null,
            "price_fair": 6.66,
            "eps_avg_yearly": 2.22,
            "eps_latest_yearly": 0.28,
            "eps_growth_yearly": -1.53
        },
        "20152": {
            "year_quarter": 20152,
            "year": 2015,
            "quarter": 2,
            "eps": 0.14,
            "eps_growth_year": -80.56,
            "eps_4q": 1.5,
            "eps_4q_growth_year": -38.75,
            "roe": 0.44,
            "roe_4q": 5,
            "gross_profit": -67685,
            "gross_margin": -3.7,
            "gross_margin_4q_avg": 10.44,
            "net_income": 117857,
            "net_income_4q": null,
            "revenue": 1827325,
            "revenue_4q": null,
            "common_shares": 8580167,
            "book_valuer_per_share": 29.42,
            "book_valuer_per_share_4q_avg": 31.24,
            "equity": 25239927,
            "current_ratio": 187.8,
            "debt_ratio": 58.31,
            "inventory_turnover_ratio": 5.4,
            "account_receivable_turnover_ratio": 4.01,
            "reinvestment_rate": 205.73,
            "research_to_sale_ratio": null,
            "price_fair": 73.06,
            "eps_avg_yearly": 2.09,
            "eps_latest_yearly": 0.56,
            "eps_growth_yearly": 25.52
        },
        "20153": {
            "year_quarter": 20153,
            "year": 2015,
            "quarter": 3,
            "eps": 0.5,
            "eps_growth_year": -45.05,
            "eps_4q": 1.09,
            "eps_4q_growth_year": -61.84,
            "roe": 1.61,
            "roe_4q": 3.47,
            "gross_profit": 273017,
            "gross_margin": 12.54,
            "gross_margin_4q_avg": 8.15,
            "net_income": 428093,
            "net_income_4q": null,
            "revenue": 2177951,
            "revenue_4q": null,
            "common_shares": 8580167,
            "book_valuer_per_share": 32.66,
            "book_valuer_per_share_4q_avg": 31.9,
            "equity": 27897275,
            "current_ratio": 212.51,
            "debt_ratio": 57.12,
            "inventory_turnover_ratio": 5.6,
            "account_receivable_turnover_ratio": 4.81,
            "reinvestment_rate": 221.73,
            "research_to_sale_ratio": null,
            "price_fair": 70.61,
            "eps_avg_yearly": 2.02,
            "eps_latest_yearly": 2,
            "eps_growth_yearly": 85.7
        },
        "20154": {
            "year_quarter": 20154,
            "year": 2015,
            "quarter": 4,
            "eps": 0.25,
            "eps_growth_year": -32.64,
            "eps_4q": 0.98,
            "eps_4q_growth_year": -59.82,
            "roe": 0.77,
            "roe_4q": 3.05,
            "gross_profit": 101129,
            "gross_margin": 5,
            "gross_margin_4q_avg": 4.42,
            "net_income": 214165,
            "net_income_4q": null,
            "revenue": 2020845,
            "revenue_4q": null,
            "common_shares": 8580167,
            "book_valuer_per_share": 32.65,
            "book_valuer_per_share_4q_avg": 31.82,
            "equity": 27586854,
            "current_ratio": 174.39,
            "debt_ratio": 56.7,
            "inventory_turnover_ratio": 5.48,
            "account_receivable_turnover_ratio": 4.45,
            "reinvestment_rate": 250.77,
            "research_to_sale_ratio": null,
            "price_fair": 64.05,
            "eps_avg_yearly": 1.83,
            "eps_latest_yearly": 1,
            "eps_growth_yearly": 66.15
        },
        "20161": {
            "year_quarter": 20161,
            "year": 2016,
            "quarter": 1,
            "eps": -0.77,
            "eps_growth_year": -1200,
            "eps_4q": 0.13,
            "eps_4q_growth_year": -93.63,
            "roe": -2.43,
            "roe_4q": 0.38999999999999996,
            "gross_profit": -210425,
            "gross_margin": -14.36,
            "gross_margin_4q_avg": -0.13,
            "net_income": -647949,
            "net_income_4q": null,
            "revenue": 1464863,
            "revenue_4q": null,
            "common_shares": 8450557,
            "book_valuer_per_share": 30.44,
            "book_valuer_per_share_4q_avg": 31.29,
            "equity": 25722418,
            "current_ratio": 183.58,
            "debt_ratio": 58.15,
            "inventory_turnover_ratio": 5.73,
            "account_receivable_turnover_ratio": 3.64,
            "reinvestment_rate": 261.92,
            "research_to_sale_ratio": null,
            "price_fair": 61.97,
            "eps_avg_yearly": 1.77,
            "eps_latest_yearly": 1,
            "eps_growth_yearly": 79.1
        },
        "20162": {
            "year_quarter": 20162,
            "year": 2016,
            "quarter": 2,
            "eps": -0.57,
            "eps_growth_year": -507.14,
            "eps_4q": -0.57,
            "eps_4q_growth_year": -138.16,
            "roe": -1.92,
            "roe_4q": -1.9699999999999995,
            "gross_profit": -146606,
            "gross_margin": -9.78,
            "gross_margin_4q_avg": -1.65,
            "net_income": -478911,
            "net_income_4q": null,
            "revenue": 1499213,
            "revenue_4q": null,
            "common_shares": 8450557,
            "book_valuer_per_share": 28.61,
            "book_valuer_per_share_4q_avg": 31.09,
            "equity": 24177253,
            "current_ratio": 158.15,
            "debt_ratio": 64.08,
            "inventory_turnover_ratio": 7.24,
            "account_receivable_turnover_ratio": 4.19,
            "reinvestment_rate": 281.72,
            "research_to_sale_ratio": null,
            "price_fair": 60.8,
            "eps_avg_yearly": 1.74,
            "eps_latest_yearly": 1,
            "eps_growth_yearly": 89.79
        },
        "20163": {
            "year_quarter": 20163,
            "year": 2016,
            "quarter": 3,
            "eps": 0.01,
            "eps_growth_year": -98,
            "eps_4q": -1.07,
            "eps_4q_growth_year": -198.11,
            "roe": 0.03,
            "roe_4q": -3.5500000000000003,
            "gross_profit": -32620,
            "gross_margin": -1.93,
            "gross_margin_4q_avg": -5.27,
            "net_income": 7005,
            "net_income_4q": null,
            "revenue": 1691204,
            "revenue_4q": null,
            "common_shares": 8450557,
            "book_valuer_per_share": 27.04,
            "book_valuer_per_share_4q_avg": 29.69,
            "equity": 22852611,
            "current_ratio": 147.88,
            "debt_ratio": 65.6,
            "inventory_turnover_ratio": 8.02,
            "account_receivable_turnover_ratio": 4.73,
            "reinvestment_rate": 340.4,
            "research_to_sale_ratio": null,
            "price_fair": 59.12,
            "eps_avg_yearly": 1.69,
            "eps_latest_yearly": 1,
            "eps_growth_yearly": 95.05
        },
        "20164": {
            "year_quarter": 20164,
            "year": 2016,
            "quarter": 4,
            "eps": 0.29,
            "eps_growth_year": 12.76,
            "eps_4q": -1.04,
            "eps_4q_growth_year": -206.55,
            "roe": 1.02,
            "roe_4q": -3.3,
            "gross_profit": 190524,
            "gross_margin": 10.1,
            "gross_margin_4q_avg": -3.99,
            "net_income": 241501,
            "net_income_4q": null,
            "revenue": 1886797,
            "revenue_4q": null,
            "common_shares": 8450557,
            "book_valuer_per_share": 29.05,
            "book_valuer_per_share_4q_avg": 28.79,
            "equity": 24550481,
            "current_ratio": 194.73,
            "debt_ratio": 57.75,
            "inventory_turnover_ratio": 7.2,
            "account_receivable_turnover_ratio": 4.97,
            "reinvestment_rate": 335.75,
            "research_to_sale_ratio": null,
            "price_fair": 59.23,
            "eps_avg_yearly": 1.69,
            "eps_latest_yearly": 1.16,
            "eps_growth_yearly": 972.75
        },
        "20171": {
            "year_quarter": 20171,
            "year": 2017,
            "quarter": 1,
            "eps": -0.02,
            "eps_growth_year": null,
            "eps_4q": -0.29,
            "eps_4q_growth_year": -320.86,
            "roe": -0.07,
            "roe_4q": -0.94,
            "gross_profit": 77862,
            "gross_margin": 4.34,
            "gross_margin_4q_avg": 0.68,
            "net_income": -17323,
            "net_income_4q": null,
            "revenue": 1793791,
            "revenue_4q": null,
            "common_shares": 8450557,
            "book_valuer_per_share": 26.27,
            "book_valuer_per_share_4q_avg": 27.74,
            "equity": 22195836,
            "current_ratio": 159.92,
            "debt_ratio": 61.24,
            "inventory_turnover_ratio": 6.08,
            "account_receivable_turnover_ratio": 4.1,
            "reinvestment_rate": 555.63,
            "research_to_sale_ratio": null,
            "price_fair": 61.48,
            "eps_avg_yearly": 1.76,
            "eps_latest_yearly": 1.16,
            "eps_growth_yearly": 1059.77
        },
        "20172": {
            "year_quarter": 20172,
            "year": 2017,
            "quarter": 2,
            "eps": 0.16,
            "eps_growth_year": null,
            "eps_4q": 0.44,
            "eps_4q_growth_year": null,
            "roe": 0.63,
            "roe_4q": 1.61,
            "gross_profit": 222254,
            "gross_margin": 10.23,
            "gross_margin_4q_avg": 5.69,
            "net_income": 138057,
            "net_income_4q": null,
            "revenue": 2173425,
            "revenue_4q": null,
            "common_shares": 8450557,
            "book_valuer_per_share": 25.7,
            "book_valuer_per_share_4q_avg": 27.02,
            "equity": 21719859,
            "current_ratio": 144.65,
            "debt_ratio": 64.2,
            "inventory_turnover_ratio": 6.03,
            "account_receivable_turnover_ratio": 4.57,
            "reinvestment_rate": 509.79,
            "research_to_sale_ratio": null,
            "price_fair": 63.51,
            "eps_avg_yearly": 1.81,
            "eps_latest_yearly": 1.16,
            "eps_growth_yearly": 1148.2
        },
        "20173": {
            "year_quarter": 20173,
            "year": 2017,
            "quarter": 3,
            "eps": 0.57,
            "eps_growth_year": 5600,
            "eps_4q": 1,
            "eps_4q_growth_year": null,
            "roe": 2.2,
            "roe_4q": 3.7800000000000002,
            "gross_profit": 175695,
            "gross_margin": 8.62,
            "gross_margin_4q_avg": 8.32,
            "net_income": 480569,
            "net_income_4q": null,
            "revenue": 2038638,
            "revenue_4q": null,
            "common_shares": 8450557,
            "book_valuer_per_share": 26.08,
            "book_valuer_per_share_4q_avg": 26.78,
            "equity": 22041994,
            "current_ratio": 153.16,
            "debt_ratio": 63.3,
            "inventory_turnover_ratio": 5.86,
            "account_receivable_turnover_ratio": 4.55,
            "reinvestment_rate": 492.93,
            "research_to_sale_ratio": null,
            "price_fair": 64.4,
            "eps_avg_yearly": 1.84,
            "eps_latest_yearly": 2.28,
            "eps_growth_yearly": 1212.82
        },
        "20174": {
            "year_quarter": 20174,
            "year": 2017,
            "quarter": 4,
            "eps": 0.47,
            "eps_growth_year": 64.89,
            "eps_4q": 1.18,
            "eps_4q_growth_year": null,
            "roe": 1.81,
            "roe_4q": 4.569999999999999,
            "gross_profit": 301234,
            "gross_margin": 12.07,
            "gross_margin_4q_avg": 8.82,
            "net_income": 398217,
            "net_income_4q": null,
            "revenue": 2495471,
            "revenue_4q": null,
            "common_shares": 8450557,
            "book_valuer_per_share": 25.84,
            "book_valuer_per_share_4q_avg": 25.97,
            "equity": 21840210,
            "current_ratio": 140.78,
            "debt_ratio": 59.48,
            "inventory_turnover_ratio": 6.14,
            "account_receivable_turnover_ratio": 5.06,
            "reinvestment_rate": 505.83,
            "research_to_sale_ratio": null,
            "price_fair": 60.07,
            "eps_avg_yearly": 1.72,
            "eps_latest_yearly": 1.88,
            "eps_growth_yearly": 1183.89
        },
        "20181": {
            "year_quarter": 20181,
            "year": 2018,
            "quarter": 1,
            "eps": 0.25,
            "eps_growth_year": null,
            "eps_4q": 1.45,
            "eps_4q_growth_year": null,
            "roe": 0.96,
            "roe_4q": 5.6000000000000005,
            "gross_profit": 200213,
            "gross_margin": 9.18,
            "gross_margin_4q_avg": 10.03,
            "net_income": 211255,
            "net_income_4q": null,
            "revenue": 2181968,
            "revenue_4q": null,
            "common_shares": 8450557,
            "book_valuer_per_share": 26.44,
            "book_valuer_per_share_4q_avg": 26.02,
            "equity": 22340249,
            "current_ratio": 146.4,
            "debt_ratio": 62.86,
            "inventory_turnover_ratio": 5.53,
            "account_receivable_turnover_ratio": 4.68,
            "reinvestment_rate": 291.65,
            "research_to_sale_ratio": null,
            "price_fair": 57.91,
            "eps_avg_yearly": 1.65,
            "eps_latest_yearly": 1,
            "eps_growth_yearly": 1184.38
        },
        "20182": {
            "year_quarter": 20182,
            "year": 2018,
            "quarter": 2,
            "eps": 0.6,
            "eps_growth_year": 275,
            "eps_4q": 1.89,
            "eps_4q_growth_year": 332.82,
            "roe": 2.18,
            "roe_4q": 7.15,
            "gross_profit": 338361,
            "gross_margin": 13.77,
            "gross_margin_4q_avg": 10.91,
            "net_income": 508087,
            "net_income_4q": null,
            "revenue": 2457188,
            "revenue_4q": null,
            "common_shares": 8450557,
            "book_valuer_per_share": 28.74,
            "book_valuer_per_share_4q_avg": 26.78,
            "equity": 24289753,
            "current_ratio": 147.1,
            "debt_ratio": 61.09,
            "inventory_turnover_ratio": 7.34,
            "account_receivable_turnover_ratio": 7.38,
            "reinvestment_rate": 256.57,
            "research_to_sale_ratio": null,
            "price_fair": 56.38,
            "eps_avg_yearly": 1.61,
            "eps_latest_yearly": 2.4,
            "eps_growth_yearly": 1209.31
        },
        "20183": {
            "year_quarter": 20183,
            "year": 2018,
            "quarter": 3,
            "eps": 0.89,
            "eps_growth_year": 56.14,
            "eps_4q": 2.21,
            "eps_4q_growth_year": 121.46,
            "roe": 2.94,
            "roe_4q": 7.890000000000001,
            "gross_profit": 654785,
            "gross_margin": 18.07,
            "gross_margin_4q_avg": 13.27,
            "net_income": 748913,
            "net_income_4q": null,
            "revenue": 3622941,
            "revenue_4q": null,
            "common_shares": 8450557,
            "book_valuer_per_share": 31.48,
            "book_valuer_per_share_4q_avg": 28.13,
            "equity": 26601667,
            "current_ratio": 142.95,
            "debt_ratio": 60.93,
            "inventory_turnover_ratio": 10.84,
            "account_receivable_turnover_ratio": 12.75,
            "reinvestment_rate": 229.78,
            "research_to_sale_ratio": null,
            "price_fair": 56.13,
            "eps_avg_yearly": 1.6,
            "eps_latest_yearly": 3.56,
            "eps_growth_yearly": 1217.29
        },
        "20184": {
            "year_quarter": 20184,
            "year": 2018,
            "quarter": 4,
            "eps": 0.24,
            "eps_growth_year": -49.63,
            "eps_4q": 1.97,
            "eps_4q_growth_year": 66.96,
            "roe": 0.77,
            "roe_4q": 6.8500000000000005,
            "gross_profit": 521789,
            "gross_margin": 16,
            "gross_margin_4q_avg": 14.26,
            "net_income": 200585,
            "net_income_4q": null,
            "revenue": 3261125,
            "revenue_4q": null,
            "common_shares": 8450557,
            "book_valuer_per_share": 30.32,
            "book_valuer_per_share_4q_avg": 29.25,
            "equity": 25625535,
            "current_ratio": 137.83,
            "debt_ratio": 59.46,
            "inventory_turnover_ratio": 8.12,
            "account_receivable_turnover_ratio": 9.06,
            "reinvestment_rate": 180.8,
            "research_to_sale_ratio": null,
            "price_fair": 54.35,
            "eps_avg_yearly": 1.55,
            "eps_latest_yearly": 0.96,
            "eps_growth_yearly": 1211.91
        },
        "20191": {
            "year_quarter": 20191,
            "year": 2019,
            "quarter": 1,
            "eps": 0.11,
            "eps_growth_year": -56,
            "eps_4q": 1.83,
            "eps_4q_growth_year": 26.08,
            "roe": 0.35,
            "roe_4q": 6.24,
            "gross_profit": 184454,
            "gross_margin": 8.93,
            "gross_margin_4q_avg": 14.19,
            "net_income": 90822,
            "net_income_4q": null,
            "revenue": 2065156,
            "revenue_4q": null,
            "common_shares": 8450557,
            "book_valuer_per_share": 31.87,
            "book_valuer_per_share_4q_avg": 30.6,
            "equity": 26935242,
            "current_ratio": 144,
            "debt_ratio": 59.1,
            "inventory_turnover_ratio": 5.4,
            "account_receivable_turnover_ratio": 5.42,
            "reinvestment_rate": 153.34,
            "research_to_sale_ratio": null,
            "price_fair": 54.85,
            "eps_avg_yearly": 1.57,
            "eps_latest_yearly": 0.44,
            "eps_growth_yearly": 1221.88
        },
        "20192": {
            "year_quarter": 20192,
            "year": 2019,
            "quarter": 2,
            "eps": 0.04,
            "eps_growth_year": -93.33,
            "eps_4q": 1.27,
            "eps_4q_growth_year": -32.59,
            "roe": 0.14,
            "roe_4q": 4.2,
            "gross_profit": 236288,
            "gross_margin": 10.82,
            "gross_margin_4q_avg": 13.46,
            "net_income": 36963,
            "net_income_4q": null,
            "revenue": 2183714,
            "revenue_4q": null,
            "common_shares": 8450557,
            "book_valuer_per_share": 32.05,
            "book_valuer_per_share_4q_avg": 31.43,
            "equity": 27086450,
            "current_ratio": 140.76,
            "debt_ratio": 59.82,
            "inventory_turnover_ratio": 5.81,
            "account_receivable_turnover_ratio": 9.06,
            "reinvestment_rate": 127.19,
            "research_to_sale_ratio": null,
            "price_fair": 53.58,
            "eps_avg_yearly": 1.53,
            "eps_latest_yearly": 0.16,
            "eps_growth_yearly": 1162.38
        },
        "20193": {
            "year_quarter": 20193,
            "year": 2019,
            "quarter": 3,
            "eps": 1.02,
            "eps_growth_year": 14.61,
            "eps_4q": 1.41,
            "eps_4q_growth_year": -36.29,
            "roe": 3.17,
            "roe_4q": 4.43,
            "gross_profit": 870517,
            "gross_margin": 26.63,
            "gross_margin_4q_avg": 15.6,
            "net_income": 860761,
            "net_income_4q": null,
            "revenue": 3269353,
            "revenue_4q": null,
            "common_shares": 8450557,
            "book_valuer_per_share": 32.31,
            "book_valuer_per_share_4q_avg": 31.64,
            "equity": 27303380,
            "current_ratio": 160.6,
            "debt_ratio": 58.49,
            "inventory_turnover_ratio": 5.82,
            "account_receivable_turnover_ratio": 13.35,
            "reinvestment_rate": -23.29,
            "research_to_sale_ratio": null,
            "price_fair": 60.2,
            "eps_avg_yearly": 1.72,
            "eps_latest_yearly": 4.08,
            "eps_growth_yearly": 1959.78
        },
        "20194": {
            "year_quarter": 20194,
            "year": 2019,
            "quarter": 4,
            "eps": 0.75,
            "eps_growth_year": 215.65,
            "eps_4q": 1.92,
            "eps_4q_growth_year": -2.82,
            "roe": 2.34,
            "roe_4q": 5.999999999999999,
            "gross_profit": 603449,
            "gross_margin": 23.67,
            "gross_margin_4q_avg": 17.51,
            "net_income": 633149,
            "net_income_4q": null,
            "revenue": 2549691,
            "revenue_4q": null,
            "common_shares": 8450557,
            "book_valuer_per_share": 31.77,
            "book_valuer_per_share_4q_avg": 32,
            "equity": 26844559,
            "current_ratio": 179.25,
            "debt_ratio": 56.88,
            "inventory_turnover_ratio": 3.89,
            "account_receivable_turnover_ratio": 8.02,
            "reinvestment_rate": -87.72,
            "research_to_sale_ratio": null,
            "price_fair": 66.56,
            "eps_avg_yearly": 1.9,
            "eps_latest_yearly": 3,
            "eps_growth_yearly": 1968.34
        },
        "20201": {
            "year_quarter": 20201,
            "year": 2020,
            "quarter": 1,
            "eps": -0.46,
            "eps_growth_year": -518.18,
            "eps_4q": 1.35,
            "eps_4q_growth_year": -26.14,
            "roe": -1.5,
            "roe_4q": 4.1499999999999995,
            "gross_profit": 33966,
            "gross_margin": 1.79,
            "gross_margin_4q_avg": 15.73,
            "net_income": -387145,
            "net_income_4q": null,
            "revenue": 1902473,
            "revenue_4q": null,
            "common_shares": 8450557,
            "book_valuer_per_share": 29.3,
            "book_valuer_per_share_4q_avg": 31.36,
            "equity": 24762355,
            "current_ratio": 152.06,
            "debt_ratio": 59.26,
            "inventory_turnover_ratio": 3.65,
            "account_receivable_turnover_ratio": 5.55,
            "reinvestment_rate": -40.35,
            "research_to_sale_ratio": null,
            "price_fair": 66.56,
            "eps_avg_yearly": 1.9,
            "eps_latest_yearly": 3,
            "eps_growth_yearly": 1968.34
        },
        "20202": {
            "year_quarter": 20202,
            "year": 2020,
            "quarter": 2,
            "eps": 0.12,
            "eps_growth_year": 200,
            "eps_4q": 1.43,
            "eps_4q_growth_year": 12.34,
            "roe": 0.43,
            "roe_4q": 4.4399999999999995,
            "gross_profit": -5895,
            "gross_margin": -0.36,
            "gross_margin_4q_avg": 12.93,
            "net_income": 103435,
            "net_income_4q": null,
            "revenue": 1616548,
            "revenue_4q": null,
            "common_shares": 8450557,
            "book_valuer_per_share": 27.54,
            "book_valuer_per_share_4q_avg": 30.23,
            "equity": 23274215,
            "current_ratio": 141.83,
            "debt_ratio": 61.18,
            "inventory_turnover_ratio": 3.89,
            "account_receivable_turnover_ratio": 4.04,
            "reinvestment_rate": -36.06,
            "research_to_sale_ratio": null,
            "price_fair": 66.56,
            "eps_avg_yearly": 1.9,
            "eps_latest_yearly": 3,
            "eps_growth_yearly": 1968.34
        },
        "20203": {
            "year_quarter": 20203,
            "year": 2020,
            "quarter": 3,
            "eps": 0.88,
            "eps_growth_year": -13.73,
            "eps_4q": 1.29,
            "eps_4q_growth_year": -8.13,
            "roe": 3.22,
            "roe_4q": 4.49,
            "gross_profit": 517731,
            "gross_margin": 19.93,
            "gross_margin_4q_avg": 11.26,
            "net_income": 743046,
            "net_income_4q": null,
            "revenue": 2597331,
            "revenue_4q": null,
            "common_shares": 8450557,
            "book_valuer_per_share": 27.07,
            "book_valuer_per_share_4q_avg": 28.92,
            "equity": 22876519,
            "current_ratio": 141.34,
            "debt_ratio": 61.89,
            "inventory_turnover_ratio": 5.21,
            "account_receivable_turnover_ratio": 6.15,
            "reinvestment_rate": 9.79,
            "research_to_sale_ratio": null,
            "price_fair": 71.28,
            "eps_avg_yearly": 2.04,
            "eps_latest_yearly": 3.52,
            "eps_growth_yearly": 2015.42
        },
        "20204": {
            "year_quarter": 20204,
            "year": 2020,
            "quarter": 4,
            "eps": 0.5,
            "eps_growth_year": -33.81,
            "eps_4q": 1.04,
            "eps_4q_growth_year": -45.83,
            "roe": 1.82,
            "roe_4q": 3.9699999999999998,
            "gross_profit": 389753,
            "gross_margin": 16.3,
            "gross_margin_4q_avg": 9.42,
            "net_income": 419089,
            "net_income_4q": null,
            "revenue": 2391012,
            "revenue_4q": null,
            "common_shares": 8450557,
            "book_valuer_per_share": 27.42,
            "book_valuer_per_share_4q_avg": 27.83,
            "equity": 23175494,
            "current_ratio": 126.45,
            "debt_ratio": 61.78,
            "inventory_turnover_ratio": 4.84,
            "account_receivable_turnover_ratio": 5.62,
            "reinvestment_rate": 19.44,
            "research_to_sale_ratio": null,
            "price_fair": 73.73,
            "eps_avg_yearly": 2.11,
            "eps_latest_yearly": 2,
            "eps_growth_yearly": 1067.69
        },
        "20211": {
            "year_quarter": 20211,
            "year": 2021,
            "quarter": 1,
            "eps": 0.41,
            "eps_growth_year": null,
            "eps_4q": 1.9,
            "eps_4q_growth_year": 40.59,
            "roe": 1.46,
            "roe_4q": 6.93,
            "gross_profit": 358582,
            "gross_margin": 14.56,
            "gross_margin_4q_avg": 12.61,
            "net_income": 342355,
            "net_income_4q": null,
            "revenue": 2462515,
            "revenue_4q": null,
            "common_shares": 8450557,
            "book_valuer_per_share": 28.02,
            "book_valuer_per_share_4q_avg": 27.51,
            "equity": 23675439,
            "current_ratio": 123.18,
            "debt_ratio": 61.29,
            "inventory_turnover_ratio": 4.6,
            "account_receivable_turnover_ratio": 6.03,
            "reinvestment_rate": -33.49,
            "research_to_sale_ratio": null,
            "price_fair": 72.48,
            "eps_avg_yearly": 2.07,
            "eps_latest_yearly": 1.64,
            "eps_growth_yearly": 980.02
        },
        "20212": {
            "year_quarter": 20212,
            "year": 2021,
            "quarter": 2,
            "eps": 1.22,
            "eps_growth_year": 916.67,
            "eps_4q": 3,
            "eps_4q_growth_year": 109.62,
            "roe": 4.44,
            "roe_4q": 10.940000000000001,
            "gross_profit": 993016,
            "gross_margin": 29.45,
            "gross_margin_4q_avg": 20.06,
            "net_income": 1032301,
            "net_income_4q": null,
            "revenue": 3371534,
            "revenue_4q": null,
            "common_shares": 8450557,
            "book_valuer_per_share": 27.02,
            "book_valuer_per_share_4q_avg": 27.38,
            "equity": 22832809,
            "current_ratio": 120.23,
            "debt_ratio": 61.96,
            "inventory_turnover_ratio": 4.79,
            "account_receivable_turnover_ratio": 7.58,
            "reinvestment_rate": -55.32,
            "research_to_sale_ratio": null,
            "price_fair": 79.5,
            "eps_avg_yearly": 2.27,
            "eps_latest_yearly": 4.88,
            "eps_growth_yearly": 966.47
        },
        "20213": {
            "year_quarter": 20213,
            "year": 2021,
            "quarter": 3,
            "eps": 2.1,
            "eps_growth_year": 138.64,
            "eps_4q": 4.23,
            "eps_4q_growth_year": 227.21,
            "roe": 7.55,
            "roe_4q": 15.27,
            "gross_profit": 1319173,
            "gross_margin": 32.11,
            "gross_margin_4q_avg": 23.11,
            "net_income": 1780946,
            "net_income_4q": null,
            "revenue": 4108677,
            "revenue_4q": null,
            "common_shares": 8450557,
            "book_valuer_per_share": 28.84,
            "book_valuer_per_share_4q_avg": 27.83,
            "equity": 24373191,
            "current_ratio": 119.53,
            "debt_ratio": 60.15,
            "inventory_turnover_ratio": 5.21,
            "account_receivable_turnover_ratio": 7.51,
            "reinvestment_rate": -39.49,
            "research_to_sale_ratio": null,
            "price_fair": 94.8,
            "eps_avg_yearly": 2.71,
            "eps_latest_yearly": 8.4,
            "eps_growth_yearly": 913.86
        },
        "20214": {
            "year_quarter": 20214,
            "year": 2021,
            "quarter": 4,
            "eps": 2.06,
            "eps_growth_year": 314.47,
            "eps_4q": 5.79,
            "eps_4q_growth_year": 456.97,
            "roe": 6.92,
            "roe_4q": 20.37,
            "gross_profit": 1761237,
            "gross_margin": 43.28,
            "gross_margin_4q_avg": 29.85,
            "net_income": 1736982,
            "net_income_4q": null,
            "revenue": 4069707,
            "revenue_4q": null,
            "common_shares": 8450557,
            "book_valuer_per_share": 30.6,
            "book_valuer_per_share_4q_avg": 28.62,
            "equity": 25858718,
            "current_ratio": 135.97,
            "debt_ratio": 58.48,
            "inventory_turnover_ratio": 3.66,
            "account_receivable_turnover_ratio": 7.25,
            "reinvestment_rate": -26.12,
            "research_to_sale_ratio": null,
            "price_fair": 110.7,
            "eps_avg_yearly": 3.16,
            "eps_latest_yearly": 8.24,
            "eps_growth_yearly": 918.33
        },
        "20221": {
            "year_quarter": 20221,
            "year": 2022,
            "quarter": 1,
            "eps": 1,
            "eps_growth_year": 143.9,
            "eps_4q": 6.38,
            "eps_4q_growth_year": 235.42,
            "roe": 3.07,
            "roe_4q": 21.98,
            "gross_profit": 1047009,
            "gross_margin": 34.37,
            "gross_margin_4q_avg": 34.8,
            "net_income": 843120,
            "net_income_4q": null,
            "revenue": 3045951,
            "revenue_4q": null,
            "common_shares": 8450557,
            "book_valuer_per_share": 34.3,
            "book_valuer_per_share_4q_avg": 30.19,
            "equity": 28986600,
            "current_ratio": 142.77,
            "debt_ratio": 57.07,
            "inventory_turnover_ratio": 2.77,
            "account_receivable_turnover_ratio": 6.68,
            "reinvestment_rate": 17.86,
            "research_to_sale_ratio": null,
            "price_fair": 118.2,
            "eps_avg_yearly": 3.38,
            "eps_latest_yearly": 4,
            "eps_growth_yearly": 917
        },
        "20222": {
            "year_quarter": 20222,
            "year": 2022,
            "quarter": 2,
            "eps": 1.44,
            "eps_growth_year": 18.03,
            "eps_4q": 6.61,
            "eps_4q_growth_year": 120.04,
            "roe": 4.21,
            "roe_4q": 21.75,
            "gross_profit": 1428710,
            "gross_margin": 37.68,
            "gross_margin_4q_avg": 36.86,
            "net_income": 1221078,
            "net_income_4q": null,
            "revenue": 3791879,
            "revenue_4q": null,
            "common_shares": 8450557,
            "book_valuer_per_share": 34.07,
            "book_valuer_per_share_4q_avg": 31.95,
            "equity": 28985928,
            "current_ratio": 160.46,
            "debt_ratio": 59.2,
            "inventory_turnover_ratio": 2.95,
            "account_receivable_turnover_ratio": 6.81,
            "reinvestment_rate": 12.25,
            "research_to_sale_ratio": null,
            "price_fair": 126.6,
            "eps_avg_yearly": 3.62,
            "eps_latest_yearly": 5.76,
            "eps_growth_yearly": 889.57
        },
        "20223": {
            "year_quarter": 20223,
            "year": 2022,
            "quarter": 3,
            "eps": 2.18,
            "eps_growth_year": 3.81,
            "eps_4q": 6.67,
            "eps_4q_growth_year": 57.77,
            "roe": 5.87,
            "roe_4q": 20.07,
            "gross_profit": 1744781,
            "gross_margin": 42.42,
            "gross_margin_4q_avg": 39.44,
            "net_income": 1843273,
            "net_income_4q": null,
            "revenue": 4113332,
            "revenue_4q": null,
            "common_shares": 8450557,
            "book_valuer_per_share": 39.82,
            "book_valuer_per_share_4q_avg": 34.7,
            "equity": 33846425,
            "current_ratio": 165.86,
            "debt_ratio": 55.49,
            "inventory_turnover_ratio": 2.92,
            "account_receivable_turnover_ratio": 5.28,
            "reinvestment_rate": 36.5,
            "research_to_sale_ratio": null,
            "price_fair": 139.5,
            "eps_avg_yearly": 3.99,
            "eps_latest_yearly": 8.72,
            "eps_growth_yearly": 890.45
        },
        "20224": {
            "year_quarter": 20224,
            "year": 2022,
            "quarter": 4,
            "eps": 0.59,
            "eps_growth_year": -71.14,
            "eps_4q": 5.21,
            "eps_4q_growth_year": -9.98,
            "roe": 1.49,
            "roe_4q": 14.64,
            "gross_profit": 848105,
            "gross_margin": 26.34,
            "gross_margin_4q_avg": 35.2,
            "net_income": 498698,
            "net_income_4q": null,
            "revenue": 3219234,
            "revenue_4q": null,
            "common_shares": 8450557,
            "book_valuer_per_share": 38.7,
            "book_valuer_per_share_4q_avg": 36.72,
            "equity": 32900503,
            "current_ratio": 157.72,
            "debt_ratio": 56.95,
            "inventory_turnover_ratio": 3.59,
            "account_receivable_turnover_ratio": 3.69,
            "reinvestment_rate": 36.04,
            "research_to_sale_ratio": null,
            "price_fair": 143,
            "eps_avg_yearly": 4.09,
            "eps_latest_yearly": 2.36,
            "eps_growth_yearly": 890.47
        },
        "20231": {
            "year_quarter": 20231,
            "year": 2023,
            "quarter": 1,
            "eps": 0.59,
            "eps_growth_year": -41,
            "eps_4q": 4.8,
            "eps_4q_growth_year": -24.8,
            "roe": 1.46,
            "roe_4q": 13.030000000000001,
            "gross_profit": 468200,
            "gross_margin": 16.39,
            "gross_margin_4q_avg": 30.71,
            "net_income": 480646,
            "net_income_4q": null,
            "revenue": 2857078,
            "revenue_4q": null,
            "common_shares": 8450557,
            "book_valuer_per_share": 38.99,
            "book_valuer_per_share_4q_avg": 37.9,
            "equity": 33125893,
            "current_ratio": 149.29,
            "debt_ratio": 58.49,
            "inventory_turnover_ratio": 3.77,
            "account_receivable_turnover_ratio": 3.64,
            "reinvestment_rate": 118.56,
            "research_to_sale_ratio": null,
            "price_fair": 147.8,
            "eps_avg_yearly": 4.22,
            "eps_latest_yearly": 2.36,
            "eps_growth_yearly": 905.95
        },
        "20232": {
            "year_quarter": 20232,
            "year": 2023,
            "quarter": 2,
            "eps": 0.71,
            "eps_growth_year": -50.69,
            "eps_4q": 4.06,
            "eps_4q_growth_year": -38.5,
            "roe": 1.79,
            "roe_4q": 10.61,
            "gross_profit": 926440,
            "gross_margin": 25.4,
            "gross_margin_4q_avg": 27.64,
            "net_income": 588859,
            "net_income_4q": null,
            "revenue": 3647999,
            "revenue_4q": null,
            "common_shares": 8450557,
            "book_valuer_per_share": 38.55,
            "book_valuer_per_share_4q_avg": 39.02,
            "equity": 32750320,
            "current_ratio": 158.54,
            "debt_ratio": 60.63,
            "inventory_turnover_ratio": 4.2,
            "account_receivable_turnover_ratio": 5.11,
            "reinvestment_rate": 129.81,
            "research_to_sale_ratio": null,
            "price_fair": 154.5,
            "eps_avg_yearly": 4.41,
            "eps_latest_yearly": 2.84,
            "eps_growth_yearly": 929.94
        },
        "20233": {
            "year_quarter": 20233,
            "year": 2023,
            "quarter": 3,
            "eps": 0.91,
            "eps_growth_year": -58.26,
            "eps_4q": 2.79,
            "eps_4q_growth_year": -58.19,
            "roe": 2.25,
            "roe_4q": 6.99,
            "gross_profit": 809809,
            "gross_margin": 20.76,
            "gross_margin_4q_avg": 22.22,
            "net_income": 758168,
            "net_income_4q": null,
            "revenue": 3900809,
            "revenue_4q": null,
            "common_shares": 8450557,
            "book_valuer_per_share": 40.86,
            "book_valuer_per_share_4q_avg": 39.28,
            "equity": 34690802,
            "current_ratio": 143.96,
            "debt_ratio": 58.04,
            "inventory_turnover_ratio": 4.83,
            "account_receivable_turnover_ratio": 4.91,
            "reinvestment_rate": 144,
            "research_to_sale_ratio": null,
            "price_fair": 153.4,
            "eps_avg_yearly": 4.38,
            "eps_latest_yearly": 3.64,
            "eps_growth_yearly": 237.99
        }
    },
    "months": {
        "2001-06": {
            "month": "2001-06",
            "price": "7.82",
            "revenue": 275656
        },
        "2001-07": {
            "month": "2001-07",
            "price": "6.36",
            "revenue": 291766
        },
        "2001-08": {
            "month": "2001-08",
            "price": "6.98",
            "revenue": 250655
        },
        "2001-09": {
            "month": "2001-09",
            "price": "6.90",
            "revenue": 207625
        },
        "2001-10": {
            "month": "2001-10",
            "price": "6.93",
            "revenue": 204180
        },
        "2001-11": {
            "month": "2001-11",
            "price": "7.05",
            "revenue": 231854
        },
        "2001-12": {
            "month": "2001-12",
            "price": "7.46",
            "revenue": 205466
        },
        "2002-01": {
            "month": "2002-01",
            "price": "7.63",
            "revenue": 235009
        },
        "2002-02": {
            "month": "2002-02",
            "price": "7.90",
            "revenue": 181496
        },
        "2002-03": {
            "month": "2002-03",
            "price": "8.01",
            "revenue": 189198
        },
        "2002-04": {
            "month": "2002-04",
            "price": "9.17",
            "revenue": 161369
        },
        "2002-05": {
            "month": "2002-05",
            "price": "9.19",
            "revenue": 221760
        },
        "2002-06": {
            "month": "2002-06",
            "price": "9.19",
            "revenue": 188681
        },
        "2002-07": {
            "month": "2002-07",
            "price": "8.53",
            "revenue": 225052
        },
        "2002-08": {
            "month": "2002-08",
            "price": "7.09",
            "revenue": 175365
        },
        "2002-09": {
            "month": "2002-09",
            "price": "6.80",
            "revenue": 194009
        },
        "2002-10": {
            "month": "2002-10",
            "price": "7.01",
            "revenue": 214818
        },
        "2002-11": {
            "month": "2002-11",
            "price": "7.71",
            "revenue": 187354
        },
        "2002-12": {
            "month": "2002-12",
            "price": "10.47",
            "revenue": 216365
        },
        "2003-01": {
            "month": "2003-01",
            "price": "13.27",
            "revenue": 201918
        },
        "2003-02": {
            "month": "2003-02",
            "price": "11.01",
            "revenue": 191086
        },
        "2003-03": {
            "month": "2003-03",
            "price": "11.90",
            "revenue": 281115
        },
        "2003-04": {
            "month": "2003-04",
            "price": "12.68",
            "revenue": 266126
        },
        "2003-05": {
            "month": "2003-05",
            "price": "13.15",
            "revenue": 238517
        },
        "2003-06": {
            "month": "2003-06",
            "price": "13.65",
            "revenue": 276689
        },
        "2003-07": {
            "month": "2003-07",
            "price": "15.59",
            "revenue": 238873
        },
        "2003-08": {
            "month": "2003-08",
            "price": "18.02",
            "revenue": 292027
        },
        "2003-09": {
            "month": "2003-09",
            "price": "22.46",
            "revenue": 220156
        },
        "2003-10": {
            "month": "2003-10",
            "price": "28.72",
            "revenue": 286734
        },
        "2003-11": {
            "month": "2003-11",
            "price": "33.44",
            "revenue": 281231
        },
        "2003-12": {
            "month": "2003-12",
            "price": "35.34",
            "revenue": 297981
        },
        "2004-01": {
            "month": "2004-01",
            "price": "44.03",
            "revenue": 343500
        },
        "2004-02": {
            "month": "2004-02",
            "price": "46.78",
            "revenue": 344875
        },
        "2004-03": {
            "month": "2004-03",
            "price": "55.89",
            "revenue": 337240
        },
        "2004-04": {
            "month": "2004-04",
            "price": "53.37",
            "revenue": 358104
        },
        "2004-05": {
            "month": "2004-05",
            "price": "40.76",
            "revenue": 379241
        },
        "2004-06": {
            "month": "2004-06",
            "price": "40.22",
            "revenue": 347692
        },
        "2004-07": {
            "month": "2004-07",
            "price": "39.10",
            "revenue": 323935
        },
        "2004-08": {
            "month": "2004-08",
            "price": "39.67",
            "revenue": 302022
        },
        "2004-09": {
            "month": "2004-09",
            "price": "49.18",
            "revenue": 388753
        },
        "2004-10": {
            "month": "2004-10",
            "price": "52.13",
            "revenue": 610337
        },
        "2004-11": {
            "month": "2004-11",
            "price": "50.60",
            "revenue": 478873
        },
        "2004-12": {
            "month": "2004-12",
            "price": "51.98",
            "revenue": 345632
        },
        "2005-01": {
            "month": "2005-01",
            "price": "50.95",
            "revenue": 366065
        },
        "2005-02": {
            "month": "2005-02",
            "price": "52.15",
            "revenue": 448200
        },
        "2005-03": {
            "month": "2005-03",
            "price": "53.76",
            "revenue": 339269
        },
        "2005-04": {
            "month": "2005-04",
            "price": "51.26",
            "revenue": 282531
        },
        "2005-05": {
            "month": "2005-05",
            "price": "49.46",
            "revenue": 279959
        },
        "2005-06": {
            "month": "2005-06",
            "price": "49.80",
            "revenue": 300840
        },
        "2005-07": {
            "month": "2005-07",
            "price": "46.42",
            "revenue": 712216
        },
        "2005-08": {
            "month": "2005-08",
            "price": "37.56",
            "revenue": 786158
        },
        "2005-09": {
            "month": "2005-09",
            "price": "38.36",
            "revenue": 747053
        },
        "2005-10": {
            "month": "2005-10",
            "price": "35.04",
            "revenue": 878900
        },
        "2005-11": {
            "month": "2005-11",
            "price": "33.56",
            "revenue": 950689
        },
        "2005-12": {
            "month": "2005-12",
            "price": "34.40",
            "revenue": 860446
        },
        "2006-01": {
            "month": "2006-01",
            "price": "32.78",
            "revenue": 702764
        },
        "2006-02": {
            "month": "2006-02",
            "price": "33.06",
            "revenue": 569166
        },
        "2006-03": {
            "month": "2006-03",
            "price": "32.62",
            "revenue": 715567
        },
        "2006-04": {
            "month": "2006-04",
            "price": "36.32",
            "revenue": 714344
        },
        "2006-05": {
            "month": "2006-05",
            "price": "36.38",
            "revenue": 781270
        },
        "2006-06": {
            "month": "2006-06",
            "price": "35.49",
            "revenue": 821431
        },
        "2006-07": {
            "month": "2006-07",
            "price": "35.65",
            "revenue": 770929
        },
        "2006-08": {
            "month": "2006-08",
            "price": "34.43",
            "revenue": 892783
        },
        "2006-09": {
            "month": "2006-09",
            "price": "35.51",
            "revenue": 872999
        },
        "2006-10": {
            "month": "2006-10",
            "price": "38.34",
            "revenue": 825136
        },
        "2006-11": {
            "month": "2006-11",
            "price": "41.18",
            "revenue": 848364
        },
        "2006-12": {
            "month": "2006-12",
            "price": "42.22",
            "revenue": 933701
        },
        "2007-01": {
            "month": "2007-01",
            "price": "47.03",
            "revenue": 937743
        },
        "2007-02": {
            "month": "2007-02",
            "price": "48.13",
            "revenue": 845512
        },
        "2007-03": {
            "month": "2007-03",
            "price": "51.11",
            "revenue": 995339
        },
        "2007-04": {
            "month": "2007-04",
            "price": "61.58",
            "revenue": 1047147
        },
        "2007-05": {
            "month": "2007-05",
            "price": "61.33",
            "revenue": 1210353
        },
        "2007-06": {
            "month": "2007-06",
            "price": "60.11",
            "revenue": 1255387
        },
        "2007-07": {
            "month": "2007-07",
            "price": "77.07",
            "revenue": 1100760
        },
        "2007-08": {
            "month": "2007-08",
            "price": "86.51",
            "revenue": 1209865
        },
        "2007-09": {
            "month": "2007-09",
            "price": "96.91",
            "revenue": 1319051
        },
        "2007-10": {
            "month": "2007-10",
            "price": "110.68",
            "revenue": 1458179
        },
        "2007-11": {
            "month": "2007-11",
            "price": "92.02",
            "revenue": 1680241
        },
        "2007-12": {
            "month": "2007-12",
            "price": "84.58",
            "revenue": 1698216
        },
        "2008-01": {
            "month": "2008-01",
            "price": "75.45",
            "revenue": 1560158
        },
        "2008-02": {
            "month": "2008-02",
            "price": "82.06",
            "revenue": 1493851
        },
        "2008-03": {
            "month": "2008-03",
            "price": "88.43",
            "revenue": 1409039
        },
        "2008-04": {
            "month": "2008-04",
            "price": "94.66",
            "revenue": 1602736
        },
        "2008-05": {
            "month": "2008-05",
            "price": "103.25",
            "revenue": 1701288
        },
        "2008-06": {
            "month": "2008-06",
            "price": "90.10",
            "revenue": 1449627
        },
        "2008-07": {
            "month": "2008-07",
            "price": "83.06",
            "revenue": 1619582
        },
        "2008-08": {
            "month": "2008-08",
            "price": "80.78",
            "revenue": 1610475
        },
        "2008-09": {
            "month": "2008-09",
            "price": "58.65",
            "revenue": 1623388
        },
        "2008-10": {
            "month": "2008-10",
            "price": "41.01",
            "revenue": 1626462
        },
        "2008-11": {
            "month": "2008-11",
            "price": "39.58",
            "revenue": 1236988
        },
        "2008-12": {
            "month": "2008-12",
            "price": "38.95",
            "revenue": 1238296
        },
        "2009-01": {
            "month": "2009-01",
            "price": "41.43",
            "revenue": 934767
        },
        "2009-02": {
            "month": "2009-02",
            "price": "44.82",
            "revenue": 755315
        },
        "2009-03": {
            "month": "2009-03",
            "price": "49.03",
            "revenue": 927907
        },
        "2009-04": {
            "month": "2009-04",
            "price": "56.49",
            "revenue": 1026292
        },
        "2009-05": {
            "month": "2009-05",
            "price": "65.55",
            "revenue": 989473
        },
        "2009-06": {
            "month": "2009-06",
            "price": "65.96",
            "revenue": 969948
        },
        "2009-07": {
            "month": "2009-07",
            "price": "64.97",
            "revenue": 1103251
        },
        "2009-08": {
            "month": "2009-08",
            "price": "58.50",
            "revenue": 1195817
        },
        "2009-09": {
            "month": "2009-09",
            "price": "54.72",
            "revenue": 1160972
        },
        "2009-10": {
            "month": "2009-10",
            "price": "61.22",
            "revenue": 1011986
        },
        "2009-11": {
            "month": "2009-11",
            "price": "63.96",
            "revenue": 1058001
        },
        "2009-12": {
            "month": "2009-12",
            "price": "64.01",
            "revenue": 1358531
        },
        "2010-01": {
            "month": "2010-01",
            "price": "65.82",
            "revenue": 1081047
        },
        "2010-02": {
            "month": "2010-02",
            "price": "59.07",
            "revenue": 967468
        },
        "2010-03": {
            "month": "2010-03",
            "price": "64.18",
            "revenue": 975748
        },
        "2010-04": {
            "month": "2010-04",
            "price": "65.10",
            "revenue": 1019663
        },
        "2010-05": {
            "month": "2010-05",
            "price": "64.63",
            "revenue": 1054908
        },
        "2010-06": {
            "month": "2010-06",
            "price": "62.40",
            "revenue": 973387
        },
        "2010-07": {
            "month": "2010-07",
            "price": "62.23",
            "revenue": 1016176
        },
        "2010-08": {
            "month": "2010-08",
            "price": "62.29",
            "revenue": 852157
        },
        "2010-09": {
            "month": "2010-09",
            "price": "61.86",
            "revenue": 870446
        },
        "2010-10": {
            "month": "2010-10",
            "price": "62.47",
            "revenue": 864876
        },
        "2010-11": {
            "month": "2010-11",
            "price": "62.61",
            "revenue": 703084
        },
        "2010-12": {
            "month": "2010-12",
            "price": "62.87",
            "revenue": 915167
        },
        "2011-01": {
            "month": "2011-01",
            "price": "62.77",
            "revenue": 777912
        },
        "2011-02": {
            "month": "2011-02",
            "price": "61.69",
            "revenue": 623155
        },
        "2011-03": {
            "month": "2011-03",
            "price": "61.34",
            "revenue": 615188
        },
        "2011-04": {
            "month": "2011-04",
            "price": "62.49",
            "revenue": 628824
        },
        "2011-05": {
            "month": "2011-05",
            "price": "61.22",
            "revenue": 667941
        },
        "2011-06": {
            "month": "2011-06",
            "price": "60.90",
            "revenue": 602517
        },
        "2011-07": {
            "month": "2011-07",
            "price": "57.83",
            "revenue": 674429
        },
        "2011-08": {
            "month": "2011-08",
            "price": "48.14",
            "revenue": 682864
        },
        "2011-09": {
            "month": "2011-09",
            "price": "45.76",
            "revenue": 763254
        },
        "2011-10": {
            "month": "2011-10",
            "price": "46.50",
            "revenue": 761330
        },
        "2011-11": {
            "month": "2011-11",
            "price": "44.04",
            "revenue": 787932
        },
        "2011-12": {
            "month": "2011-12",
            "price": "44.02",
            "revenue": 787838
        },
        "2012-01": {
            "month": "2012-01",
            "price": "44.74",
            "revenue": 676545
        },
        "2012-02": {
            "month": "2012-02",
            "price": "49.45",
            "revenue": 674608
        },
        "2012-03": {
            "month": "2012-03",
            "price": "51.03",
            "revenue": 736154
        },
        "2012-04": {
            "month": "2012-04",
            "price": "49.86",
            "revenue": 734809
        },
        "2012-05": {
            "month": "2012-05",
            "price": "47.43",
            "revenue": 736027
        },
        "2012-06": {
            "month": "2012-06",
            "price": "45.77",
            "revenue": 645526
        },
        "2012-07": {
            "month": "2012-07",
            "price": "46.90",
            "revenue": 622083
        },
        "2012-08": {
            "month": "2012-08",
            "price": "45.86",
            "revenue": 577150
        },
        "2012-09": {
            "month": "2012-09",
            "price": "45.48",
            "revenue": 574532
        },
        "2012-10": {
            "month": "2012-10",
            "price": "45.49",
            "revenue": 541222
        },
        "2012-11": {
            "month": "2012-11",
            "price": "44.42",
            "revenue": 473523
        },
        "2012-12": {
            "month": "2012-12",
            "price": "46.09",
            "revenue": 654571
        },
        "2013-01": {
            "month": "2013-01",
            "price": "48.13",
            "revenue": 627637
        },
        "2013-02": {
            "month": "2013-02",
            "price": "46.96",
            "revenue": 527012
        },
        "2013-03": {
            "month": "2013-03",
            "price": "45.66",
            "revenue": 537549
        },
        "2013-04": {
            "month": "2013-04",
            "price": "46.30",
            "revenue": 506434
        },
        "2013-05": {
            "month": "2013-05",
            "price": "46.76",
            "revenue": 580836
        },
        "2013-06": {
            "month": "2013-06",
            "price": "45.63",
            "revenue": 517614
        },
        "2013-07": {
            "month": "2013-07",
            "price": "46.79",
            "revenue": 581274
        },
        "2013-08": {
            "month": "2013-08",
            "price": "45.16",
            "revenue": 576583
        },
        "2013-09": {
            "month": "2013-09",
            "price": "50.71",
            "revenue": 698510
        },
        "2013-10": {
            "month": "2013-10",
            "price": "50.91",
            "revenue": 662534
        },
        "2013-11": {
            "month": "2013-11",
            "price": "49.52",
            "revenue": 792695
        },
        "2013-12": {
            "month": "2013-12",
            "price": "52.39",
            "revenue": 817540
        },
        "2014-01": {
            "month": "2014-01",
            "price": "52.42",
            "revenue": 765429
        },
        "2014-02": {
            "month": "2014-02",
            "price": "50.27",
            "revenue": 671905
        },
        "2014-03": {
            "month": "2014-03",
            "price": "51.00",
            "revenue": 679027
        },
        "2014-04": {
            "month": "2014-04",
            "price": "50.78",
            "revenue": 796251
        },
        "2014-05": {
            "month": "2014-05",
            "price": "50.94",
            "revenue": 773891
        },
        "2014-06": {
            "month": "2014-06",
            "price": "50.41",
            "revenue": 714318
        },
        "2014-07": {
            "month": "2014-07",
            "price": "48.76",
            "revenue": 778013
        },
        "2014-08": {
            "month": "2014-08",
            "price": "47.93",
            "revenue": 881243
        },
        "2014-09": {
            "month": "2014-09",
            "price": "47.84",
            "revenue": 749995
        },
        "2014-10": {
            "month": "2014-10",
            "price": "45.99",
            "revenue": 768384
        },
        "2014-11": {
            "month": "2014-11",
            "price": "47.26",
            "revenue": 779520
        },
        "2014-12": {
            "month": "2014-12",
            "price": "48.19",
            "revenue": 782978
        },
        "2015-01": {
            "month": "2015-01",
            "price": "49.08",
            "revenue": 719559
        },
        "2015-02": {
            "month": "2015-02",
            "price": "48.04",
            "revenue": 541262
        },
        "2015-03": {
            "month": "2015-03",
            "price": "46.66",
            "revenue": 637147
        },
        "2015-04": {
            "month": "2015-04",
            "price": "46.36",
            "revenue": 531247
        },
        "2015-05": {
            "month": "2015-05",
            "price": "44.55",
            "revenue": 604993
        },
        "2015-06": {
            "month": "2015-06",
            "price": "40.60",
            "revenue": 691085
        },
        "2015-07": {
            "month": "2015-07",
            "price": "40.98",
            "revenue": 721108
        },
        "2015-08": {
            "month": "2015-08",
            "price": "35.61",
            "revenue": 706117
        },
        "2015-09": {
            "month": "2015-09",
            "price": "34.32",
            "revenue": 750901
        },
        "2015-10": {
            "month": "2015-10",
            "price": "37.33",
            "revenue": 726374
        },
        "2015-11": {
            "month": "2015-11",
            "price": "32.96",
            "revenue": 709543
        },
        "2015-12": {
            "month": "2015-12",
            "price": "26.24",
            "revenue": 572520
        },
        "2016-01": {
            "month": "2016-01",
            "price": "24.69",
            "revenue": 545708
        },
        "2016-02": {
            "month": "2016-02",
            "price": "25.74",
            "revenue": 460155
        },
        "2016-03": {
            "month": "2016-03",
            "price": "27.68",
            "revenue": 459000
        },
        "2016-04": {
            "month": "2016-04",
            "price": "26.38",
            "revenue": 458364
        },
        "2016-05": {
            "month": "2016-05",
            "price": "24.76",
            "revenue": 537968
        },
        "2016-06": {
            "month": "2016-06",
            "price": "24.39",
            "revenue": 499387
        },
        "2016-07": {
            "month": "2016-07",
            "price": "24.13",
            "revenue": 531762
        },
        "2016-08": {
            "month": "2016-08",
            "price": "22.29",
            "revenue": 526568
        },
        "2016-09": {
            "month": "2016-09",
            "price": "22.18",
            "revenue": 594526
        },
        "2016-10": {
            "month": "2016-10",
            "price": "22.04",
            "revenue": 613916
        },
        "2016-11": {
            "month": "2016-11",
            "price": "24.16",
            "revenue": 618184
        },
        "2016-12": {
            "month": "2016-12",
            "price": "24.78",
            "revenue": 663753
        },
        "2017-01": {
            "month": "2017-01",
            "price": "25.80",
            "revenue": 612359
        },
        "2017-02": {
            "month": "2017-02",
            "price": "29.21",
            "revenue": 519235
        },
        "2017-03": {
            "month": "2017-03",
            "price": "32.42",
            "revenue": 662445
        },
        "2017-04": {
            "month": "2017-04",
            "price": "30.63",
            "revenue": 683550
        },
        "2017-05": {
            "month": "2017-05",
            "price": "30.10",
            "revenue": 724927
        },
        "2017-06": {
            "month": "2017-06",
            "price": "31.12",
            "revenue": 764700
        },
        "2017-07": {
            "month": "2017-07",
            "price": "31.62",
            "revenue": 623081
        },
        "2017-08": {
            "month": "2017-08",
            "price": "36.05",
            "revenue": 620148
        },
        "2017-09": {
            "month": "2017-09",
            "price": "36.50",
            "revenue": 795409
        },
        "2017-10": {
            "month": "2017-10",
            "price": "34.78",
            "revenue": 727730
        },
        "2017-11": {
            "month": "2017-11",
            "price": "35.10",
            "revenue": 781858
        },
        "2017-12": {
            "month": "2017-12",
            "price": "36.92",
            "revenue": 1020709
        },
        "2018-01": {
            "month": "2018-01",
            "price": "37.88",
            "revenue": 885985
        },
        "2018-02": {
            "month": "2018-02",
            "price": "36.35",
            "revenue": 572899
        },
        "2018-03": {
            "month": "2018-03",
            "price": "36.25",
            "revenue": 723084
        },
        "2018-04": {
            "month": "2018-04",
            "price": "34.82",
            "revenue": 755905
        },
        "2018-05": {
            "month": "2018-05",
            "price": "34.41",
            "revenue": 841853
        },
        "2018-06": {
            "month": "2018-06",
            "price": "33.32",
            "revenue": 850088
        },
        "2018-07": {
            "month": "2018-07",
            "price": "30.82",
            "revenue": 981901
        },
        "2018-08": {
            "month": "2018-08",
            "price": "34.26",
            "revenue": 1195540
        },
        "2018-09": {
            "month": "2018-09",
            "price": "33.67",
            "revenue": 1445380
        },
        "2018-10": {
            "month": "2018-10",
            "price": "35.24",
            "revenue": 1092563
        },
        "2018-11": {
            "month": "2018-11",
            "price": "30.50",
            "revenue": 1159424
        },
        "2018-12": {
            "month": "2018-12",
            "price": "31.84",
            "revenue": 1008162
        },
        "2019-01": {
            "month": "2019-01",
            "price": "31.15",
            "revenue": 774957
        },
        "2019-02": {
            "month": "2019-02",
            "price": "30.06",
            "revenue": 605848
        },
        "2019-03": {
            "month": "2019-03",
            "price": "30.38",
            "revenue": 684351
        },
        "2019-04": {
            "month": "2019-04",
            "price": "31.52",
            "revenue": 633461
        },
        "2019-05": {
            "month": "2019-05",
            "price": "31.14",
            "revenue": 739482
        },
        "2019-06": {
            "month": "2019-06",
            "price": "32.04",
            "revenue": 810771
        },
        "2019-07": {
            "month": "2019-07",
            "price": "34.88",
            "revenue": 879600
        },
        "2019-08": {
            "month": "2019-08",
            "price": "33.10",
            "revenue": 1184272
        },
        "2019-09": {
            "month": "2019-09",
            "price": "34.58",
            "revenue": 1205480
        },
        "2019-10": {
            "month": "2019-10",
            "price": "33.70",
            "revenue": 1083625
        },
        "2019-11": {
            "month": "2019-11",
            "price": "33.42",
            "revenue": 860057
        },
        "2019-12": {
            "month": "2019-12",
            "price": "33.60",
            "revenue": 850000
        },
        "2020-01": {
            "month": "2020-01",
            "price": "32.12",
            "revenue": 691117
        },
        "2020-02": {
            "month": "2020-02",
            "price": "29.72",
            "revenue": 580281
        },
        "2020-03": {
            "month": "2020-03",
            "price": "26.44",
            "revenue": 631075
        },
        "2020-04": {
            "month": "2020-04",
            "price": "28.07",
            "revenue": 536395
        },
        "2020-05": {
            "month": "2020-05",
            "price": "28.76",
            "revenue": 484641
        },
        "2020-06": {
            "month": "2020-06",
            "price": "30.81",
            "revenue": 565491
        },
        "2020-07": {
            "month": "2020-07",
            "price": "28.75",
            "revenue": 830313
        },
        "2020-08": {
            "month": "2020-08",
            "price": "29.06",
            "revenue": 846728
        },
        "2020-09": {
            "month": "2020-09",
            "price": "29.60",
            "revenue": 950312
        },
        "2020-10": {
            "month": "2020-10",
            "price": "30.00",
            "revenue": 775973
        },
        "2020-11": {
            "month": "2020-11",
            "price": "29.84",
            "revenue": 816495
        },
        "2020-12": {
            "month": "2020-12",
            "price": "33.29",
            "revenue": 807605
        },
        "2021-01": {
            "month": "2021-01",
            "price": "34.84",
            "revenue": 753727
        },
        "2021-02": {
            "month": "2021-02",
            "price": "33.89",
            "revenue": 728962
        },
        "2021-03": {
            "month": "2021-03",
            "price": "37.38",
            "revenue": 979826
        },
        "2021-04": {
            "month": "2021-04",
            "price": "52.78",
            "revenue": 1137489
        },
        "2021-05": {
            "month": "2021-05",
            "price": "57.28",
            "revenue": 1054535
        },
        "2021-06": {
            "month": "2021-06",
            "price": "67.86",
            "revenue": 1179510
        },
        "2021-07": {
            "month": "2021-07",
            "price": "70.86",
            "revenue": 1384918
        },
        "2021-08": {
            "month": "2021-08",
            "price": "65.12",
            "revenue": 1264382
        },
        "2021-09": {
            "month": "2021-09",
            "price": "63.71",
            "revenue": 1459377
        },
        "2021-10": {
            "month": "2021-10",
            "price": "59.62",
            "revenue": 1438002
        },
        "2021-11": {
            "month": "2021-11",
            "price": "53.86",
            "revenue": 1397365
        },
        "2021-12": {
            "month": "2021-12",
            "price": "60.08",
            "revenue": 1297349
        },
        "2022-01": {
            "month": "2022-01",
            "price": "57.24",
            "revenue": 1026516
        },
        "2022-02": {
            "month": "2022-02",
            "price": "59.67",
            "revenue": 802933
        },
        "2022-03": {
            "month": "2022-03",
            "price": "61.51",
            "revenue": 1216502
        },
        "2022-04": {
            "month": "2022-04",
            "price": "61.93",
            "revenue": 1167766
        },
        "2022-05": {
            "month": "2022-05",
            "price": "61.66",
            "revenue": 1204070
        },
        "2022-06": {
            "month": "2022-06",
            "price": "51.43",
            "revenue": 1388509
        },
        "2022-07": {
            "month": "2022-07",
            "price": "40.68",
            "revenue": 1651326
        },
        "2022-08": {
            "month": "2022-08",
            "price": "40.93",
            "revenue": 1472657
        },
        "2022-09": {
            "month": "2022-09",
            "price": "38.48",
            "revenue": 1020883
        },
        "2022-10": {
            "month": "2022-10",
            "price": "36.64",
            "revenue": 1097216
        },
        "2022-11": {
            "month": "2022-11",
            "price": "41.11",
            "revenue": 916330
        },
        "2022-12": {
            "month": "2022-12",
            "price": "48.16",
            "revenue": 1099548
        },
        "2023-01": {
            "month": "2023-01",
            "price": "48.37",
            "revenue": 871508
        },
        "2023-02": {
            "month": "2023-02",
            "price": "51.90",
            "revenue": 878935
        },
        "2023-03": {
            "month": "2023-03",
            "price": "57.12",
            "revenue": 1107819
        },
        "2023-04": {
            "month": "2023-04",
            "price": "55.76",
            "revenue": 1174154
        },
        "2023-05": {
            "month": "2023-05",
            "price": "52.50",
            "revenue": 1208943
        },
        "2023-06": {
            "month": "2023-06",
            "price": "48.64",
            "revenue": 1263718
        },
        "2023-07": {
            "month": "2023-07",
            "price": "43.95",
            "revenue": 1839307
        },
        "2023-08": {
            "month": "2023-08",
            "price": "44.62",
            "revenue": 1112425
        },
        "2023-09": {
            "month": "2023-09",
            "price": "47.30",
            "revenue": 949077
        },
        "2023-10": {
            "month": "2023-10",
            "price": "45.79",
            "revenue": 1279006
        },
        "2023-11": {
            "month": "2023-11",
            "price": "46.07",
            "revenue": 1274284
        }
    }
}
