{
    "summary": {
        "stock_name": "榮運",
        "stock_id": "2607",
        "category": "航運",
        "main_business": "船舶運送及出租業<br>汽車貨櫃貨運業<br>貨櫃集散站經營業",
        "website_url": "http://www.evergreen-eitc.com.tw",
        "ceo": "林振芳",
        "pe_ratio": 12,
        "report_year_from": 2001,
        "report_year_to": 2023,
        "age": 23,
        "eps_negative_percentage": 4,
        "eps_growth_avg": {
            "last_all": 9.16,
            "last_2y": 41.31,
            "last_4y": 20.49,
            "last_8y": 14.77,
            "last_12y": 7.59,
            "last_16y": 6.19,
            "last_20y": 9.16,
            "at_2006_last_3y": 21.75,
            "at_2007_last_3y": 19.25,
            "at_2008_last_3y": 3.61,
            "at_2009_last_3y": -14.41,
            "at_2010_last_3y": 1.67,
            "at_2011_last_3y": 2.98,
            "at_2012_last_3y": -7.42,
            "at_2013_last_3y": 2.81,
            "at_2014_last_3y": -8.57,
            "at_2015_last_3y": 4.47,
            "at_2016_last_3y": 12.73,
            "at_2017_last_3y": 11.91,
            "at_2018_last_3y": 7.61,
            "at_2019_last_3y": 0.13,
            "at_2020_last_3y": -3.66,
            "at_2021_last_3y": 8.1,
            "at_2022_last_3y": 33.7,
            "at_2023_last_3y": 26.23,
            "at_2024_last_3y": 26.23,
            "at_2006_last_all": 21.75,
            "at_2007_last_all": 11.4,
            "at_2008_last_all": 10.29,
            "at_2009_last_all": 4.76,
            "at_2010_last_all": 11.71,
            "at_2011_last_all": 7.66,
            "at_2012_last_all": 3.21,
            "at_2013_last_all": 4.05,
            "at_2014_last_all": 4.95,
            "at_2015_last_all": 6.68,
            "at_2016_last_all": 5.93,
            "at_2017_last_all": 6.15,
            "at_2018_last_all": 5.61,
            "at_2019_last_all": 5.14,
            "at_2020_last_all": 3.8,
            "at_2021_last_all": 6.56,
            "at_2022_last_all": 11.23,
            "at_2023_last_all": 9.16,
            "at_2024_last_all": 9.16
        },
        "latest_eps": 2.76,
        "latest_price": 33.7,
        "latest_roe": 9.91,
        "latest_gross_margin": 25.86,
        "latest_equity": 31700756,
        "latest_revenue": 4342275,
        "latest_gross_profit": 1122826,
        "latest_net_income": 769440,
        "latest_debt_ratio": 26.7,
        "latest_current_ratio": 326.03,
        "latest_account_receivable_turnover_ratio": 1.38,
        "latest_inventory_turnover_ratio": 50.66,
        "latest_reinvestment_rate": -78.69,
        "latest_research_to_sale_ratio": null
    },
    "eps_dividends": {
        "1992": {
            "cash": 1.5,
            "stock": 0,
            "eps": 0
        },
        "1993": {
            "cash": 0,
            "stock": 1,
            "eps": 0
        },
        "1994": {
            "cash": 1,
            "stock": 0,
            "eps": 0
        },
        "1997": {
            "cash": 1,
            "stock": 0,
            "eps": 0
        },
        "1998": {
            "cash": 0,
            "stock": 2.5,
            "eps": 0
        },
        "2000": {
            "cash": 0,
            "stock": 1.5,
            "eps": 0
        },
        "2001": {
            "cash": 0.2,
            "stock": 0,
            "eps": -0.04
        },
        "2002": {
            "cash": 0.3,
            "stock": 0,
            "eps": 0.65
        },
        "2003": {
            "cash": 0.4,
            "stock": 0,
            "eps": 0.52
        },
        "2004": {
            "cash": 0.5,
            "stock": 0,
            "eps": 0.87
        },
        "2005": {
            "cash": 0.7,
            "stock": 0,
            "eps": 1.25
        },
        "2006": {
            "cash": 0.9,
            "stock": 0,
            "eps": 1.2
        },
        "2007": {
            "cash": 0.9,
            "stock": 0,
            "eps": 0.84
        },
        "2008": {
            "cash": 0.7,
            "stock": 0,
            "eps": 0.88
        },
        "2009": {
            "cash": 0,
            "stock": 0,
            "eps": 0.63
        },
        "2010": {
            "cash": 0.5,
            "stock": 0,
            "eps": 1.01
        },
        "2011": {
            "cash": 1,
            "stock": 0,
            "eps": 0.76
        },
        "2012": {
            "cash": 0,
            "stock": 0,
            "eps": 0.48
        },
        "2013": {
            "cash": 0.3,
            "stock": 0,
            "eps": 0.54
        },
        "2014": {
            "cash": 0.3,
            "stock": 0,
            "eps": 0.62
        },
        "2015": {
            "cash": 0.35,
            "stock": 0,
            "eps": 0.79
        },
        "2016": {
            "cash": 0.35,
            "stock": 0,
            "eps": 0.76
        },
        "2017": {
            "cash": 0.35,
            "stock": 0,
            "eps": 0.83
        },
        "2018": {
            "cash": 0.35,
            "stock": 0,
            "eps": 0.81
        },
        "2019": {
            "cash": 0.35,
            "stock": 0,
            "eps": 0.79
        },
        "2020": {
            "cash": 0.3,
            "stock": 0,
            "eps": 0.64
        },
        "2021": {
            "cash": 0.3,
            "stock": 0,
            "eps": 1
        },
        "2022": {
            "cash": 0.4,
            "stock": 0,
            "eps": 3.31
        },
        "2023": {
            "cash": 1.25,
            "stock": 0,
            "eps": 2.24
        }
    },
    "dividends": {
        "1992-06-01": {
            "cash": 1.5,
            "stock": 0
        },
        "1993-04-17": {
            "cash": 0,
            "stock": 1
        },
        "1994-05-04": {
            "cash": 1,
            "stock": 0
        },
        "1997-07-18": {
            "cash": 1,
            "stock": 0
        },
        "1998-06-15": {
            "cash": 0,
            "stock": 2.5
        },
        "2000-05-17": {
            "cash": 0,
            "stock": 1.5
        },
        "2001-05-11": {
            "cash": 0.2,
            "stock": 0
        },
        "2002-06-27": {
            "cash": 0.3,
            "stock": 0
        },
        "2003-04-03": {
            "cash": 0.4,
            "stock": 0
        },
        "2004-04-27": {
            "cash": 0.5,
            "stock": 0
        },
        "2005-04-19": {
            "cash": 0.7,
            "stock": 0
        },
        "2006-04-24": {
            "cash": 0.9,
            "stock": 0
        },
        "2007-04-19": {
            "cash": 0.9,
            "stock": 0
        },
        "2008-04-22": {
            "cash": 0.7,
            "stock": 0
        },
        "2010-04-28": {
            "cash": 0.5,
            "stock": 0
        },
        "2011-01-01": {
            "cash": 0.3,
            "stock": 0
        },
        "2011-03-22": {
            "cash": 0.7,
            "stock": 0
        },
        "2013-03-26": {
            "cash": 0.3,
            "stock": 0
        },
        "2014-09-18": {
            "cash": 0.3,
            "stock": 0
        },
        "2015-09-10": {
            "cash": 0.35,
            "stock": 0
        },
        "2016-09-08": {
            "cash": 0.35,
            "stock": 0
        },
        "2017-09-15": {
            "cash": 0.35,
            "stock": 0
        },
        "2018-09-05": {
            "cash": 0.35,
            "stock": 0
        },
        "2019-09-10": {
            "cash": 0.35,
            "stock": 0
        },
        "2020-08-17": {
            "cash": 0.3,
            "stock": 0
        },
        "2021-09-07": {
            "cash": 0.3,
            "stock": 0
        },
        "2022-08-23": {
            "cash": 0.4,
            "stock": 0
        },
        "2023-08-09": {
            "cash": 1.25,
            "stock": 0
        }
    },
    "prices": {
        "200101": "13.58",
        "200102": "13.96",
        "200103": "13.20",
        "200104": "11.43",
        "200105": "9.92",
        "200106": "9.45",
        "200107": "7.37",
        "200108": "9.62",
        "200109": "8.07",
        "200110": "6.62",
        "200111": "7.62",
        "200112": "11.87",
        "200201": "21.05",
        "200202": "19.25",
        "200203": "18.91",
        "200204": "17.70",
        "200205": "15.24",
        "200206": "13.90",
        "200207": "13.09",
        "200208": "12.03",
        "200209": "10.36",
        "200210": "10.31",
        "200211": "11.31",
        "200212": "10.86",
        "200301": "14.72",
        "200302": "12.25",
        "200303": "11.30",
        "200304": "10.83",
        "200305": "9.95",
        "200306": "10.44",
        "200307": "10.66",
        "200308": "10.35",
        "200309": "10.85",
        "200310": "13.39",
        "200311": "13.00",
        "200312": "12.60",
        "200401": "14.43",
        "200402": "16.34",
        "200403": "16.76",
        "200404": "14.62",
        "200405": "13.22",
        "200406": "13.14",
        "200407": "12.44",
        "200408": "11.18",
        "200409": "13.36",
        "200410": "14.70",
        "200411": "13.66",
        "200412": "14.76",
        "200501": "15.07",
        "200502": "14.07",
        "200503": "14.58",
        "200504": "12.90",
        "200505": "12.17",
        "200506": "13.36",
        "200507": "12.90",
        "200508": "12.20",
        "200509": "11.84",
        "200510": "11.30",
        "200511": "12.18",
        "200512": "12.81",
        "200601": "12.97",
        "200602": "13.26",
        "200603": "12.96",
        "200604": "14.04",
        "200605": "16.76",
        "200606": "16.51",
        "200607": "16.61",
        "200608": "15.74",
        "200609": "15.06",
        "200610": "15.94",
        "200611": "16.81",
        "200612": "18.26",
        "200701": "18.24",
        "200702": "17.57",
        "200703": "16.88",
        "200704": "17.34",
        "200705": "16.78",
        "200706": "17.18",
        "200707": "19.78",
        "200708": "17.31",
        "200709": "17.42",
        "200710": "18.78",
        "200711": "16.59",
        "200712": "15.12",
        "200801": "16.72",
        "200802": "19.83",
        "200803": "26.50",
        "200804": "31.57",
        "200805": "31.71",
        "200806": "25.00",
        "200807": "22.70",
        "200808": "20.89",
        "200809": "16.82",
        "200810": "13.63",
        "200811": "17.02",
        "200812": "18.05",
        "200901": "16.99",
        "200902": "16.18",
        "200903": "18.79",
        "200904": "22.98",
        "200905": "29.51",
        "200906": "29.32",
        "200907": "29.21",
        "200908": "25.88",
        "200909": "27.80",
        "200910": "29.40",
        "200911": "27.46",
        "200912": "27.62",
        "201001": "28.12",
        "201002": "25.08",
        "201003": "25.63",
        "201004": "26.35",
        "201005": "23.26",
        "201006": "22.81",
        "201007": "24.15",
        "201008": "25.97",
        "201009": "24.95",
        "201010": "26.96",
        "201011": "26.64",
        "201012": "27.93",
        "201101": "27.69",
        "201102": "25.71",
        "201103": "23.90",
        "201104": "24.86",
        "201105": "24.93",
        "201106": "24.43",
        "201107": "24.54",
        "201108": "20.57",
        "201109": "18.41",
        "201110": "17.40",
        "201111": "16.09",
        "201112": "14.02",
        "201201": "14.49",
        "201202": "17.15",
        "201203": "16.69",
        "201204": "14.73",
        "201205": "15.11",
        "201206": "14.62",
        "201207": "14.71",
        "201208": "16.43",
        "201209": "18.90",
        "201210": "19.50",
        "201211": "19.18",
        "201212": "20.09",
        "201301": "20.21",
        "201302": "20.26",
        "201303": "20.20",
        "201304": "19.40",
        "201305": "19.64",
        "201306": "19.25",
        "201307": "18.86",
        "201308": "18.78",
        "201309": "18.99",
        "201310": "20.03",
        "201311": "19.75",
        "201312": "20.21",
        "201401": "21.13",
        "201402": "20.62",
        "201403": "20.56",
        "201404": "19.66",
        "201405": "19.09",
        "201406": "18.76",
        "201407": "18.73",
        "201408": "19.04",
        "201409": "18.67",
        "201410": "17.62",
        "201411": "17.86",
        "201412": "18.09",
        "201501": "18.82",
        "201502": "18.37",
        "201503": "18.00",
        "201504": "17.80",
        "201505": "17.15",
        "201506": "15.68",
        "201507": "15.19",
        "201508": "13.58",
        "201509": "13.14",
        "201510": "13.70",
        "201511": "13.33",
        "201512": "13.45",
        "201601": "13.09",
        "201602": "13.14",
        "201603": "13.59",
        "201604": "13.31",
        "201605": "12.84",
        "201606": "12.92",
        "201607": "13.10",
        "201608": "13.05",
        "201609": "12.96",
        "201610": "12.78",
        "201611": "12.84",
        "201612": "12.99",
        "201701": "13.22",
        "201702": "15.02",
        "201703": "14.66",
        "201704": "13.91",
        "201705": "13.71",
        "201706": "13.81",
        "201707": "14.00",
        "201708": "14.07",
        "201709": "14.04",
        "201710": "13.93",
        "201711": "13.92",
        "201712": "13.95",
        "201801": "14.18",
        "201802": "13.40",
        "201803": "13.27",
        "201804": "13.43",
        "201805": "13.39",
        "201806": "13.44",
        "201807": "13.07",
        "201808": "13.00",
        "201809": "13.24",
        "201810": "13.27",
        "201811": "12.94",
        "201812": "13.43",
        "201901": "13.37",
        "201902": "13.50",
        "201903": "13.50",
        "201904": "13.64",
        "201905": "14.08",
        "201906": "14.10",
        "201907": "14.30",
        "201908": "13.64",
        "201909": "13.68",
        "201910": "14.16",
        "201911": "14.04",
        "201912": "14.31",
        "202001": "14.13",
        "202002": "13.64",
        "202003": "12.39",
        "202004": "12.34",
        "202005": "12.92",
        "202006": "13.28",
        "202007": "13.61",
        "202008": "13.53",
        "202009": "13.95",
        "202010": "14.29",
        "202011": "15.21",
        "202012": "17.95",
        "202101": "16.98",
        "202102": "16.60",
        "202103": "17.75",
        "202104": "21.01",
        "202105": "21.21",
        "202106": "29.31",
        "202107": "38.81",
        "202108": "33.11",
        "202109": "31.47",
        "202110": "27.61",
        "202111": "28.48",
        "202112": "29.12",
        "202201": "29.06",
        "202202": "32.77",
        "202203": "37.81",
        "202204": "37.01",
        "202205": "35.62",
        "202206": "32.38",
        "202207": "28.81",
        "202208": "30.45",
        "202209": "31.05",
        "202210": "28.22",
        "202211": "27.52",
        "202212": "28.22",
        "202301": "27.13",
        "202302": "27.40",
        "202303": "27.85",
        "202304": "27.65",
        "202305": "27.08",
        "202306": "28.30",
        "202307": "27.97",
        "202308": "28.13",
        "202309": "28.43",
        "202310": "29.82",
        "202311": "30.44",
        "202312": "32.40"
    },
    "quarters": {
        "20011": {
            "year_quarter": 20011,
            "year": 2001,
            "quarter": 1,
            "eps": -0.1,
            "eps_growth_year": -117.86,
            "eps_4q": -0.48,
            "eps_4q_growth_year": -137.71,
            "roe": -0.85,
            "roe_4q": -0.85,
            "gross_profit": 41409,
            "gross_margin": 9.62,
            "gross_margin_4q_avg": 9.62,
            "net_income": -15081,
            "net_income_4q": null,
            "revenue": 430656,
            "revenue_4q": null,
            "common_shares": 1452773,
            "book_valuer_per_share": 12.18,
            "book_valuer_per_share_4q_avg": 12.18,
            "equity": 1769407,
            "current_ratio": 499.04,
            "debt_ratio": 12.2,
            "inventory_turnover_ratio": null,
            "account_receivable_turnover_ratio": null,
            "reinvestment_rate": null,
            "research_to_sale_ratio": null,
            "price_fair": 0,
            "eps_avg_yearly": 0,
            "eps_latest_yearly": 0,
            "eps_growth_yearly": 0
        },
        "20012": {
            "year_quarter": 20012,
            "year": 2001,
            "quarter": 2,
            "eps": -0.33,
            "eps_growth_year": null,
            "eps_4q": -0.78,
            "eps_4q_growth_year": -222.89,
            "roe": -2.75,
            "roe_4q": -3.6,
            "gross_profit": 49232,
            "gross_margin": 11.17,
            "gross_margin_4q_avg": 10.4,
            "net_income": -47589,
            "net_income_4q": null,
            "revenue": 440684,
            "revenue_4q": null,
            "common_shares": 1452773,
            "book_valuer_per_share": 11.61,
            "book_valuer_per_share_4q_avg": 11.9,
            "equity": 1685964,
            "current_ratio": 391.37,
            "debt_ratio": 14.7,
            "inventory_turnover_ratio": null,
            "account_receivable_turnover_ratio": null,
            "reinvestment_rate": null,
            "research_to_sale_ratio": null,
            "price_fair": 0,
            "eps_avg_yearly": 0,
            "eps_latest_yearly": 0,
            "eps_growth_yearly": 0
        },
        "20013": {
            "year_quarter": 20013,
            "year": 2001,
            "quarter": 3,
            "eps": -0.04,
            "eps_growth_year": null,
            "eps_4q": -0.43,
            "eps_4q_growth_year": null,
            "roe": -0.31,
            "roe_4q": -3.91,
            "gross_profit": 69888,
            "gross_margin": 16.16,
            "gross_margin_4q_avg": 12.32,
            "net_income": -5156,
            "net_income_4q": null,
            "revenue": 432362,
            "revenue_4q": null,
            "common_shares": 1452773,
            "book_valuer_per_share": 11.54,
            "book_valuer_per_share_4q_avg": 11.78,
            "equity": 1676986,
            "current_ratio": 471.37,
            "debt_ratio": 12.99,
            "inventory_turnover_ratio": null,
            "account_receivable_turnover_ratio": null,
            "reinvestment_rate": null,
            "research_to_sale_ratio": null,
            "price_fair": 0,
            "eps_avg_yearly": 0,
            "eps_latest_yearly": 0,
            "eps_growth_yearly": 0
        },
        "20014": {
            "year_quarter": 20014,
            "year": 2001,
            "quarter": 4,
            "eps": 0.43,
            "eps_growth_year": 1333.33,
            "eps_4q": -0.04,
            "eps_4q_growth_year": -146.59,
            "roe": 3.66,
            "roe_4q": -0.2499999999999999,
            "gross_profit": 72241,
            "gross_margin": 17.41,
            "gross_margin_4q_avg": 13.59,
            "net_income": 62158,
            "net_income_4q": null,
            "revenue": 414893,
            "revenue_4q": null,
            "common_shares": 1452773,
            "book_valuer_per_share": 11.86,
            "book_valuer_per_share_4q_avg": 11.8,
            "equity": 1722263,
            "current_ratio": 508.84,
            "debt_ratio": 14.68,
            "inventory_turnover_ratio": null,
            "account_receivable_turnover_ratio": null,
            "reinvestment_rate": null,
            "research_to_sale_ratio": null,
            "price_fair": 0,
            "eps_avg_yearly": 0,
            "eps_latest_yearly": 0,
            "eps_growth_yearly": 0
        },
        "20021": {
            "year_quarter": 20021,
            "year": 2002,
            "quarter": 1,
            "eps": 0.09,
            "eps_growth_year": null,
            "eps_4q": 0.11,
            "eps_4q_growth_year": null,
            "roe": 1.15,
            "roe_4q": 1.7500000000000009,
            "gross_profit": 86587,
            "gross_margin": 15.96,
            "gross_margin_4q_avg": 15.18,
            "net_income": 48160,
            "net_income_4q": null,
            "revenue": 542499,
            "revenue_4q": null,
            "common_shares": 5218926,
            "book_valuer_per_share": 12.78,
            "book_valuer_per_share_4q_avg": 11.95,
            "equity": 6669713,
            "current_ratio": 547.1,
            "debt_ratio": 34.54,
            "inventory_turnover_ratio": null,
            "account_receivable_turnover_ratio": null,
            "reinvestment_rate": null,
            "research_to_sale_ratio": null,
            "price_fair": 1.08,
            "eps_avg_yearly": 0.36,
            "eps_latest_yearly": 0.36,
            "eps_growth_yearly": -316.28
        },
        "20022": {
            "year_quarter": 20022,
            "year": 2002,
            "quarter": 2,
            "eps": 0.14,
            "eps_growth_year": null,
            "eps_4q": 0.34,
            "eps_4q_growth_year": null,
            "roe": 1.09,
            "roe_4q": 5.590000000000001,
            "gross_profit": 94607,
            "gross_margin": 14.63,
            "gross_margin_4q_avg": 16.04,
            "net_income": 72339,
            "net_income_4q": null,
            "revenue": 646823,
            "revenue_4q": null,
            "common_shares": 5218926,
            "book_valuer_per_share": 12.64,
            "book_valuer_per_share_4q_avg": 12.21,
            "equity": 6595010,
            "current_ratio": 324.85,
            "debt_ratio": 36.05,
            "inventory_turnover_ratio": null,
            "account_receivable_turnover_ratio": null,
            "reinvestment_rate": null,
            "research_to_sale_ratio": null,
            "price_fair": 1.38,
            "eps_avg_yearly": 0.46,
            "eps_latest_yearly": 0.56,
            "eps_growth_yearly": -47.03
        },
        "20023": {
            "year_quarter": 20023,
            "year": 2002,
            "quarter": 3,
            "eps": 0.04,
            "eps_growth_year": null,
            "eps_4q": 0.36,
            "eps_4q_growth_year": null,
            "roe": 0.3,
            "roe_4q": 6.2,
            "gross_profit": 134659,
            "gross_margin": 20.52,
            "gross_margin_4q_avg": 17.13,
            "net_income": 22505,
            "net_income_4q": null,
            "revenue": 656363,
            "revenue_4q": null,
            "common_shares": 5218926,
            "book_valuer_per_share": 15.83,
            "book_valuer_per_share_4q_avg": 13.28,
            "equity": 8261688,
            "current_ratio": 385.22,
            "debt_ratio": 16.26,
            "inventory_turnover_ratio": null,
            "account_receivable_turnover_ratio": null,
            "reinvestment_rate": null,
            "research_to_sale_ratio": null,
            "price_fair": 1.08,
            "eps_avg_yearly": 0.36,
            "eps_latest_yearly": 0.16,
            "eps_growth_yearly": -126.59
        },
        "20024": {
            "year_quarter": 20024,
            "year": 2002,
            "quarter": 4,
            "eps": 0.38,
            "eps_growth_year": -11.63,
            "eps_4q": 0.51,
            "eps_4q_growth_year": null,
            "roe": 3.06,
            "roe_4q": 5.6,
            "gross_profit": -10183,
            "gross_margin": -0.06,
            "gross_margin_4q_avg": 12.76,
            "net_income": 404343,
            "net_income_4q": null,
            "revenue": 16034329,
            "revenue_4q": null,
            "common_shares": 10671411,
            "book_valuer_per_share": 17.01,
            "book_valuer_per_share_4q_avg": 14.57,
            "equity": 18154180,
            "current_ratio": 124.56,
            "debt_ratio": 48.83,
            "inventory_turnover_ratio": null,
            "account_receivable_turnover_ratio": null,
            "reinvestment_rate": 3585.21,
            "research_to_sale_ratio": null,
            "price_fair": 22.75,
            "eps_avg_yearly": 0.65,
            "eps_latest_yearly": 1.52,
            "eps_growth_yearly": 755.06
        },
        "20031": {
            "year_quarter": 20031,
            "year": 2003,
            "quarter": 1,
            "eps": 0.14,
            "eps_growth_year": 55.56,
            "eps_4q": 0.6,
            "eps_4q_growth_year": 457.49,
            "roe": 0.83,
            "roe_4q": 5.28,
            "gross_profit": 191021,
            "gross_margin": 17.19,
            "gross_margin_4q_avg": 13.07,
            "net_income": 151991,
            "net_income_4q": null,
            "revenue": 1111129,
            "revenue_4q": null,
            "common_shares": 10671411,
            "book_valuer_per_share": 17.19,
            "book_valuer_per_share_4q_avg": 15.67,
            "equity": 18339551,
            "current_ratio": 277.79,
            "debt_ratio": 25.83,
            "inventory_turnover_ratio": null,
            "account_receivable_turnover_ratio": null,
            "reinvestment_rate": 1342.96,
            "research_to_sale_ratio": null,
            "price_fair": 22.12,
            "eps_avg_yearly": 0.63,
            "eps_latest_yearly": 0.56,
            "eps_growth_yearly": 553.52
        },
        "20032": {
            "year_quarter": 20032,
            "year": 2003,
            "quarter": 2,
            "eps": 0.21,
            "eps_growth_year": 50,
            "eps_4q": 0.75,
            "eps_4q_growth_year": 117.81,
            "roe": 1.24,
            "roe_4q": 5.43,
            "gross_profit": 216220,
            "gross_margin": 17.76,
            "gross_margin_4q_avg": 13.85,
            "net_income": 225843,
            "net_income_4q": null,
            "revenue": 1217664,
            "revenue_4q": null,
            "common_shares": 10671411,
            "book_valuer_per_share": 16.96,
            "book_valuer_per_share_4q_avg": 16.75,
            "equity": 18094173,
            "current_ratio": 277.19,
            "debt_ratio": 26.95,
            "inventory_turnover_ratio": null,
            "account_receivable_turnover_ratio": null,
            "reinvestment_rate": 1128.71,
            "research_to_sale_ratio": null,
            "price_fair": 23.33,
            "eps_avg_yearly": 0.67,
            "eps_latest_yearly": 0.84,
            "eps_growth_yearly": 494.6
        },
        "20033": {
            "year_quarter": 20033,
            "year": 2003,
            "quarter": 3,
            "eps": 0.05,
            "eps_growth_year": 25,
            "eps_4q": 0.78,
            "eps_4q_growth_year": 113.29,
            "roe": 0.3,
            "roe_4q": 5.43,
            "gross_profit": 179855,
            "gross_margin": 15.96,
            "gross_margin_4q_avg": 12.71,
            "net_income": 53739,
            "net_income_4q": null,
            "revenue": 1127109,
            "revenue_4q": null,
            "common_shares": 10671411,
            "book_valuer_per_share": 16.88,
            "book_valuer_per_share_4q_avg": 17.01,
            "equity": 18013893,
            "current_ratio": 286.06,
            "debt_ratio": 25.99,
            "inventory_turnover_ratio": null,
            "account_receivable_turnover_ratio": null,
            "reinvestment_rate": 1087.71,
            "research_to_sale_ratio": null,
            "price_fair": 21,
            "eps_avg_yearly": 0.6,
            "eps_latest_yearly": 0.2,
            "eps_growth_yearly": 380.41
        },
        "20034": {
            "year_quarter": 20034,
            "year": 2003,
            "quarter": 4,
            "eps": 0.12,
            "eps_growth_year": -68.42,
            "eps_4q": 0.52,
            "eps_4q_growth_year": 1.3,
            "roe": 0.71,
            "roe_4q": 3.08,
            "gross_profit": 178802,
            "gross_margin": 15.43,
            "gross_margin_4q_avg": 16.59,
            "net_income": 129123,
            "net_income_4q": null,
            "revenue": 1158625,
            "revenue_4q": null,
            "common_shares": 10671411,
            "book_valuer_per_share": 17.06,
            "book_valuer_per_share_4q_avg": 17.02,
            "equity": 18206292,
            "current_ratio": 149.87,
            "debt_ratio": 40.67,
            "inventory_turnover_ratio": null,
            "account_receivable_turnover_ratio": null,
            "reinvestment_rate": 2025.43,
            "research_to_sale_ratio": null,
            "price_fair": 20.48,
            "eps_avg_yearly": 0.59,
            "eps_latest_yearly": 0.48,
            "eps_growth_yearly": 402.85
        },
        "20041": {
            "year_quarter": 20041,
            "year": 2004,
            "quarter": 1,
            "eps": 0.08,
            "eps_growth_year": -42.86,
            "eps_4q": 0.48,
            "eps_4q_growth_year": -19.97,
            "roe": 0.45,
            "roe_4q": 2.7,
            "gross_profit": 169648,
            "gross_margin": 15.66,
            "gross_margin_4q_avg": 16.2,
            "net_income": 81739,
            "net_income_4q": null,
            "revenue": 1082985,
            "revenue_4q": null,
            "common_shares": 10671411,
            "book_valuer_per_share": 17,
            "book_valuer_per_share_4q_avg": 16.98,
            "equity": 18136923,
            "current_ratio": 258.67,
            "debt_ratio": 22.27,
            "inventory_turnover_ratio": null,
            "account_receivable_turnover_ratio": null,
            "reinvestment_rate": 927.93,
            "research_to_sale_ratio": null,
            "price_fair": 19.44,
            "eps_avg_yearly": 0.56,
            "eps_latest_yearly": 0.32,
            "eps_growth_yearly": 343.28
        },
        "20042": {
            "year_quarter": 20042,
            "year": 2004,
            "quarter": 2,
            "eps": 0.24,
            "eps_growth_year": 14.29,
            "eps_4q": 0.49,
            "eps_4q_growth_year": -34.14,
            "roe": 1.39,
            "roe_4q": 2.8499999999999996,
            "gross_profit": 201986,
            "gross_margin": 17.16,
            "gross_margin_4q_avg": 16.05,
            "net_income": 251225,
            "net_income_4q": null,
            "revenue": 1177275,
            "revenue_4q": null,
            "common_shares": 10671411,
            "book_valuer_per_share": 16.84,
            "book_valuer_per_share_4q_avg": 16.95,
            "equity": 17975016,
            "current_ratio": 212.13,
            "debt_ratio": 22.42,
            "inventory_turnover_ratio": null,
            "account_receivable_turnover_ratio": null,
            "reinvestment_rate": 743.88,
            "research_to_sale_ratio": null,
            "price_fair": 20.86,
            "eps_avg_yearly": 0.6,
            "eps_latest_yearly": 0.96,
            "eps_growth_yearly": 388.95
        },
        "20043": {
            "year_quarter": 20043,
            "year": 2004,
            "quarter": 3,
            "eps": 0.25,
            "eps_growth_year": 400,
            "eps_4q": 0.68,
            "eps_4q_growth_year": -12.65,
            "roe": 1.48,
            "roe_4q": 4.03,
            "gross_profit": 193034,
            "gross_margin": 16.49,
            "gross_margin_4q_avg": 16.19,
            "net_income": 269050,
            "net_income_4q": null,
            "revenue": 1170384,
            "revenue_4q": null,
            "common_shares": 10671411,
            "book_valuer_per_share": 17.14,
            "book_valuer_per_share_4q_avg": 17.01,
            "equity": 18286570,
            "current_ratio": 269.46,
            "debt_ratio": 19.71,
            "inventory_turnover_ratio": null,
            "account_receivable_turnover_ratio": null,
            "reinvestment_rate": 598.47,
            "research_to_sale_ratio": null,
            "price_fair": 22.15,
            "eps_avg_yearly": 0.63,
            "eps_latest_yearly": 1,
            "eps_growth_yearly": 355.11
        },
        "20044": {
            "year_quarter": 20044,
            "year": 2004,
            "quarter": 4,
            "eps": 0.3,
            "eps_growth_year": 150,
            "eps_4q": 0.87,
            "eps_4q_growth_year": 66.98,
            "roe": 1.74,
            "roe_4q": 5.06,
            "gross_profit": 144140,
            "gross_margin": 11.68,
            "gross_margin_4q_avg": 15.25,
            "net_income": 316780,
            "net_income_4q": null,
            "revenue": 1234227,
            "revenue_4q": null,
            "common_shares": 10671411,
            "book_valuer_per_share": 17.01,
            "book_valuer_per_share_4q_avg": 17,
            "equity": 18175580,
            "current_ratio": 124.85,
            "debt_ratio": 31.48,
            "inventory_turnover_ratio": null,
            "account_receivable_turnover_ratio": null,
            "reinvestment_rate": 1021,
            "research_to_sale_ratio": null,
            "price_fair": 23.8,
            "eps_avg_yearly": 0.68,
            "eps_latest_yearly": 1.2,
            "eps_growth_yearly": 332.18
        },
        "20051": {
            "year_quarter": 20051,
            "year": 2005,
            "quarter": 1,
            "eps": 0.36,
            "eps_growth_year": 350,
            "eps_4q": 1.15,
            "eps_4q_growth_year": 139.26,
            "roe": 2.08,
            "roe_4q": 6.69,
            "gross_profit": 176405,
            "gross_margin": 15.71,
            "gross_margin_4q_avg": 15.26,
            "net_income": 382183,
            "net_income_4q": null,
            "revenue": 1122570,
            "revenue_4q": null,
            "common_shares": 10671411,
            "book_valuer_per_share": 17.34,
            "book_valuer_per_share_4q_avg": 17.08,
            "equity": 18499131,
            "current_ratio": 206.65,
            "debt_ratio": 15.7,
            "inventory_turnover_ratio": null,
            "account_receivable_turnover_ratio": null,
            "reinvestment_rate": 417.65,
            "research_to_sale_ratio": null,
            "price_fair": 25.85,
            "eps_avg_yearly": 0.74,
            "eps_latest_yearly": 1.44,
            "eps_growth_yearly": 312.78
        },
        "20052": {
            "year_quarter": 20052,
            "year": 2005,
            "quarter": 2,
            "eps": 0.15,
            "eps_growth_year": -37.5,
            "eps_4q": 1.04,
            "eps_4q_growth_year": 111,
            "roe": 0.9,
            "roe_4q": 6.199999999999999,
            "gross_profit": 201259,
            "gross_margin": 17.05,
            "gross_margin_4q_avg": 15.23,
            "net_income": 163195,
            "net_income_4q": null,
            "revenue": 1180140,
            "revenue_4q": null,
            "common_shares": 10671411,
            "book_valuer_per_share": 16.78,
            "book_valuer_per_share_4q_avg": 17.07,
            "equity": 17911166,
            "current_ratio": 121.07,
            "debt_ratio": 19.15,
            "inventory_turnover_ratio": null,
            "account_receivable_turnover_ratio": null,
            "reinvestment_rate": 382.32,
            "research_to_sale_ratio": null,
            "price_fair": 25.5,
            "eps_avg_yearly": 0.73,
            "eps_latest_yearly": 0.6,
            "eps_growth_yearly": 273.77
        },
        "20053": {
            "year_quarter": 20053,
            "year": 2005,
            "quarter": 3,
            "eps": 0.44,
            "eps_growth_year": 76,
            "eps_4q": 1.24,
            "eps_4q_growth_year": 83.25,
            "roe": 2.57,
            "roe_4q": 7.29,
            "gross_profit": 214963,
            "gross_margin": 18.2,
            "gross_margin_4q_avg": 15.66,
            "net_income": 471269,
            "net_income_4q": null,
            "revenue": 1180923,
            "revenue_4q": null,
            "common_shares": 10671411,
            "book_valuer_per_share": 17.55,
            "book_valuer_per_share_4q_avg": 17.17,
            "equity": 18724888,
            "current_ratio": 139.62,
            "debt_ratio": 15.33,
            "inventory_turnover_ratio": null,
            "account_receivable_turnover_ratio": null,
            "reinvestment_rate": 324.08,
            "research_to_sale_ratio": null,
            "price_fair": 27.91,
            "eps_avg_yearly": 0.8,
            "eps_latest_yearly": 1.76,
            "eps_growth_yearly": 307.08
        },
        "20054": {
            "year_quarter": 20054,
            "year": 2005,
            "quarter": 4,
            "eps": 0.3,
            "eps_growth_year": 0,
            "eps_4q": 1.26,
            "eps_4q_growth_year": 44.85,
            "roe": 1.68,
            "roe_4q": 7.23,
            "gross_profit": 86294,
            "gross_margin": 7.21,
            "gross_margin_4q_avg": 14.54,
            "net_income": 317571,
            "net_income_4q": null,
            "revenue": 1197201,
            "revenue_4q": null,
            "common_shares": 10671411,
            "book_valuer_per_share": 17.79,
            "book_valuer_per_share_4q_avg": 17.37,
            "equity": 19020912,
            "current_ratio": 118.54,
            "debt_ratio": 27.69,
            "inventory_turnover_ratio": null,
            "account_receivable_turnover_ratio": null,
            "reinvestment_rate": 608.35,
            "research_to_sale_ratio": null,
            "price_fair": 28.79,
            "eps_avg_yearly": 0.82,
            "eps_latest_yearly": 1.2,
            "eps_growth_yearly": 279.93
        },
        "20061": {
            "year_quarter": 20061,
            "year": 2006,
            "quarter": 1,
            "eps": 0.26,
            "eps_growth_year": -27.78,
            "eps_4q": 1.17,
            "eps_4q_growth_year": 1.63,
            "roe": 1.42,
            "roe_4q": 6.57,
            "gross_profit": 183286,
            "gross_margin": 15.86,
            "gross_margin_4q_avg": 14.58,
            "net_income": 272860,
            "net_income_4q": null,
            "revenue": 1155592,
            "revenue_4q": null,
            "common_shares": 10671411,
            "book_valuer_per_share": 18.07,
            "book_valuer_per_share_4q_avg": 17.55,
            "equity": 19286317,
            "current_ratio": 180.79,
            "debt_ratio": 14.55,
            "inventory_turnover_ratio": null,
            "account_receivable_turnover_ratio": null,
            "reinvestment_rate": 71.75,
            "research_to_sale_ratio": null,
            "price_fair": 30.28,
            "eps_avg_yearly": 0.87,
            "eps_latest_yearly": 1.04,
            "eps_growth_yearly": 296.37
        },
        "20062": {
            "year_quarter": 20062,
            "year": 2006,
            "quarter": 2,
            "eps": 0.55,
            "eps_growth_year": 266.67,
            "eps_4q": 1.54,
            "eps_4q_growth_year": 48.15,
            "roe": 3.08,
            "roe_4q": 8.75,
            "gross_profit": 186871,
            "gross_margin": 15.63,
            "gross_margin_4q_avg": 14.23,
            "net_income": 589596,
            "net_income_4q": null,
            "revenue": 1195496,
            "revenue_4q": null,
            "common_shares": 10671411,
            "book_valuer_per_share": 17.78,
            "book_valuer_per_share_4q_avg": 17.8,
            "equity": 18978694,
            "current_ratio": 168.44,
            "debt_ratio": 18.27,
            "inventory_turnover_ratio": null,
            "account_receivable_turnover_ratio": null,
            "reinvestment_rate": 35.26,
            "research_to_sale_ratio": null,
            "price_fair": 33.86,
            "eps_avg_yearly": 0.97,
            "eps_latest_yearly": 2.2,
            "eps_growth_yearly": 310.36
        },
        "20063": {
            "year_quarter": 20063,
            "year": 2006,
            "quarter": 3,
            "eps": 0.21,
            "eps_growth_year": -52.27,
            "eps_4q": 1.31,
            "eps_4q_growth_year": 5.56,
            "roe": 1.17,
            "roe_4q": 7.35,
            "gross_profit": 148693,
            "gross_margin": 12.69,
            "gross_margin_4q_avg": 12.85,
            "net_income": 224423,
            "net_income_4q": null,
            "revenue": 1171600,
            "revenue_4q": null,
            "common_shares": 10671411,
            "book_valuer_per_share": 18.19,
            "book_valuer_per_share_4q_avg": 17.96,
            "equity": 19410578,
            "current_ratio": 244.4,
            "debt_ratio": 14.23,
            "inventory_turnover_ratio": null,
            "account_receivable_turnover_ratio": null,
            "reinvestment_rate": 40.32,
            "research_to_sale_ratio": null,
            "price_fair": 35.35,
            "eps_avg_yearly": 1.01,
            "eps_latest_yearly": 0.84,
            "eps_growth_yearly": 312.76
        },
        "20064": {
            "year_quarter": 20064,
            "year": 2006,
            "quarter": 4,
            "eps": 0.18,
            "eps_growth_year": -40,
            "eps_4q": 1.2,
            "eps_4q_growth_year": -4.88,
            "roe": 0.98,
            "roe_4q": 6.65,
            "gross_profit": 105513,
            "gross_margin": 9.24,
            "gross_margin_4q_avg": 13.36,
            "net_income": 192004,
            "net_income_4q": null,
            "revenue": 1141638,
            "revenue_4q": null,
            "common_shares": 10671411,
            "book_valuer_per_share": 18.37,
            "book_valuer_per_share_4q_avg": 18.1,
            "equity": 19649231,
            "current_ratio": 192.65,
            "debt_ratio": 23.44,
            "inventory_turnover_ratio": null,
            "account_receivable_turnover_ratio": null,
            "reinvestment_rate": -159.18,
            "research_to_sale_ratio": null,
            "price_fair": 33.6,
            "eps_avg_yearly": 0.96,
            "eps_latest_yearly": 0.72,
            "eps_growth_yearly": 96.69
        },
        "20071": {
            "year_quarter": 20071,
            "year": 2007,
            "quarter": 1,
            "eps": 0.11,
            "eps_growth_year": -57.69,
            "eps_4q": 1.07,
            "eps_4q_growth_year": -8.22,
            "roe": 0.58,
            "roe_4q": 5.8100000000000005,
            "gross_profit": 144512,
            "gross_margin": 13.34,
            "gross_margin_4q_avg": 12.73,
            "net_income": 115122,
            "net_income_4q": null,
            "revenue": 1083277,
            "revenue_4q": null,
            "common_shares": 10671411,
            "book_valuer_per_share": 18.61,
            "book_valuer_per_share_4q_avg": 18.24,
            "equity": 19857946,
            "current_ratio": 273.72,
            "debt_ratio": 13.65,
            "inventory_turnover_ratio": null,
            "account_receivable_turnover_ratio": null,
            "reinvestment_rate": -50.49,
            "research_to_sale_ratio": null,
            "price_fair": 33.34,
            "eps_avg_yearly": 0.95,
            "eps_latest_yearly": 0.44,
            "eps_growth_yearly": 102.76
        },
        "20072": {
            "year_quarter": 20072,
            "year": 2007,
            "quarter": 2,
            "eps": 0.26,
            "eps_growth_year": -52.73,
            "eps_4q": 0.75,
            "eps_4q_growth_year": -51.13,
            "roe": 1.44,
            "roe_4q": 4.17,
            "gross_profit": 181214,
            "gross_margin": 15.3,
            "gross_margin_4q_avg": 12.64,
            "net_income": 280488,
            "net_income_4q": null,
            "revenue": 1184187,
            "revenue_4q": null,
            "common_shares": 10671411,
            "book_valuer_per_share": 17.93,
            "book_valuer_per_share_4q_avg": 18.28,
            "equity": 19130263,
            "current_ratio": 167.89,
            "debt_ratio": 16.84,
            "inventory_turnover_ratio": null,
            "account_receivable_turnover_ratio": null,
            "reinvestment_rate": -50.16,
            "research_to_sale_ratio": null,
            "price_fair": 33.78,
            "eps_avg_yearly": 0.97,
            "eps_latest_yearly": 1.04,
            "eps_growth_yearly": 124.35
        },
        "20073": {
            "year_quarter": 20073,
            "year": 2007,
            "quarter": 3,
            "eps": 0.34,
            "eps_growth_year": 61.9,
            "eps_4q": 0.88,
            "eps_4q_growth_year": -32.74,
            "roe": 1.91,
            "roe_4q": 4.91,
            "gross_profit": 184307,
            "gross_margin": 14.93,
            "gross_margin_4q_avg": 13.2,
            "net_income": 367327,
            "net_income_4q": null,
            "revenue": 1234111,
            "revenue_4q": null,
            "common_shares": 10671411,
            "book_valuer_per_share": 18.16,
            "book_valuer_per_share_4q_avg": 18.27,
            "equity": 19377700,
            "current_ratio": 268.9,
            "debt_ratio": 13.18,
            "inventory_turnover_ratio": null,
            "account_receivable_turnover_ratio": null,
            "reinvestment_rate": -45.32,
            "research_to_sale_ratio": null,
            "price_fair": 36.31,
            "eps_avg_yearly": 1.04,
            "eps_latest_yearly": 1.36,
            "eps_growth_yearly": 151.09
        },
        "20074": {
            "year_quarter": 20074,
            "year": 2007,
            "quarter": 4,
            "eps": 0.13,
            "eps_growth_year": -27.78,
            "eps_4q": 0.86,
            "eps_4q_growth_year": -28.25,
            "roe": 0.7,
            "roe_4q": 4.63,
            "gross_profit": 178404,
            "gross_margin": 14.13,
            "gross_margin_4q_avg": 14.43,
            "net_income": 135815,
            "net_income_4q": null,
            "revenue": 1262339,
            "revenue_4q": null,
            "common_shares": 10671411,
            "book_valuer_per_share": 18.24,
            "book_valuer_per_share_4q_avg": 18.24,
            "equity": 19532105,
            "current_ratio": 203.9,
            "debt_ratio": 19.26,
            "inventory_turnover_ratio": null,
            "account_receivable_turnover_ratio": null,
            "reinvestment_rate": -112.36,
            "research_to_sale_ratio": null,
            "price_fair": 36.4,
            "eps_avg_yearly": 1.04,
            "eps_latest_yearly": 0.52,
            "eps_growth_yearly": 100.65
        },
        "20081": {
            "year_quarter": 20081,
            "year": 2008,
            "quarter": 1,
            "eps": 0.17,
            "eps_growth_year": 54.55,
            "eps_4q": 0.91,
            "eps_4q_growth_year": -14.64,
            "roe": 0.92,
            "roe_4q": 4.970000000000001,
            "gross_profit": 285793,
            "gross_margin": 17.34,
            "gross_margin_4q_avg": 15.43,
            "net_income": 178850,
            "net_income_4q": null,
            "revenue": 1648638,
            "revenue_4q": null,
            "common_shares": 10671411,
            "book_valuer_per_share": 18.17,
            "book_valuer_per_share_4q_avg": 18.13,
            "equity": 19505392,
            "current_ratio": 228.8,
            "debt_ratio": 17.63,
            "inventory_turnover_ratio": null,
            "account_receivable_turnover_ratio": null,
            "reinvestment_rate": 142.48,
            "research_to_sale_ratio": null,
            "price_fair": 37.19,
            "eps_avg_yearly": 1.06,
            "eps_latest_yearly": 0.68,
            "eps_growth_yearly": 116.67
        },
        "20082": {
            "year_quarter": 20082,
            "year": 2008,
            "quarter": 2,
            "eps": 0.19,
            "eps_growth_year": -26.92,
            "eps_4q": 0.82,
            "eps_4q_growth_year": 8.66,
            "roe": 1.08,
            "roe_4q": 4.61,
            "gross_profit": 266636,
            "gross_margin": 15.24,
            "gross_margin_4q_avg": 15.41,
            "net_income": 205343,
            "net_income_4q": null,
            "revenue": 1749322,
            "revenue_4q": null,
            "common_shares": 10671411,
            "book_valuer_per_share": 17.34,
            "book_valuer_per_share_4q_avg": 17.98,
            "equity": 18614405,
            "current_ratio": 147.96,
            "debt_ratio": 20.74,
            "inventory_turnover_ratio": null,
            "account_receivable_turnover_ratio": null,
            "reinvestment_rate": 142.75,
            "research_to_sale_ratio": null,
            "price_fair": 36.75,
            "eps_avg_yearly": 1.05,
            "eps_latest_yearly": 0.76,
            "eps_growth_yearly": 69.62
        },
        "20083": {
            "year_quarter": 20083,
            "year": 2008,
            "quarter": 3,
            "eps": 0.22,
            "eps_growth_year": -35.29,
            "eps_4q": 0.7,
            "eps_4q_growth_year": -21.06,
            "roe": 1.27,
            "roe_4q": 3.9699999999999998,
            "gross_profit": 219379,
            "gross_margin": 12.51,
            "gross_margin_4q_avg": 14.81,
            "net_income": 237798,
            "net_income_4q": null,
            "revenue": 1754160,
            "revenue_4q": null,
            "common_shares": 10671411,
            "book_valuer_per_share": 17.54,
            "book_valuer_per_share_4q_avg": 17.82,
            "equity": 18832900,
            "current_ratio": 173.33,
            "debt_ratio": 17.38,
            "inventory_turnover_ratio": null,
            "account_receivable_turnover_ratio": null,
            "reinvestment_rate": 153.48,
            "research_to_sale_ratio": null,
            "price_fair": 36.49,
            "eps_avg_yearly": 1.04,
            "eps_latest_yearly": 0.88,
            "eps_growth_yearly": 72.52
        },
        "20084": {
            "year_quarter": 20084,
            "year": 2008,
            "quarter": 4,
            "eps": 0.3,
            "eps_growth_year": 130.77,
            "eps_4q": 0.88,
            "eps_4q_growth_year": 1.9,
            "roe": 1.69,
            "roe_4q": 4.96,
            "gross_profit": 332307,
            "gross_margin": 21.81,
            "gross_margin_4q_avg": 16.73,
            "net_income": 321670,
            "net_income_4q": null,
            "revenue": 1523844,
            "revenue_4q": null,
            "common_shares": 10671411,
            "book_valuer_per_share": 17.91,
            "book_valuer_per_share_4q_avg": 17.74,
            "equity": 19226977,
            "current_ratio": 240.23,
            "debt_ratio": 16.01,
            "inventory_turnover_ratio": null,
            "account_receivable_turnover_ratio": 4.89,
            "reinvestment_rate": -80.25,
            "research_to_sale_ratio": null,
            "price_fair": 36.49,
            "eps_avg_yearly": 1.04,
            "eps_latest_yearly": 1.2,
            "eps_growth_yearly": 76.61
        },
        "20091": {
            "year_quarter": 20091,
            "year": 2009,
            "quarter": 1,
            "eps": 0.1,
            "eps_growth_year": -41.18,
            "eps_4q": 0.82,
            "eps_4q_growth_year": -9.83,
            "roe": 0.54,
            "roe_4q": 4.58,
            "gross_profit": 195521,
            "gross_margin": 15.04,
            "gross_margin_4q_avg": 16.15,
            "net_income": 105309,
            "net_income_4q": null,
            "revenue": 1300015,
            "revenue_4q": null,
            "common_shares": 10671411,
            "book_valuer_per_share": 18.39,
            "book_valuer_per_share_4q_avg": 17.8,
            "equity": 19736042,
            "current_ratio": 284.73,
            "debt_ratio": 14.89,
            "inventory_turnover_ratio": null,
            "account_receivable_turnover_ratio": 2.14,
            "reinvestment_rate": 169.92,
            "research_to_sale_ratio": null,
            "price_fair": 34.21,
            "eps_avg_yearly": 0.98,
            "eps_latest_yearly": 0.4,
            "eps_growth_yearly": 54.95
        },
        "20092": {
            "year_quarter": 20092,
            "year": 2009,
            "quarter": 2,
            "eps": 0.22,
            "eps_growth_year": 15.79,
            "eps_4q": 0.86,
            "eps_4q_growth_year": 4.92,
            "roe": 1.16,
            "roe_4q": 4.66,
            "gross_profit": 207685,
            "gross_margin": 15,
            "gross_margin_4q_avg": 16.09,
            "net_income": 229978,
            "net_income_4q": null,
            "revenue": 1384244,
            "revenue_4q": null,
            "common_shares": 10671411,
            "book_valuer_per_share": 18.43,
            "book_valuer_per_share_4q_avg": 18.07,
            "equity": 19781212,
            "current_ratio": 277.05,
            "debt_ratio": 14.09,
            "inventory_turnover_ratio": null,
            "account_receivable_turnover_ratio": 2.27,
            "reinvestment_rate": 158.57,
            "research_to_sale_ratio": null,
            "price_fair": 34.83,
            "eps_avg_yearly": 1,
            "eps_latest_yearly": 0.88,
            "eps_growth_yearly": 99.53
        },
        "20093": {
            "year_quarter": 20093,
            "year": 2009,
            "quarter": 3,
            "eps": 0.14,
            "eps_growth_year": -36.36,
            "eps_4q": 0.75,
            "eps_4q_growth_year": 7.85,
            "roe": 0.76,
            "roe_4q": 4.15,
            "gross_profit": 238153,
            "gross_margin": 16.06,
            "gross_margin_4q_avg": 16.98,
            "net_income": 150387,
            "net_income_4q": null,
            "revenue": 1483119,
            "revenue_4q": null,
            "common_shares": 10671411,
            "book_valuer_per_share": 18.57,
            "book_valuer_per_share_4q_avg": 18.33,
            "equity": 19957363,
            "current_ratio": 301.64,
            "debt_ratio": 13.52,
            "inventory_turnover_ratio": null,
            "account_receivable_turnover_ratio": 2.33,
            "reinvestment_rate": 163.88,
            "research_to_sale_ratio": null,
            "price_fair": 32.2,
            "eps_avg_yearly": 0.92,
            "eps_latest_yearly": 0.56,
            "eps_growth_yearly": 42.1
        },
        "20094": {
            "year_quarter": 20094,
            "year": 2009,
            "quarter": 4,
            "eps": 0.17,
            "eps_growth_year": -43.33,
            "eps_4q": 0.63,
            "eps_4q_growth_year": -28.26,
            "roe": 0.92,
            "roe_4q": 3.38,
            "gross_profit": 247965,
            "gross_margin": 16.54,
            "gross_margin_4q_avg": 15.66,
            "net_income": 184026,
            "net_income_4q": null,
            "revenue": 1499292,
            "revenue_4q": null,
            "common_shares": 10671411,
            "book_valuer_per_share": 18.81,
            "book_valuer_per_share_4q_avg": 18.55,
            "equity": 20218998,
            "current_ratio": 320.29,
            "debt_ratio": 13.35,
            "inventory_turnover_ratio": 66.72,
            "account_receivable_turnover_ratio": 4.03,
            "reinvestment_rate": -56.92,
            "research_to_sale_ratio": null,
            "price_fair": 31.06,
            "eps_avg_yearly": 0.89,
            "eps_latest_yearly": 0.68,
            "eps_growth_yearly": 55.42
        },
        "20101": {
            "year_quarter": 20101,
            "year": 2010,
            "quarter": 1,
            "eps": 0.31,
            "eps_growth_year": 210,
            "eps_4q": 0.84,
            "eps_4q_growth_year": 2.18,
            "roe": 1.63,
            "roe_4q": 4.47,
            "gross_profit": 205881,
            "gross_margin": 14.44,
            "gross_margin_4q_avg": 15.51,
            "net_income": 334120,
            "net_income_4q": null,
            "revenue": 1425943,
            "revenue_4q": null,
            "common_shares": 10671411,
            "book_valuer_per_share": 19.25,
            "book_valuer_per_share_4q_avg": 18.77,
            "equity": 20681159,
            "current_ratio": 402.39,
            "debt_ratio": 12.51,
            "inventory_turnover_ratio": 33.66,
            "account_receivable_turnover_ratio": 1.94,
            "reinvestment_rate": 214.48,
            "research_to_sale_ratio": null,
            "price_fair": 31.5,
            "eps_avg_yearly": 0.9,
            "eps_latest_yearly": 1.24,
            "eps_growth_yearly": 79.34
        },
        "20102": {
            "year_quarter": 20102,
            "year": 2010,
            "quarter": 2,
            "eps": 0.29,
            "eps_growth_year": 31.88,
            "eps_4q": 0.92,
            "eps_4q_growth_year": 6.74,
            "roe": 1.49,
            "roe_4q": 4.8,
            "gross_profit": 241052,
            "gross_margin": 16.06,
            "gross_margin_4q_avg": 15.78,
            "net_income": 309057,
            "net_income_4q": null,
            "revenue": 1500608,
            "revenue_4q": null,
            "common_shares": 10671411,
            "book_valuer_per_share": 19.33,
            "book_valuer_per_share_4q_avg": 18.99,
            "equity": 20769337,
            "current_ratio": 321.57,
            "debt_ratio": 13.4,
            "inventory_turnover_ratio": 35.71,
            "account_receivable_turnover_ratio": 2.01,
            "reinvestment_rate": 283.06,
            "research_to_sale_ratio": null,
            "price_fair": 29.23,
            "eps_avg_yearly": 0.84,
            "eps_latest_yearly": 1.16,
            "eps_growth_yearly": 49.84
        },
        "20103": {
            "year_quarter": 20103,
            "year": 2010,
            "quarter": 3,
            "eps": 0.38,
            "eps_growth_year": 174.96,
            "eps_4q": 1.16,
            "eps_4q_growth_year": 54.35,
            "roe": 1.96,
            "roe_4q": 6,
            "gross_profit": 227492,
            "gross_margin": 15.13,
            "gross_margin_4q_avg": 15.54,
            "net_income": 410320,
            "net_income_4q": null,
            "revenue": 1503371,
            "revenue_4q": null,
            "common_shares": 10671411,
            "book_valuer_per_share": 19.7,
            "book_valuer_per_share_4q_avg": 19.27,
            "equity": 21162142,
            "current_ratio": 627.06,
            "debt_ratio": 11.01,
            "inventory_turnover_ratio": 34.84,
            "account_receivable_turnover_ratio": 2.08,
            "reinvestment_rate": 258.69,
            "research_to_sale_ratio": null,
            "price_fair": 30.71,
            "eps_avg_yearly": 0.88,
            "eps_latest_yearly": 1.52,
            "eps_growth_yearly": 73.05
        },
        "20104": {
            "year_quarter": 20104,
            "year": 2010,
            "quarter": 4,
            "eps": 0.03,
            "eps_growth_year": -85.02,
            "eps_4q": 1.01,
            "eps_4q_growth_year": 61.26,
            "roe": 0.13,
            "roe_4q": 5.21,
            "gross_profit": 91660,
            "gross_margin": 6.03,
            "gross_margin_4q_avg": 12.92,
            "net_income": 26965,
            "net_income_4q": null,
            "revenue": 1521084,
            "revenue_4q": null,
            "common_shares": 10671411,
            "book_valuer_per_share": 19.86,
            "book_valuer_per_share_4q_avg": 19.54,
            "equity": 21337174,
            "current_ratio": 731.97,
            "debt_ratio": 11.58,
            "inventory_turnover_ratio": 35.34,
            "account_receivable_turnover_ratio": 2.19,
            "reinvestment_rate": -8.08,
            "research_to_sale_ratio": null,
            "price_fair": 29.4,
            "eps_avg_yearly": 0.84,
            "eps_latest_yearly": 0.12,
            "eps_growth_yearly": 53.6
        },
        "20111": {
            "year_quarter": 20111,
            "year": 2011,
            "quarter": 1,
            "eps": 0.13,
            "eps_growth_year": -58.06,
            "eps_4q": 0.83,
            "eps_4q_growth_year": -1.05,
            "roe": 0.67,
            "roe_4q": 4.25,
            "gross_profit": 193262,
            "gross_margin": 13.38,
            "gross_margin_4q_avg": 12.65,
            "net_income": 141805,
            "net_income_4q": null,
            "revenue": 1444401,
            "revenue_4q": null,
            "common_shares": 10671411,
            "book_valuer_per_share": 19.33,
            "book_valuer_per_share_4q_avg": 19.56,
            "equity": 20770629,
            "current_ratio": 686.48,
            "debt_ratio": 11.8,
            "inventory_turnover_ratio": 30.32,
            "account_receivable_turnover_ratio": 2.02,
            "reinvestment_rate": 253.38,
            "research_to_sale_ratio": null,
            "price_fair": 29.58,
            "eps_avg_yearly": 0.85,
            "eps_latest_yearly": 0.52,
            "eps_growth_yearly": 146.65
        },
        "20112": {
            "year_quarter": 20112,
            "year": 2011,
            "quarter": 2,
            "eps": 0.26,
            "eps_growth_year": -10.1,
            "eps_4q": 0.8,
            "eps_4q_growth_year": -12.19,
            "roe": 1.36,
            "roe_4q": 4.12,
            "gross_profit": 195537,
            "gross_margin": 12.82,
            "gross_margin_4q_avg": 11.84,
            "net_income": 278449,
            "net_income_4q": null,
            "revenue": 1525555,
            "revenue_4q": null,
            "common_shares": 10671411,
            "book_valuer_per_share": 18.84,
            "book_valuer_per_share_4q_avg": 19.43,
            "equity": 20248470,
            "current_ratio": 294.9,
            "debt_ratio": 16.5,
            "inventory_turnover_ratio": 35.28,
            "account_receivable_turnover_ratio": 2.08,
            "reinvestment_rate": 246.7,
            "research_to_sale_ratio": null,
            "price_fair": 29.58,
            "eps_avg_yearly": 0.85,
            "eps_latest_yearly": 1.04,
            "eps_growth_yearly": 137.56
        },
        "20113": {
            "year_quarter": 20113,
            "year": 2011,
            "quarter": 3,
            "eps": 0.27,
            "eps_growth_year": -29.27,
            "eps_4q": 0.69,
            "eps_4q_growth_year": -40.45,
            "roe": 1.43,
            "roe_4q": 3.59,
            "gross_profit": 198522,
            "gross_margin": 12.83,
            "gross_margin_4q_avg": 11.27,
            "net_income": 291779,
            "net_income_4q": null,
            "revenue": 1547244,
            "revenue_4q": null,
            "common_shares": 10671411,
            "book_valuer_per_share": 19.12,
            "book_valuer_per_share_4q_avg": 19.29,
            "equity": 20541971,
            "current_ratio": 592.91,
            "debt_ratio": 12.44,
            "inventory_turnover_ratio": 37.48,
            "account_receivable_turnover_ratio": 2.64,
            "reinvestment_rate": 255.89,
            "research_to_sale_ratio": null,
            "price_fair": 28.96,
            "eps_avg_yearly": 0.83,
            "eps_latest_yearly": 1.08,
            "eps_growth_yearly": 130.83
        },
        "20114": {
            "year_quarter": 20114,
            "year": 2011,
            "quarter": 4,
            "eps": 0.1,
            "eps_growth_year": 277.18,
            "eps_4q": 0.76,
            "eps_4q_growth_year": -24.84,
            "roe": 0.5,
            "roe_4q": 3.96,
            "gross_profit": 185368,
            "gross_margin": 12.52,
            "gross_margin_4q_avg": 12.89,
            "net_income": 101807,
            "net_income_4q": null,
            "revenue": 1480502,
            "revenue_4q": null,
            "common_shares": 10671411,
            "book_valuer_per_share": 18.9,
            "book_valuer_per_share_4q_avg": 19.05,
            "equity": 20304742,
            "current_ratio": 606.08,
            "debt_ratio": 13.27,
            "inventory_turnover_ratio": 34.7,
            "account_receivable_turnover_ratio": 3.14,
            "reinvestment_rate": -3.19,
            "research_to_sale_ratio": null,
            "price_fair": 28.7,
            "eps_avg_yearly": 0.82,
            "eps_latest_yearly": 0.4,
            "eps_growth_yearly": 130.53
        },
        "20121": {
            "year_quarter": 20121,
            "year": 2012,
            "quarter": 1,
            "eps": 0.14,
            "eps_growth_year": 7.69,
            "eps_4q": 0.77,
            "eps_4q_growth_year": -8.04,
            "roe": 0.73,
            "roe_4q": 4.0200000000000005,
            "gross_profit": 195290,
            "gross_margin": 13.33,
            "gross_margin_4q_avg": 12.88,
            "net_income": 147127,
            "net_income_4q": null,
            "revenue": 1465534,
            "revenue_4q": null,
            "common_shares": 10671411,
            "book_valuer_per_share": 18.86,
            "book_valuer_per_share_4q_avg": 18.93,
            "equity": 20263450,
            "current_ratio": 799.61,
            "debt_ratio": 13.41,
            "inventory_turnover_ratio": 36.1,
            "account_receivable_turnover_ratio": 2.99,
            "reinvestment_rate": 9.82,
            "research_to_sale_ratio": null,
            "price_fair": 28.44,
            "eps_avg_yearly": 0.81,
            "eps_latest_yearly": 0.56,
            "eps_growth_yearly": 132.84
        },
        "20122": {
            "year_quarter": 20122,
            "year": 2012,
            "quarter": 2,
            "eps": 0.17,
            "eps_growth_year": -33.88,
            "eps_4q": 0.68,
            "eps_4q_growth_year": -15.68,
            "roe": 0.92,
            "roe_4q": 3.58,
            "gross_profit": 206457,
            "gross_margin": 13.49,
            "gross_margin_4q_avg": 13.04,
            "net_income": 185641,
            "net_income_4q": null,
            "revenue": 1530853,
            "revenue_4q": null,
            "common_shares": 10671411,
            "book_valuer_per_share": 18.76,
            "book_valuer_per_share_4q_avg": 18.91,
            "equity": 20158203,
            "current_ratio": 571.48,
            "debt_ratio": 15.26,
            "inventory_turnover_ratio": 40.42,
            "account_receivable_turnover_ratio": 3.29,
            "reinvestment_rate": 14.24,
            "research_to_sale_ratio": null,
            "price_fair": 28.26,
            "eps_avg_yearly": 0.81,
            "eps_latest_yearly": 0.68,
            "eps_growth_yearly": 135.26
        },
        "20123": {
            "year_quarter": 20123,
            "year": 2012,
            "quarter": 3,
            "eps": 0.11,
            "eps_growth_year": -60.54,
            "eps_4q": 0.51,
            "eps_4q_growth_year": -25.77,
            "roe": 0.58,
            "roe_4q": 2.73,
            "gross_profit": 183070,
            "gross_margin": 11.62,
            "gross_margin_4q_avg": 12.74,
            "net_income": 116157,
            "net_income_4q": null,
            "revenue": 1576026,
            "revenue_4q": null,
            "common_shares": 10671411,
            "book_valuer_per_share": 18.72,
            "book_valuer_per_share_4q_avg": 18.81,
            "equity": 20117448,
            "current_ratio": 669.29,
            "debt_ratio": 14.82,
            "inventory_turnover_ratio": 41.56,
            "account_receivable_turnover_ratio": 3.28,
            "reinvestment_rate": -0.87,
            "research_to_sale_ratio": null,
            "price_fair": 27.3,
            "eps_avg_yearly": 0.78,
            "eps_latest_yearly": 0.44,
            "eps_growth_yearly": 122.49
        },
        "20124": {
            "year_quarter": 20124,
            "year": 2012,
            "quarter": 4,
            "eps": 0.06,
            "eps_growth_year": -35.55,
            "eps_4q": 0.48,
            "eps_4q_growth_year": -37.13,
            "roe": 0.32,
            "roe_4q": 2.55,
            "gross_profit": 174325,
            "gross_margin": 11.38,
            "gross_margin_4q_avg": 12.46,
            "net_income": 65151,
            "net_income_4q": null,
            "revenue": 1532074,
            "revenue_4q": null,
            "common_shares": 10671411,
            "book_valuer_per_share": 18.59,
            "book_valuer_per_share_4q_avg": 18.73,
            "equity": 19981855,
            "current_ratio": 857.71,
            "debt_ratio": 15,
            "inventory_turnover_ratio": 36.93,
            "account_receivable_turnover_ratio": 3.11,
            "reinvestment_rate": -5.5,
            "research_to_sale_ratio": null,
            "price_fair": 25.2,
            "eps_avg_yearly": 0.72,
            "eps_latest_yearly": 0.24,
            "eps_growth_yearly": 102.03
        },
        "20131": {
            "year_quarter": 20131,
            "year": 2013,
            "quarter": 1,
            "eps": 0.12,
            "eps_growth_year": -14.29,
            "eps_4q": 0.47,
            "eps_4q_growth_year": -39.34,
            "roe": 0.66,
            "roe_4q": 2.48,
            "gross_profit": 192837,
            "gross_margin": 12.98,
            "gross_margin_4q_avg": 12.37,
            "net_income": 131740,
            "net_income_4q": null,
            "revenue": 1485551,
            "revenue_4q": null,
            "common_shares": 10671411,
            "book_valuer_per_share": 18.42,
            "book_valuer_per_share_4q_avg": 18.62,
            "equity": 19797045,
            "current_ratio": 810.72,
            "debt_ratio": 16.93,
            "inventory_turnover_ratio": 32.85,
            "account_receivable_turnover_ratio": 2.96,
            "reinvestment_rate": -30.12,
            "research_to_sale_ratio": null,
            "price_fair": 25.38,
            "eps_avg_yearly": 0.73,
            "eps_latest_yearly": 0.48,
            "eps_growth_yearly": 143.7
        },
        "20132": {
            "year_quarter": 20132,
            "year": 2013,
            "quarter": 2,
            "eps": 0.13,
            "eps_growth_year": -24.62,
            "eps_4q": 0.42,
            "eps_4q_growth_year": -38.3,
            "roe": 0.68,
            "roe_4q": 2.24,
            "gross_profit": 201771,
            "gross_margin": 12.99,
            "gross_margin_4q_avg": 12.24,
            "net_income": 134422,
            "net_income_4q": null,
            "revenue": 1552923,
            "revenue_4q": null,
            "common_shares": 10671411,
            "book_valuer_per_share": 18.24,
            "book_valuer_per_share_4q_avg": 18.49,
            "equity": 19639306,
            "current_ratio": 498.21,
            "debt_ratio": 18.69,
            "inventory_turnover_ratio": 35.75,
            "account_receivable_turnover_ratio": 3.24,
            "reinvestment_rate": -12.26,
            "research_to_sale_ratio": null,
            "price_fair": 24.59,
            "eps_avg_yearly": 0.7,
            "eps_latest_yearly": 0.52,
            "eps_growth_yearly": 115.78
        },
        "20133": {
            "year_quarter": 20133,
            "year": 2013,
            "quarter": 3,
            "eps": 0.16,
            "eps_growth_year": 48.93,
            "eps_4q": 0.48,
            "eps_4q_growth_year": -7.38,
            "roe": 0.89,
            "roe_4q": 2.55,
            "gross_profit": 162440,
            "gross_margin": 10.52,
            "gross_margin_4q_avg": 11.97,
            "net_income": 175799,
            "net_income_4q": null,
            "revenue": 1544440,
            "revenue_4q": null,
            "common_shares": 10671411,
            "book_valuer_per_share": 18.35,
            "book_valuer_per_share_4q_avg": 18.4,
            "equity": 19747738,
            "current_ratio": 870.83,
            "debt_ratio": 16.79,
            "inventory_turnover_ratio": 37.77,
            "account_receivable_turnover_ratio": 3.41,
            "reinvestment_rate": -7,
            "research_to_sale_ratio": null,
            "price_fair": 24.76,
            "eps_avg_yearly": 0.71,
            "eps_latest_yearly": 0.64,
            "eps_growth_yearly": 130.64
        },
        "20134": {
            "year_quarter": 20134,
            "year": 2013,
            "quarter": 4,
            "eps": 0.13,
            "eps_growth_year": 110.84,
            "eps_4q": 0.54,
            "eps_4q_growth_year": 13.54,
            "roe": 0.7,
            "roe_4q": 2.93,
            "gross_profit": 231983,
            "gross_margin": 15.16,
            "gross_margin_4q_avg": 12.91,
            "net_income": 139337,
            "net_income_4q": null,
            "revenue": 1530411,
            "revenue_4q": null,
            "common_shares": 10671411,
            "book_valuer_per_share": 18.39,
            "book_valuer_per_share_4q_avg": 18.35,
            "equity": 19796481,
            "current_ratio": 985.17,
            "debt_ratio": 17.64,
            "inventory_turnover_ratio": 32.83,
            "account_receivable_turnover_ratio": 3.45,
            "reinvestment_rate": -57.22,
            "research_to_sale_ratio": null,
            "price_fair": 24.41,
            "eps_avg_yearly": 0.7,
            "eps_latest_yearly": 0.52,
            "eps_growth_yearly": 120.6
        },
        "20141": {
            "year_quarter": 20141,
            "year": 2014,
            "quarter": 1,
            "eps": 0.11,
            "eps_growth_year": -8.33,
            "eps_4q": 0.53,
            "eps_4q_growth_year": 14.16,
            "roe": 0.59,
            "roe_4q": 2.8600000000000003,
            "gross_profit": 181584,
            "gross_margin": 12.34,
            "gross_margin_4q_avg": 12.75,
            "net_income": 117679,
            "net_income_4q": null,
            "revenue": 1471603,
            "revenue_4q": null,
            "common_shares": 10671411,
            "book_valuer_per_share": 18.68,
            "book_valuer_per_share_4q_avg": 18.42,
            "equity": 20103148,
            "current_ratio": 903.12,
            "debt_ratio": 17.76,
            "inventory_turnover_ratio": 30.22,
            "account_receivable_turnover_ratio": 3.45,
            "reinvestment_rate": -57.57,
            "research_to_sale_ratio": null,
            "price_fair": 22.66,
            "eps_avg_yearly": 0.65,
            "eps_latest_yearly": 0.44,
            "eps_growth_yearly": 96.16
        },
        "20142": {
            "year_quarter": 20142,
            "year": 2014,
            "quarter": 2,
            "eps": 0.1,
            "eps_growth_year": -23.08,
            "eps_4q": 0.5,
            "eps_4q_growth_year": 20.28,
            "roe": 0.54,
            "roe_4q": 2.7199999999999998,
            "gross_profit": 226429,
            "gross_margin": 13.87,
            "gross_margin_4q_avg": 12.97,
            "net_income": 106762,
            "net_income_4q": null,
            "revenue": 1632389,
            "revenue_4q": null,
            "common_shares": 10671411,
            "book_valuer_per_share": 18.31,
            "book_valuer_per_share_4q_avg": 18.43,
            "equity": 19705836,
            "current_ratio": 164.92,
            "debt_ratio": 28.82,
            "inventory_turnover_ratio": 33.35,
            "account_receivable_turnover_ratio": 3.56,
            "reinvestment_rate": 26.62,
            "research_to_sale_ratio": null,
            "price_fair": 21,
            "eps_avg_yearly": 0.6,
            "eps_latest_yearly": 0.4,
            "eps_growth_yearly": 95.5
        },
        "20143": {
            "year_quarter": 20143,
            "year": 2014,
            "quarter": 3,
            "eps": 0.2,
            "eps_growth_year": 25,
            "eps_4q": 0.55,
            "eps_4q_growth_year": 14.66,
            "roe": 1.11,
            "roe_4q": 2.9400000000000004,
            "gross_profit": 240435,
            "gross_margin": 13.54,
            "gross_margin_4q_avg": 13.73,
            "net_income": 222250,
            "net_income_4q": null,
            "revenue": 1775439,
            "revenue_4q": null,
            "common_shares": 10671411,
            "book_valuer_per_share": 18.75,
            "book_valuer_per_share_4q_avg": 18.53,
            "equity": 20180132,
            "current_ratio": 142.53,
            "debt_ratio": 36.35,
            "inventory_turnover_ratio": 37.01,
            "account_receivable_turnover_ratio": 3.35,
            "reinvestment_rate": 248.64,
            "research_to_sale_ratio": null,
            "price_fair": 19.43,
            "eps_avg_yearly": 0.56,
            "eps_latest_yearly": 0.8,
            "eps_growth_yearly": 112.74
        },
        "20144": {
            "year_quarter": 20144,
            "year": 2014,
            "quarter": 4,
            "eps": 0.21,
            "eps_growth_year": 62.13,
            "eps_4q": 0.63,
            "eps_4q_growth_year": 15.1,
            "roe": 1.1,
            "roe_4q": 3.34,
            "gross_profit": 318453,
            "gross_margin": 17.2,
            "gross_margin_4q_avg": 14.24,
            "net_income": 228107,
            "net_income_4q": null,
            "revenue": 1851026,
            "revenue_4q": null,
            "common_shares": 10671411,
            "book_valuer_per_share": 19.68,
            "book_valuer_per_share_4q_avg": 18.86,
            "equity": 21175826,
            "current_ratio": 442.55,
            "debt_ratio": 34.04,
            "inventory_turnover_ratio": 37.65,
            "account_receivable_turnover_ratio": 3.18,
            "reinvestment_rate": 269.36,
            "research_to_sale_ratio": null,
            "price_fair": 21,
            "eps_avg_yearly": 0.6,
            "eps_latest_yearly": 0.84,
            "eps_growth_yearly": 137.02
        },
        "20151": {
            "year_quarter": 20151,
            "year": 2015,
            "quarter": 1,
            "eps": 0.18,
            "eps_growth_year": 63.64,
            "eps_4q": 0.7,
            "eps_4q_growth_year": 31.9,
            "roe": 0.93,
            "roe_4q": 3.6800000000000006,
            "gross_profit": 314750,
            "gross_margin": 17.82,
            "gross_margin_4q_avg": 15.61,
            "net_income": 196944,
            "net_income_4q": null,
            "revenue": 1765985,
            "revenue_4q": null,
            "common_shares": 10671411,
            "book_valuer_per_share": 19.86,
            "book_valuer_per_share_4q_avg": 19.15,
            "equity": 21374302,
            "current_ratio": 207.33,
            "debt_ratio": 37.01,
            "inventory_turnover_ratio": 35.45,
            "account_receivable_turnover_ratio": 2.86,
            "reinvestment_rate": 318.12,
            "research_to_sale_ratio": null,
            "price_fair": 21.44,
            "eps_avg_yearly": 0.61,
            "eps_latest_yearly": 0.72,
            "eps_growth_yearly": 50.12
        },
        "20152": {
            "year_quarter": 20152,
            "year": 2015,
            "quarter": 2,
            "eps": 0.22,
            "eps_growth_year": 120,
            "eps_4q": 0.82,
            "eps_4q_growth_year": 62.53,
            "roe": 1.1,
            "roe_4q": 4.24,
            "gross_profit": 297212,
            "gross_margin": 15.91,
            "gross_margin_4q_avg": 16.12,
            "net_income": 231652,
            "net_income_4q": null,
            "revenue": 1868132,
            "revenue_4q": null,
            "common_shares": 10671411,
            "book_valuer_per_share": 19.34,
            "book_valuer_per_share_4q_avg": 19.41,
            "equity": 20810746,
            "current_ratio": 225.68,
            "debt_ratio": 38.07,
            "inventory_turnover_ratio": 38.4,
            "account_receivable_turnover_ratio": 2.67,
            "reinvestment_rate": 336.04,
            "research_to_sale_ratio": null,
            "price_fair": 21.09,
            "eps_avg_yearly": 0.6,
            "eps_latest_yearly": 0.88,
            "eps_growth_yearly": 30.67
        },
        "20153": {
            "year_quarter": 20153,
            "year": 2015,
            "quarter": 3,
            "eps": 0.21,
            "eps_growth_year": 5,
            "eps_4q": 0.82,
            "eps_4q_growth_year": 50.38,
            "roe": 1.05,
            "roe_4q": 4.180000000000001,
            "gross_profit": 284236,
            "gross_margin": 14.99,
            "gross_margin_4q_avg": 16.48,
            "net_income": 221171,
            "net_income_4q": null,
            "revenue": 1896721,
            "revenue_4q": null,
            "common_shares": 10671411,
            "book_valuer_per_share": 19.96,
            "book_valuer_per_share_4q_avg": 19.71,
            "equity": 21444310,
            "current_ratio": 248.3,
            "debt_ratio": 37.48,
            "inventory_turnover_ratio": 42.68,
            "account_receivable_turnover_ratio": 2.74,
            "reinvestment_rate": 395.73,
            "research_to_sale_ratio": null,
            "price_fair": 20.56,
            "eps_avg_yearly": 0.59,
            "eps_latest_yearly": 0.84,
            "eps_growth_yearly": 28.57
        },
        "20154": {
            "year_quarter": 20154,
            "year": 2015,
            "quarter": 4,
            "eps": 0.18,
            "eps_growth_year": -13.79,
            "eps_4q": 0.79,
            "eps_4q_growth_year": 26.24,
            "roe": 0.9,
            "roe_4q": 3.9800000000000004,
            "gross_profit": 347493,
            "gross_margin": 19.12,
            "gross_margin_4q_avg": 16.96,
            "net_income": 193520,
            "net_income_4q": null,
            "revenue": 1817827,
            "revenue_4q": null,
            "common_shares": 10671411,
            "book_valuer_per_share": 20.03,
            "book_valuer_per_share_4q_avg": 19.8,
            "equity": 21515789,
            "current_ratio": 252.73,
            "debt_ratio": 36.87,
            "inventory_turnover_ratio": 41.83,
            "account_receivable_turnover_ratio": 2.67,
            "reinvestment_rate": 374.36,
            "research_to_sale_ratio": null,
            "price_fair": 21.26,
            "eps_avg_yearly": 0.61,
            "eps_latest_yearly": 0.72,
            "eps_growth_yearly": 40.74
        },
        "20161": {
            "year_quarter": 20161,
            "year": 2016,
            "quarter": 1,
            "eps": 0.18,
            "eps_growth_year": 0,
            "eps_4q": 0.79,
            "eps_4q_growth_year": 13,
            "roe": 0.91,
            "roe_4q": 3.9600000000000004,
            "gross_profit": 328252,
            "gross_margin": 18.42,
            "gross_margin_4q_avg": 17.11,
            "net_income": 196290,
            "net_income_4q": null,
            "revenue": 1782364,
            "revenue_4q": null,
            "common_shares": 10671411,
            "book_valuer_per_share": 19.99,
            "book_valuer_per_share_4q_avg": 19.83,
            "equity": 21467729,
            "current_ratio": 234.25,
            "debt_ratio": 36.42,
            "inventory_turnover_ratio": 42.99,
            "account_receivable_turnover_ratio": 2.43,
            "reinvestment_rate": 361.57,
            "research_to_sale_ratio": null,
            "price_fair": 21.61,
            "eps_avg_yearly": 0.62,
            "eps_latest_yearly": 0.72,
            "eps_growth_yearly": 30.74
        },
        "20162": {
            "year_quarter": 20162,
            "year": 2016,
            "quarter": 2,
            "eps": 0.23,
            "eps_growth_year": 4.55,
            "eps_4q": 0.8,
            "eps_4q_growth_year": -2.43,
            "roe": 1.11,
            "roe_4q": 3.9699999999999998,
            "gross_profit": 339234,
            "gross_margin": 18.04,
            "gross_margin_4q_avg": 17.64,
            "net_income": 237708,
            "net_income_4q": null,
            "revenue": 1880283,
            "revenue_4q": null,
            "common_shares": 10671411,
            "book_valuer_per_share": 19.81,
            "book_valuer_per_share_4q_avg": 19.95,
            "equity": 21278795,
            "current_ratio": 211.6,
            "debt_ratio": 37.63,
            "inventory_turnover_ratio": 47.17,
            "account_receivable_turnover_ratio": 2.17,
            "reinvestment_rate": 354.68,
            "research_to_sale_ratio": null,
            "price_fair": 22.14,
            "eps_avg_yearly": 0.63,
            "eps_latest_yearly": 0.92,
            "eps_growth_yearly": 32.33
        },
        "20163": {
            "year_quarter": 20163,
            "year": 2016,
            "quarter": 3,
            "eps": 0.16,
            "eps_growth_year": -23.81,
            "eps_4q": 0.75,
            "eps_4q_growth_year": -8.54,
            "roe": 0.8,
            "roe_4q": 3.72,
            "gross_profit": 283264,
            "gross_margin": 15.13,
            "gross_margin_4q_avg": 17.68,
            "net_income": 170519,
            "net_income_4q": null,
            "revenue": 1871958,
            "revenue_4q": null,
            "common_shares": 10671411,
            "book_valuer_per_share": 19.73,
            "book_valuer_per_share_4q_avg": 19.89,
            "equity": 21199319,
            "current_ratio": 209.4,
            "debt_ratio": 36.39,
            "inventory_turnover_ratio": 49.31,
            "account_receivable_turnover_ratio": 1.78,
            "reinvestment_rate": 338.03,
            "research_to_sale_ratio": null,
            "price_fair": 22.58,
            "eps_avg_yearly": 0.65,
            "eps_latest_yearly": 0.64,
            "eps_growth_yearly": 33.54
        },
        "20164": {
            "year_quarter": 20164,
            "year": 2016,
            "quarter": 4,
            "eps": 0.19,
            "eps_growth_year": 5.52,
            "eps_4q": 0.76,
            "eps_4q_growth_year": -3.89,
            "roe": 0.95,
            "roe_4q": 3.7700000000000005,
            "gross_profit": 320202,
            "gross_margin": 16.53,
            "gross_margin_4q_avg": 17.03,
            "net_income": 204498,
            "net_income_4q": null,
            "revenue": 1937492,
            "revenue_4q": null,
            "common_shares": 10671411,
            "book_valuer_per_share": 20.32,
            "book_valuer_per_share_4q_avg": 19.96,
            "equity": 21827680,
            "current_ratio": 205.17,
            "debt_ratio": 35.42,
            "inventory_turnover_ratio": 49.65,
            "account_receivable_turnover_ratio": 1.81,
            "reinvestment_rate": 343.13,
            "research_to_sale_ratio": null,
            "price_fair": 23.71,
            "eps_avg_yearly": 0.68,
            "eps_latest_yearly": 0.76,
            "eps_growth_yearly": 49.6
        },
        "20171": {
            "year_quarter": 20171,
            "year": 2017,
            "quarter": 1,
            "eps": 0.16,
            "eps_growth_year": -11.11,
            "eps_4q": 0.74,
            "eps_4q_growth_year": -6.45,
            "roe": 0.81,
            "roe_4q": 3.67,
            "gross_profit": 297539,
            "gross_margin": 15.91,
            "gross_margin_4q_avg": 16.4,
            "net_income": 176280,
            "net_income_4q": null,
            "revenue": 1870442,
            "revenue_4q": null,
            "common_shares": 10671411,
            "book_valuer_per_share": 20,
            "book_valuer_per_share_4q_avg": 19.97,
            "equity": 21487720,
            "current_ratio": 202.27,
            "debt_ratio": 34.31,
            "inventory_turnover_ratio": 47.41,
            "account_receivable_turnover_ratio": 1.8,
            "reinvestment_rate": 334.47,
            "research_to_sale_ratio": null,
            "price_fair": 21.07,
            "eps_avg_yearly": 0.69,
            "eps_latest_yearly": 0.64,
            "eps_growth_yearly": 20.65
        },
        "20172": {
            "year_quarter": 20172,
            "year": 2017,
            "quarter": 2,
            "eps": 0.17,
            "eps_growth_year": -26.09,
            "eps_4q": 0.68,
            "eps_4q_growth_year": -14.49,
            "roe": 0.83,
            "roe_4q": 3.3899999999999997,
            "gross_profit": 286011,
            "gross_margin": 15.21,
            "gross_margin_4q_avg": 15.7,
            "net_income": 176639,
            "net_income_4q": null,
            "revenue": 1880087,
            "revenue_4q": null,
            "common_shares": 10671411,
            "book_valuer_per_share": 19.81,
            "book_valuer_per_share_4q_avg": 19.97,
            "equity": 21278133,
            "current_ratio": 171,
            "debt_ratio": 34.74,
            "inventory_turnover_ratio": 50.71,
            "account_receivable_turnover_ratio": 1.85,
            "reinvestment_rate": 323.79,
            "research_to_sale_ratio": null,
            "price_fair": 21.01,
            "eps_avg_yearly": 0.7,
            "eps_latest_yearly": 0.68,
            "eps_growth_yearly": 20.13
        },
        "20173": {
            "year_quarter": 20173,
            "year": 2017,
            "quarter": 3,
            "eps": 0.21,
            "eps_growth_year": 31.25,
            "eps_4q": 0.73,
            "eps_4q_growth_year": -2.68,
            "roe": 1.03,
            "roe_4q": 3.62,
            "gross_profit": 273368,
            "gross_margin": 14.56,
            "gross_margin_4q_avg": 15.55,
            "net_income": 221422,
            "net_income_4q": null,
            "revenue": 1877757,
            "revenue_4q": null,
            "common_shares": 10671411,
            "book_valuer_per_share": 20.08,
            "book_valuer_per_share_4q_avg": 20.05,
            "equity": 21571766,
            "current_ratio": 190.96,
            "debt_ratio": 33.45,
            "inventory_turnover_ratio": 51.92,
            "account_receivable_turnover_ratio": 1.84,
            "reinvestment_rate": 324.92,
            "research_to_sale_ratio": null,
            "price_fair": 21.47,
            "eps_avg_yearly": 0.71,
            "eps_latest_yearly": 0.84,
            "eps_growth_yearly": 20.24
        },
        "20174": {
            "year_quarter": 20174,
            "year": 2017,
            "quarter": 4,
            "eps": 0.29,
            "eps_growth_year": 50.82,
            "eps_4q": 0.83,
            "eps_4q_growth_year": 8.91,
            "roe": 1.43,
            "roe_4q": 4.1,
            "gross_profit": 258208,
            "gross_margin": 13.41,
            "gross_margin_4q_avg": 14.77,
            "net_income": 309917,
            "net_income_4q": null,
            "revenue": 1925723,
            "revenue_4q": null,
            "common_shares": 10671411,
            "book_valuer_per_share": 20.19,
            "book_valuer_per_share_4q_avg": 20.02,
            "equity": 21690865,
            "current_ratio": 229.13,
            "debt_ratio": 34.45,
            "inventory_turnover_ratio": 49.34,
            "account_receivable_turnover_ratio": 1.9,
            "reinvestment_rate": 289.8,
            "research_to_sale_ratio": null,
            "price_fair": 26.25,
            "eps_avg_yearly": 0.75,
            "eps_latest_yearly": 1.16,
            "eps_growth_yearly": 34.45
        },
        "20181": {
            "year_quarter": 20181,
            "year": 2018,
            "quarter": 1,
            "eps": 0.16,
            "eps_growth_year": 0,
            "eps_4q": 0.82,
            "eps_4q_growth_year": 11.45,
            "roe": 0.8,
            "roe_4q": 4.09,
            "gross_profit": 282850,
            "gross_margin": 15.11,
            "gross_margin_4q_avg": 14.57,
            "net_income": 174641,
            "net_income_4q": null,
            "revenue": 1871529,
            "revenue_4q": null,
            "common_shares": 10671411,
            "book_valuer_per_share": 20.23,
            "book_valuer_per_share_4q_avg": 20.08,
            "equity": 21736108,
            "current_ratio": 204.4,
            "debt_ratio": 33.57,
            "inventory_turnover_ratio": 43.07,
            "account_receivable_turnover_ratio": 1.82,
            "reinvestment_rate": 240.17,
            "research_to_sale_ratio": null,
            "price_fair": 26.69,
            "eps_avg_yearly": 0.76,
            "eps_latest_yearly": 0.64,
            "eps_growth_yearly": 27.09
        },
        "20182": {
            "year_quarter": 20182,
            "year": 2018,
            "quarter": 2,
            "eps": 0.17,
            "eps_growth_year": 0,
            "eps_4q": 0.82,
            "eps_4q_growth_year": 20.54,
            "roe": 0.8,
            "roe_4q": 4.0600000000000005,
            "gross_profit": 311784,
            "gross_margin": 16.06,
            "gross_margin_4q_avg": 14.79,
            "net_income": 175462,
            "net_income_4q": null,
            "revenue": 1941274,
            "revenue_4q": null,
            "common_shares": 10671411,
            "book_valuer_per_share": 20.49,
            "book_valuer_per_share_4q_avg": 20.25,
            "equity": 22008708,
            "current_ratio": 201.17,
            "debt_ratio": 34.29,
            "inventory_turnover_ratio": 40.16,
            "account_receivable_turnover_ratio": 1.77,
            "reinvestment_rate": 154.29,
            "research_to_sale_ratio": null,
            "price_fair": 27.3,
            "eps_avg_yearly": 0.78,
            "eps_latest_yearly": 0.68,
            "eps_growth_yearly": 30.93
        },
        "20183": {
            "year_quarter": 20183,
            "year": 2018,
            "quarter": 3,
            "eps": 0.29,
            "eps_growth_year": 38.1,
            "eps_4q": 0.91,
            "eps_4q_growth_year": 24.53,
            "roe": 1.42,
            "roe_4q": 4.449999999999999,
            "gross_profit": 311763,
            "gross_margin": 15.89,
            "gross_margin_4q_avg": 15.12,
            "net_income": 314413,
            "net_income_4q": null,
            "revenue": 1962353,
            "revenue_4q": null,
            "common_shares": 10671411,
            "book_valuer_per_share": 20.75,
            "book_valuer_per_share_4q_avg": 20.42,
            "equity": 22287653,
            "current_ratio": 231.95,
            "debt_ratio": 32.46,
            "inventory_turnover_ratio": 35.5,
            "account_receivable_turnover_ratio": 1.75,
            "reinvestment_rate": -3.44,
            "research_to_sale_ratio": null,
            "price_fair": 26.94,
            "eps_avg_yearly": 0.8,
            "eps_latest_yearly": 1.16,
            "eps_growth_yearly": 23.57
        },
        "20184": {
            "year_quarter": 20184,
            "year": 2018,
            "quarter": 4,
            "eps": 0.19,
            "eps_growth_year": -34.18,
            "eps_4q": 0.81,
            "eps_4q_growth_year": -2.18,
            "roe": 0.92,
            "roe_4q": 3.9399999999999995,
            "gross_profit": 333415,
            "gross_margin": 16.95,
            "gross_margin_4q_avg": 16,
            "net_income": 205732,
            "net_income_4q": null,
            "revenue": 1967282,
            "revenue_4q": null,
            "common_shares": 10671411,
            "book_valuer_per_share": 20.98,
            "book_valuer_per_share_4q_avg": 20.61,
            "equity": 22530677,
            "current_ratio": 250.82,
            "debt_ratio": 32.18,
            "inventory_turnover_ratio": 34.48,
            "account_receivable_turnover_ratio": 1.78,
            "reinvestment_rate": -28.36,
            "research_to_sale_ratio": null,
            "price_fair": 18.9,
            "eps_avg_yearly": 0.8,
            "eps_latest_yearly": 0.76,
            "eps_growth_yearly": 13.7
        },
        "20191": {
            "year_quarter": 20191,
            "year": 2019,
            "quarter": 1,
            "eps": 0.18,
            "eps_growth_year": 12.5,
            "eps_4q": 0.83,
            "eps_4q_growth_year": 0.24,
            "roe": 0.85,
            "roe_4q": 3.99,
            "gross_profit": 314116,
            "gross_margin": 16.38,
            "gross_margin_4q_avg": 16.32,
            "net_income": 193918,
            "net_income_4q": null,
            "revenue": 1917872,
            "revenue_4q": null,
            "common_shares": 10671411,
            "book_valuer_per_share": 21.29,
            "book_valuer_per_share_4q_avg": 20.88,
            "equity": 22863334,
            "current_ratio": 206.95,
            "debt_ratio": 35.51,
            "inventory_turnover_ratio": 35.13,
            "account_receivable_turnover_ratio": 1.75,
            "reinvestment_rate": -64.29,
            "research_to_sale_ratio": null,
            "price_fair": 20.7,
            "eps_avg_yearly": 0.8,
            "eps_latest_yearly": 0.72,
            "eps_growth_yearly": 15.96
        },
        "20192": {
            "year_quarter": 20192,
            "year": 2019,
            "quarter": 2,
            "eps": 0.24,
            "eps_growth_year": 41.18,
            "eps_4q": 0.9,
            "eps_4q_growth_year": 9.47,
            "roe": 1.11,
            "roe_4q": 4.3,
            "gross_profit": 332013,
            "gross_margin": 16.79,
            "gross_margin_4q_avg": 16.5,
            "net_income": 254346,
            "net_income_4q": null,
            "revenue": 1977258,
            "revenue_4q": null,
            "common_shares": 10671411,
            "book_valuer_per_share": 21.23,
            "book_valuer_per_share_4q_avg": 21.06,
            "equity": 22795710,
            "current_ratio": 181.57,
            "debt_ratio": 35.15,
            "inventory_turnover_ratio": 34.66,
            "account_receivable_turnover_ratio": 1.87,
            "reinvestment_rate": -61.9,
            "research_to_sale_ratio": null,
            "price_fair": 23.06,
            "eps_avg_yearly": 0.8,
            "eps_latest_yearly": 0.96,
            "eps_growth_yearly": 18.74
        },
        "20193": {
            "year_quarter": 20193,
            "year": 2019,
            "quarter": 3,
            "eps": 0.16,
            "eps_growth_year": -44.83,
            "eps_4q": 0.77,
            "eps_4q_growth_year": -15.25,
            "roe": 0.76,
            "roe_4q": 3.64,
            "gross_profit": 256618,
            "gross_margin": 13.43,
            "gross_margin_4q_avg": 15.89,
            "net_income": 174937,
            "net_income_4q": null,
            "revenue": 1910155,
            "revenue_4q": null,
            "common_shares": 10671411,
            "book_valuer_per_share": 21.36,
            "book_valuer_per_share_4q_avg": 21.22,
            "equity": 22945068,
            "current_ratio": 172.13,
            "debt_ratio": 34.13,
            "inventory_turnover_ratio": 34.07,
            "account_receivable_turnover_ratio": 1.7,
            "reinvestment_rate": -103.07,
            "research_to_sale_ratio": null,
            "price_fair": 17.02,
            "eps_avg_yearly": 0.79,
            "eps_latest_yearly": 0.64,
            "eps_growth_yearly": 11.54
        },
        "20194": {
            "year_quarter": 20194,
            "year": 2019,
            "quarter": 4,
            "eps": 0.21,
            "eps_growth_year": 8.02,
            "eps_4q": 0.79,
            "eps_4q_growth_year": -2.97,
            "roe": 0.97,
            "roe_4q": 3.69,
            "gross_profit": 279500,
            "gross_margin": 14.52,
            "gross_margin_4q_avg": 15.28,
            "net_income": 222073,
            "net_income_4q": null,
            "revenue": 1925397,
            "revenue_4q": null,
            "common_shares": 10671411,
            "book_valuer_per_share": 21.25,
            "book_valuer_per_share_4q_avg": 21.28,
            "equity": 22822776,
            "current_ratio": 226.44,
            "debt_ratio": 34.81,
            "inventory_turnover_ratio": 33.52,
            "account_receivable_turnover_ratio": 1.76,
            "reinvestment_rate": -96.66,
            "research_to_sale_ratio": null,
            "price_fair": 26.26,
            "eps_avg_yearly": 0.8,
            "eps_latest_yearly": 0.84,
            "eps_growth_yearly": 22.92
        },
        "20201": {
            "year_quarter": 20201,
            "year": 2020,
            "quarter": 1,
            "eps": 0.15,
            "eps_growth_year": -16.67,
            "eps_4q": 0.76,
            "eps_4q_growth_year": -8.59,
            "roe": 0.71,
            "roe_4q": 3.55,
            "gross_profit": 257950,
            "gross_margin": 14.42,
            "gross_margin_4q_avg": 14.79,
            "net_income": 160750,
            "net_income_4q": null,
            "revenue": 1788799,
            "revenue_4q": null,
            "common_shares": 10671411,
            "book_valuer_per_share": 20.99,
            "book_valuer_per_share_4q_avg": 21.21,
            "equity": 22395468,
            "current_ratio": 223.39,
            "debt_ratio": 34.46,
            "inventory_turnover_ratio": 31.19,
            "account_receivable_turnover_ratio": 1.83,
            "reinvestment_rate": -95.44,
            "research_to_sale_ratio": null,
            "price_fair": 20.37,
            "eps_avg_yearly": 0.79,
            "eps_latest_yearly": 0.6,
            "eps_growth_yearly": 15.78
        },
        "20202": {
            "year_quarter": 20202,
            "year": 2020,
            "quarter": 2,
            "eps": 0.19,
            "eps_growth_year": -20.83,
            "eps_4q": 0.71,
            "eps_4q_growth_year": -20.98,
            "roe": 0.92,
            "roe_4q": 3.3599999999999994,
            "gross_profit": 250072,
            "gross_margin": 14.68,
            "gross_margin_4q_avg": 14.26,
            "net_income": 205252,
            "net_income_4q": null,
            "revenue": 1704030,
            "revenue_4q": null,
            "common_shares": 10671411,
            "book_valuer_per_share": 20.88,
            "book_valuer_per_share_4q_avg": 21.12,
            "equity": 22284920,
            "current_ratio": 146.13,
            "debt_ratio": 34.09,
            "inventory_turnover_ratio": 30.58,
            "account_receivable_turnover_ratio": 2.05,
            "reinvestment_rate": -109.73,
            "research_to_sale_ratio": null,
            "price_fair": 19.89,
            "eps_avg_yearly": 0.78,
            "eps_latest_yearly": 0.76,
            "eps_growth_yearly": 15.5
        },
        "20203": {
            "year_quarter": 20203,
            "year": 2020,
            "quarter": 3,
            "eps": 0.17,
            "eps_growth_year": 6.25,
            "eps_4q": 0.72,
            "eps_4q_growth_year": -6.46,
            "roe": 0.82,
            "roe_4q": 3.42,
            "gross_profit": 245178,
            "gross_margin": 13.96,
            "gross_margin_4q_avg": 14.4,
            "net_income": 182789,
            "net_income_4q": null,
            "revenue": 1755871,
            "revenue_4q": null,
            "common_shares": 10671411,
            "book_valuer_per_share": 21.12,
            "book_valuer_per_share_4q_avg": 21.06,
            "equity": 22534231,
            "current_ratio": 164.59,
            "debt_ratio": 33.16,
            "inventory_turnover_ratio": 32.57,
            "account_receivable_turnover_ratio": 2.15,
            "reinvestment_rate": -104.71,
            "research_to_sale_ratio": null,
            "price_fair": 23.85,
            "eps_avg_yearly": 0.78,
            "eps_latest_yearly": 0.68,
            "eps_growth_yearly": 20.48
        },
        "20204": {
            "year_quarter": 20204,
            "year": 2020,
            "quarter": 4,
            "eps": 0.13,
            "eps_growth_year": -39.29,
            "eps_4q": 0.64,
            "eps_4q_growth_year": -18.61,
            "roe": 0.58,
            "roe_4q": 3.03,
            "gross_profit": 237371,
            "gross_margin": 13.82,
            "gross_margin_4q_avg": 14.22,
            "net_income": 133772,
            "net_income_4q": null,
            "revenue": 1717687,
            "revenue_4q": null,
            "common_shares": 10671411,
            "book_valuer_per_share": 21.88,
            "book_valuer_per_share_4q_avg": 21.22,
            "equity": 23349617,
            "current_ratio": 197.51,
            "debt_ratio": 33.42,
            "inventory_turnover_ratio": 32.14,
            "account_receivable_turnover_ratio": 1.93,
            "reinvestment_rate": -122.15,
            "research_to_sale_ratio": null,
            "price_fair": 15.28,
            "eps_avg_yearly": 0.77,
            "eps_latest_yearly": 0.52,
            "eps_growth_yearly": 9.91
        },
        "20211": {
            "year_quarter": 20211,
            "year": 2021,
            "quarter": 1,
            "eps": 0.15,
            "eps_growth_year": 0,
            "eps_4q": 0.64,
            "eps_4q_growth_year": -15.12,
            "roe": 0.69,
            "roe_4q": 3.01,
            "gross_profit": 223261,
            "gross_margin": 13.15,
            "gross_margin_4q_avg": 13.9,
            "net_income": 162913,
            "net_income_4q": null,
            "revenue": 1697437,
            "revenue_4q": null,
            "common_shares": 10671411,
            "book_valuer_per_share": 22.47,
            "book_valuer_per_share_4q_avg": 21.59,
            "equity": 23982340,
            "current_ratio": 292.82,
            "debt_ratio": 33.19,
            "inventory_turnover_ratio": 30.54,
            "account_receivable_turnover_ratio": 1.86,
            "reinvestment_rate": -81.46,
            "research_to_sale_ratio": null,
            "price_fair": 21.19,
            "eps_avg_yearly": 0.77,
            "eps_latest_yearly": 0.6,
            "eps_growth_yearly": 17.7
        },
        "20212": {
            "year_quarter": 20212,
            "year": 2021,
            "quarter": 2,
            "eps": 0.21,
            "eps_growth_year": 10.53,
            "eps_4q": 0.66,
            "eps_4q_growth_year": -7.3,
            "roe": 0.86,
            "roe_4q": 2.9499999999999997,
            "gross_profit": 222812,
            "gross_margin": 12.89,
            "gross_margin_4q_avg": 13.46,
            "net_income": 224563,
            "net_income_4q": null,
            "revenue": 1729027,
            "revenue_4q": null,
            "common_shares": 10671411,
            "book_valuer_per_share": 26.22,
            "book_valuer_per_share_4q_avg": 22.92,
            "equity": 27976572,
            "current_ratio": 389.74,
            "debt_ratio": 30.41,
            "inventory_turnover_ratio": 30.19,
            "account_receivable_turnover_ratio": 1.74,
            "reinvestment_rate": -74.22,
            "research_to_sale_ratio": null,
            "price_fair": 27.13,
            "eps_avg_yearly": 0.78,
            "eps_latest_yearly": 0.84,
            "eps_growth_yearly": 26.14
        },
        "20213": {
            "year_quarter": 20213,
            "year": 2021,
            "quarter": 3,
            "eps": 0.3,
            "eps_growth_year": 76.47,
            "eps_4q": 0.78,
            "eps_4q_growth_year": 8.95,
            "roe": 1.16,
            "roe_4q": 3.29,
            "gross_profit": 207109,
            "gross_margin": 12.18,
            "gross_margin_4q_avg": 13.01,
            "net_income": 316310,
            "net_income_4q": null,
            "revenue": 1700930,
            "revenue_4q": null,
            "common_shares": 10671411,
            "book_valuer_per_share": 24.72,
            "book_valuer_per_share_4q_avg": 23.82,
            "equity": 26381178,
            "current_ratio": 326.22,
            "debt_ratio": 32.56,
            "inventory_turnover_ratio": 29.74,
            "account_receivable_turnover_ratio": 1.67,
            "reinvestment_rate": -78.22,
            "research_to_sale_ratio": null,
            "price_fair": 27.91,
            "eps_avg_yearly": 0.8,
            "eps_latest_yearly": 1.2,
            "eps_growth_yearly": 30.97
        },
        "20214": {
            "year_quarter": 20214,
            "year": 2021,
            "quarter": 4,
            "eps": 0.34,
            "eps_growth_year": 169.67,
            "eps_4q": 1,
            "eps_4q_growth_year": 56.04,
            "roe": 1.4,
            "roe_4q": 4.109999999999999,
            "gross_profit": 700062,
            "gross_margin": 18.65,
            "gross_margin_4q_avg": 14.22,
            "net_income": 379571,
            "net_income_4q": null,
            "revenue": 3752832,
            "revenue_4q": null,
            "common_shares": 10671411,
            "book_valuer_per_share": 25.9,
            "book_valuer_per_share_4q_avg": 24.83,
            "equity": 27730953,
            "current_ratio": 311.9,
            "debt_ratio": 33.67,
            "inventory_turnover_ratio": 59.32,
            "account_receivable_turnover_ratio": 2.58,
            "reinvestment_rate": -37.8,
            "research_to_sale_ratio": null,
            "price_fair": 28.17,
            "eps_avg_yearly": 0.81,
            "eps_latest_yearly": 1.36,
            "eps_growth_yearly": 24.78
        },
        "20221": {
            "year_quarter": 20221,
            "year": 2022,
            "quarter": 1,
            "eps": 0.62,
            "eps_growth_year": 313.33,
            "eps_4q": 1.46,
            "eps_4q_growth_year": 127.57,
            "roe": 2.43,
            "roe_4q": 5.8500000000000005,
            "gross_profit": 1033248,
            "gross_margin": 24.38,
            "gross_margin_4q_avg": 17.03,
            "net_income": 686755,
            "net_income_4q": null,
            "revenue": 4237309,
            "revenue_4q": null,
            "common_shares": 10671411,
            "book_valuer_per_share": 26.96,
            "book_valuer_per_share_4q_avg": 25.95,
            "equity": 28890108,
            "current_ratio": 356.17,
            "debt_ratio": 32.71,
            "inventory_turnover_ratio": 61.59,
            "account_receivable_turnover_ratio": 1.81,
            "reinvestment_rate": -127.96,
            "research_to_sale_ratio": null,
            "price_fair": 32.38,
            "eps_avg_yearly": 0.93,
            "eps_latest_yearly": 2.48,
            "eps_growth_yearly": 56.58
        },
        "20222": {
            "year_quarter": 20222,
            "year": 2022,
            "quarter": 2,
            "eps": 1.29,
            "eps_growth_year": 514.29,
            "eps_4q": 2.54,
            "eps_4q_growth_year": 285.23,
            "roe": 4.93,
            "roe_4q": 9.92,
            "gross_profit": 1244447,
            "gross_margin": 26.58,
            "gross_margin_4q_avg": 20.45,
            "net_income": 1421869,
            "net_income_4q": null,
            "revenue": 4681133,
            "revenue_4q": null,
            "common_shares": 10671411,
            "book_valuer_per_share": 26.77,
            "book_valuer_per_share_4q_avg": 26.09,
            "equity": 28764816,
            "current_ratio": 293.6,
            "debt_ratio": 33.1,
            "inventory_turnover_ratio": 65.43,
            "account_receivable_turnover_ratio": 1.56,
            "reinvestment_rate": -154.95,
            "research_to_sale_ratio": null,
            "price_fair": 42.18,
            "eps_avg_yearly": 1.21,
            "eps_latest_yearly": 5.16,
            "eps_growth_yearly": 82.03
        },
        "20223": {
            "year_quarter": 20223,
            "year": 2022,
            "quarter": 3,
            "eps": 0.88,
            "eps_growth_year": 193.33,
            "eps_4q": 3.13,
            "eps_4q_growth_year": 298.22,
            "roe": 3.41,
            "roe_4q": 12.17,
            "gross_profit": 1340379,
            "gross_margin": 27.18,
            "gross_margin_4q_avg": 24.2,
            "net_income": 993779,
            "net_income_4q": null,
            "revenue": 4931528,
            "revenue_4q": null,
            "common_shares": 10671411,
            "book_valuer_per_share": 27.49,
            "book_valuer_per_share_4q_avg": 26.78,
            "equity": 29592027,
            "current_ratio": 326.53,
            "debt_ratio": 30.35,
            "inventory_turnover_ratio": 68.9,
            "account_receivable_turnover_ratio": 1.57,
            "reinvestment_rate": -124.07,
            "research_to_sale_ratio": null,
            "price_fair": 47.34,
            "eps_avg_yearly": 1.35,
            "eps_latest_yearly": 3.52,
            "eps_growth_yearly": 56.44
        },
        "20224": {
            "year_quarter": 20224,
            "year": 2022,
            "quarter": 4,
            "eps": 0.52,
            "eps_growth_year": 52.96,
            "eps_4q": 3.3,
            "eps_4q_growth_year": 231.26,
            "roe": 1.91,
            "roe_4q": 12.68,
            "gross_profit": 881424,
            "gross_margin": 23.59,
            "gross_margin_4q_avg": 25.43,
            "net_income": 568229,
            "net_income_4q": null,
            "revenue": 3736986,
            "revenue_4q": null,
            "common_shares": 10671411,
            "book_valuer_per_share": 27.69,
            "book_valuer_per_share_4q_avg": 27.23,
            "equity": 29820523,
            "current_ratio": 379.15,
            "debt_ratio": 29.08,
            "inventory_turnover_ratio": 55.06,
            "account_receivable_turnover_ratio": 1.33,
            "reinvestment_rate": -118.86,
            "research_to_sale_ratio": null,
            "price_fair": 50.23,
            "eps_avg_yearly": 1.44,
            "eps_latest_yearly": 2.08,
            "eps_growth_yearly": 54.83
        },
        "20231": {
            "year_quarter": 20231,
            "year": 2023,
            "quarter": 1,
            "eps": 0.42,
            "eps_growth_year": -32.26,
            "eps_4q": 3.11,
            "eps_4q_growth_year": 113.1,
            "roe": 1.54,
            "roe_4q": 11.79,
            "gross_profit": 840979,
            "gross_margin": 25.85,
            "gross_margin_4q_avg": 25.8,
            "net_income": 464118,
            "net_income_4q": null,
            "revenue": 3252926,
            "revenue_4q": null,
            "common_shares": 10671411,
            "book_valuer_per_share": 28.15,
            "book_valuer_per_share_4q_avg": 27.53,
            "equity": 30328781,
            "current_ratio": 362.62,
            "debt_ratio": 26.77,
            "inventory_turnover_ratio": 42.04,
            "account_receivable_turnover_ratio": 1.27,
            "reinvestment_rate": -106.08,
            "research_to_sale_ratio": null,
            "price_fair": 52.33,
            "eps_avg_yearly": 1.5,
            "eps_latest_yearly": 1.68,
            "eps_growth_yearly": 51.34
        },
        "20232": {
            "year_quarter": 20232,
            "year": 2023,
            "quarter": 2,
            "eps": 1.14,
            "eps_growth_year": -11.63,
            "eps_4q": 2.95,
            "eps_4q_growth_year": 16.22,
            "roe": 4.05,
            "roe_4q": 10.91,
            "gross_profit": 947251,
            "gross_margin": 23.33,
            "gross_margin_4q_avg": 24.99,
            "net_income": 1235814,
            "net_income_4q": null,
            "revenue": 4060962,
            "revenue_4q": null,
            "common_shares": 10671411,
            "book_valuer_per_share": 28.58,
            "book_valuer_per_share_4q_avg": 27.98,
            "equity": 30725434,
            "current_ratio": 262.93,
            "debt_ratio": 29.22,
            "inventory_turnover_ratio": 49.8,
            "account_receivable_turnover_ratio": 1.47,
            "reinvestment_rate": -90.92,
            "research_to_sale_ratio": null,
            "price_fair": 60.2,
            "eps_avg_yearly": 1.72,
            "eps_latest_yearly": 4.56,
            "eps_growth_yearly": 85.86
        },
        "20233": {
            "year_quarter": 20233,
            "year": 2023,
            "quarter": 3,
            "eps": 0.68,
            "eps_growth_year": -22.73,
            "eps_4q": 2.76,
            "eps_4q_growth_year": -11.74,
            "roe": 2.47,
            "roe_4q": 9.969999999999999,
            "gross_profit": 1122826,
            "gross_margin": 25.86,
            "gross_margin_4q_avg": 24.66,
            "net_income": 769440,
            "net_income_4q": null,
            "revenue": 4342275,
            "revenue_4q": null,
            "common_shares": 10671411,
            "book_valuer_per_share": 29.46,
            "book_valuer_per_share_4q_avg": 28.47,
            "equity": 31700756,
            "current_ratio": 326.03,
            "debt_ratio": 26.7,
            "inventory_turnover_ratio": 50.66,
            "account_receivable_turnover_ratio": 1.38,
            "reinvestment_rate": -78.69,
            "research_to_sale_ratio": null,
            "price_fair": 64.75,
            "eps_avg_yearly": 1.85,
            "eps_latest_yearly": 2.72,
            "eps_growth_yearly": 84.11
        }
    },
    "months": {
        "2001-06": {
            "month": "2001-06",
            "price": "9.45",
            "revenue": 140717
        },
        "2001-07": {
            "month": "2001-07",
            "price": "7.37",
            "revenue": 145559
        },
        "2001-08": {
            "month": "2001-08",
            "price": "9.62",
            "revenue": 147288
        },
        "2001-09": {
            "month": "2001-09",
            "price": "8.07",
            "revenue": 139514
        },
        "2001-10": {
            "month": "2001-10",
            "price": "6.62",
            "revenue": 148100
        },
        "2001-11": {
            "month": "2001-11",
            "price": "7.62",
            "revenue": 130545
        },
        "2001-12": {
            "month": "2001-12",
            "price": "11.87",
            "revenue": 136249
        },
        "2002-01": {
            "month": "2002-01",
            "price": "21.05",
            "revenue": 116841
        },
        "2002-02": {
            "month": "2002-02",
            "price": "19.25",
            "revenue": 102147
        },
        "2002-03": {
            "month": "2002-03",
            "price": "18.91",
            "revenue": 173846
        },
        "2002-04": {
            "month": "2002-04",
            "price": "17.70",
            "revenue": 210242
        },
        "2002-05": {
            "month": "2002-05",
            "price": "15.24",
            "revenue": 227850
        },
        "2002-06": {
            "month": "2002-06",
            "price": "13.90",
            "revenue": 207158
        },
        "2002-07": {
            "month": "2002-07",
            "price": "13.09",
            "revenue": 231810
        },
        "2002-08": {
            "month": "2002-08",
            "price": "12.03",
            "revenue": 215089
        },
        "2002-09": {
            "month": "2002-09",
            "price": "10.36",
            "revenue": 207826
        },
        "2002-10": {
            "month": "2002-10",
            "price": "10.31",
            "revenue": 393483
        },
        "2002-11": {
            "month": "2002-11",
            "price": "11.31",
            "revenue": 416366
        },
        "2002-12": {
            "month": "2002-12",
            "price": "10.86",
            "revenue": 399604
        },
        "2003-01": {
            "month": "2003-01",
            "price": "14.72",
            "revenue": 367751
        },
        "2003-02": {
            "month": "2003-02",
            "price": "12.25",
            "revenue": 342987
        },
        "2003-03": {
            "month": "2003-03",
            "price": "11.30",
            "revenue": 400391
        },
        "2003-04": {
            "month": "2003-04",
            "price": "10.83",
            "revenue": 401516
        },
        "2003-05": {
            "month": "2003-05",
            "price": "9.95",
            "revenue": 392692
        },
        "2003-06": {
            "month": "2003-06",
            "price": "10.44",
            "revenue": 380428
        },
        "2003-07": {
            "month": "2003-07",
            "price": "10.66",
            "revenue": 372429
        },
        "2003-08": {
            "month": "2003-08",
            "price": "10.35",
            "revenue": 373974
        },
        "2003-09": {
            "month": "2003-09",
            "price": "10.85",
            "revenue": 365518
        },
        "2003-10": {
            "month": "2003-10",
            "price": "13.39",
            "revenue": 384290
        },
        "2003-11": {
            "month": "2003-11",
            "price": "13.00",
            "revenue": 368140
        },
        "2003-12": {
            "month": "2003-12",
            "price": "12.60",
            "revenue": 416345
        },
        "2004-01": {
            "month": "2004-01",
            "price": "14.43",
            "revenue": 339650
        },
        "2004-02": {
            "month": "2004-02",
            "price": "16.34",
            "revenue": 347487
        },
        "2004-03": {
            "month": "2004-03",
            "price": "16.76",
            "revenue": 395848
        },
        "2004-04": {
            "month": "2004-04",
            "price": "14.62",
            "revenue": 385293
        },
        "2004-05": {
            "month": "2004-05",
            "price": "13.22",
            "revenue": 407419
        },
        "2004-06": {
            "month": "2004-06",
            "price": "13.14",
            "revenue": 384562
        },
        "2004-07": {
            "month": "2004-07",
            "price": "12.44",
            "revenue": 339338
        },
        "2004-08": {
            "month": "2004-08",
            "price": "11.18",
            "revenue": 438990
        },
        "2004-09": {
            "month": "2004-09",
            "price": "13.36",
            "revenue": 392057
        },
        "2004-10": {
            "month": "2004-10",
            "price": "14.70",
            "revenue": 385145
        },
        "2004-11": {
            "month": "2004-11",
            "price": "13.66",
            "revenue": 398872
        },
        "2004-12": {
            "month": "2004-12",
            "price": "14.76",
            "revenue": 409098
        },
        "2005-01": {
            "month": "2005-01",
            "price": "15.07",
            "revenue": 395691
        },
        "2005-02": {
            "month": "2005-02",
            "price": "14.07",
            "revenue": 329149
        },
        "2005-03": {
            "month": "2005-03",
            "price": "14.58",
            "revenue": 397731
        },
        "2005-04": {
            "month": "2005-04",
            "price": "12.90",
            "revenue": 384013
        },
        "2005-05": {
            "month": "2005-05",
            "price": "12.17",
            "revenue": 406423
        },
        "2005-06": {
            "month": "2005-06",
            "price": "13.36",
            "revenue": 389703
        },
        "2005-07": {
            "month": "2005-07",
            "price": "12.90",
            "revenue": 379280
        },
        "2005-08": {
            "month": "2005-08",
            "price": "12.20",
            "revenue": 400213
        },
        "2005-09": {
            "month": "2005-09",
            "price": "11.84",
            "revenue": 401429
        },
        "2005-10": {
            "month": "2005-10",
            "price": "11.30",
            "revenue": 404308
        },
        "2005-11": {
            "month": "2005-11",
            "price": "12.18",
            "revenue": 398799
        },
        "2005-12": {
            "month": "2005-12",
            "price": "12.81",
            "revenue": 394094
        },
        "2006-01": {
            "month": "2006-01",
            "price": "12.97",
            "revenue": 386714
        },
        "2006-02": {
            "month": "2006-02",
            "price": "13.26",
            "revenue": 351570
        },
        "2006-03": {
            "month": "2006-03",
            "price": "12.96",
            "revenue": 417309
        },
        "2006-04": {
            "month": "2006-04",
            "price": "14.04",
            "revenue": 397942
        },
        "2006-05": {
            "month": "2006-05",
            "price": "16.76",
            "revenue": 409005
        },
        "2006-06": {
            "month": "2006-06",
            "price": "16.51",
            "revenue": 388602
        },
        "2006-07": {
            "month": "2006-07",
            "price": "16.61",
            "revenue": 390259
        },
        "2006-08": {
            "month": "2006-08",
            "price": "15.74",
            "revenue": 399407
        },
        "2006-09": {
            "month": "2006-09",
            "price": "15.06",
            "revenue": 381880
        },
        "2006-10": {
            "month": "2006-10",
            "price": "15.94",
            "revenue": 376860
        },
        "2006-11": {
            "month": "2006-11",
            "price": "16.81",
            "revenue": 373853
        },
        "2006-12": {
            "month": "2006-12",
            "price": "18.26",
            "revenue": 390925
        },
        "2007-01": {
            "month": "2007-01",
            "price": "18.24",
            "revenue": 380892
        },
        "2007-02": {
            "month": "2007-02",
            "price": "17.57",
            "revenue": 312494
        },
        "2007-03": {
            "month": "2007-03",
            "price": "16.88",
            "revenue": 389891
        },
        "2007-04": {
            "month": "2007-04",
            "price": "17.34",
            "revenue": 391408
        },
        "2007-05": {
            "month": "2007-05",
            "price": "16.78",
            "revenue": 398829
        },
        "2007-06": {
            "month": "2007-06",
            "price": "17.18",
            "revenue": 393950
        },
        "2007-07": {
            "month": "2007-07",
            "price": "19.78",
            "revenue": 427848
        },
        "2007-08": {
            "month": "2007-08",
            "price": "17.31",
            "revenue": 411027
        },
        "2007-09": {
            "month": "2007-09",
            "price": "17.42",
            "revenue": 395236
        },
        "2007-10": {
            "month": "2007-10",
            "price": "18.78",
            "revenue": 414879
        },
        "2007-11": {
            "month": "2007-11",
            "price": "16.59",
            "revenue": 416330
        },
        "2007-12": {
            "month": "2007-12",
            "price": "15.12",
            "revenue": 431130
        },
        "2008-01": {
            "month": "2008-01",
            "price": "16.72",
            "revenue": 410813
        },
        "2008-02": {
            "month": "2008-02",
            "price": "19.83",
            "revenue": 358740
        },
        "2008-03": {
            "month": "2008-03",
            "price": "26.50",
            "revenue": 423536
        },
        "2008-04": {
            "month": "2008-04",
            "price": "31.57",
            "revenue": 416655
        },
        "2008-05": {
            "month": "2008-05",
            "price": "31.71",
            "revenue": 438607
        },
        "2008-06": {
            "month": "2008-06",
            "price": "25.00",
            "revenue": 437273
        },
        "2008-07": {
            "month": "2008-07",
            "price": "22.70",
            "revenue": 429864
        },
        "2008-08": {
            "month": "2008-08",
            "price": "20.89",
            "revenue": 436923
        },
        "2008-09": {
            "month": "2008-09",
            "price": "16.82",
            "revenue": 386135
        },
        "2008-10": {
            "month": "2008-10",
            "price": "13.63",
            "revenue": 371982
        },
        "2008-11": {
            "month": "2008-11",
            "price": "17.02",
            "revenue": 333131
        },
        "2008-12": {
            "month": "2008-12",
            "price": "18.05",
            "revenue": 341333
        },
        "2009-01": {
            "month": "2009-01",
            "price": "16.99",
            "revenue": 273243
        },
        "2009-02": {
            "month": "2009-02",
            "price": "16.18",
            "revenue": 261209
        },
        "2009-03": {
            "month": "2009-03",
            "price": "18.79",
            "revenue": 313334
        },
        "2009-04": {
            "month": "2009-04",
            "price": "22.98",
            "revenue": 298648
        },
        "2009-05": {
            "month": "2009-05",
            "price": "29.51",
            "revenue": 310350
        },
        "2009-06": {
            "month": "2009-06",
            "price": "29.32",
            "revenue": 334175
        },
        "2009-07": {
            "month": "2009-07",
            "price": "29.21",
            "revenue": 356658
        },
        "2009-08": {
            "month": "2009-08",
            "price": "25.88",
            "revenue": 346239
        },
        "2009-09": {
            "month": "2009-09",
            "price": "27.80",
            "revenue": 335990
        },
        "2009-10": {
            "month": "2009-10",
            "price": "29.40",
            "revenue": 342703
        },
        "2009-11": {
            "month": "2009-11",
            "price": "27.46",
            "revenue": 346088
        },
        "2009-12": {
            "month": "2009-12",
            "price": "27.62",
            "revenue": 361790
        },
        "2010-01": {
            "month": "2010-01",
            "price": "28.12",
            "revenue": 352602
        },
        "2010-02": {
            "month": "2010-02",
            "price": "25.08",
            "revenue": 277526
        },
        "2010-03": {
            "month": "2010-03",
            "price": "25.63",
            "revenue": 341174
        },
        "2010-04": {
            "month": "2010-04",
            "price": "26.35",
            "revenue": 341860
        },
        "2010-05": {
            "month": "2010-05",
            "price": "23.26",
            "revenue": 351693
        },
        "2010-06": {
            "month": "2010-06",
            "price": "22.81",
            "revenue": 333366
        },
        "2010-07": {
            "month": "2010-07",
            "price": "24.15",
            "revenue": 347442
        },
        "2010-08": {
            "month": "2010-08",
            "price": "25.97",
            "revenue": 345545
        },
        "2010-09": {
            "month": "2010-09",
            "price": "24.95",
            "revenue": 335781
        },
        "2010-10": {
            "month": "2010-10",
            "price": "26.96",
            "revenue": 354178
        },
        "2010-11": {
            "month": "2010-11",
            "price": "26.64",
            "revenue": 359146
        },
        "2010-12": {
            "month": "2010-12",
            "price": "27.93",
            "revenue": 372934
        },
        "2011-01": {
            "month": "2011-01",
            "price": "27.69",
            "revenue": 365646
        },
        "2011-02": {
            "month": "2011-02",
            "price": "25.71",
            "revenue": 286146
        },
        "2011-03": {
            "month": "2011-03",
            "price": "23.90",
            "revenue": 372605
        },
        "2011-04": {
            "month": "2011-04",
            "price": "24.86",
            "revenue": 369636
        },
        "2011-05": {
            "month": "2011-05",
            "price": "24.93",
            "revenue": 381761
        },
        "2011-06": {
            "month": "2011-06",
            "price": "24.43",
            "revenue": 366023
        },
        "2011-07": {
            "month": "2011-07",
            "price": "24.54",
            "revenue": 378487
        },
        "2011-08": {
            "month": "2011-08",
            "price": "20.57",
            "revenue": 356881
        },
        "2011-09": {
            "month": "2011-09",
            "price": "18.41",
            "revenue": 348985
        },
        "2011-10": {
            "month": "2011-10",
            "price": "17.40",
            "revenue": 346915
        },
        "2011-11": {
            "month": "2011-11",
            "price": "16.09",
            "revenue": 342282
        },
        "2011-12": {
            "month": "2011-12",
            "price": "14.02",
            "revenue": 366961
        },
        "2012-01": {
            "month": "2012-01",
            "price": "14.49",
            "revenue": 319680
        },
        "2012-02": {
            "month": "2012-02",
            "price": "17.15",
            "revenue": 327454
        },
        "2012-03": {
            "month": "2012-03",
            "price": "16.69",
            "revenue": 385156
        },
        "2012-04": {
            "month": "2012-04",
            "price": "14.73",
            "revenue": 366474
        },
        "2012-05": {
            "month": "2012-05",
            "price": "15.11",
            "revenue": 383283
        },
        "2012-06": {
            "month": "2012-06",
            "price": "14.62",
            "revenue": 355266
        },
        "2012-07": {
            "month": "2012-07",
            "price": "14.71",
            "revenue": 388427
        },
        "2012-08": {
            "month": "2012-08",
            "price": "16.43",
            "revenue": 381367
        },
        "2012-09": {
            "month": "2012-09",
            "price": "18.90",
            "revenue": 385050
        },
        "2012-10": {
            "month": "2012-10",
            "price": "19.50",
            "revenue": 374433
        },
        "2012-11": {
            "month": "2012-11",
            "price": "19.18",
            "revenue": 359687
        },
        "2012-12": {
            "month": "2012-12",
            "price": "20.09",
            "revenue": 366354
        },
        "2013-01": {
            "month": "2013-01",
            "price": "20.21",
            "revenue": 527099
        },
        "2013-02": {
            "month": "2013-02",
            "price": "20.26",
            "revenue": 425884
        },
        "2013-03": {
            "month": "2013-03",
            "price": "20.20",
            "revenue": 536565
        },
        "2013-04": {
            "month": "2013-04",
            "price": "19.40",
            "revenue": 508971
        },
        "2013-05": {
            "month": "2013-05",
            "price": "19.64",
            "revenue": 523417
        },
        "2013-06": {
            "month": "2013-06",
            "price": "19.25",
            "revenue": 515572
        },
        "2013-07": {
            "month": "2013-07",
            "price": "18.86",
            "revenue": 534634
        },
        "2013-08": {
            "month": "2013-08",
            "price": "18.78",
            "revenue": 511805
        },
        "2013-09": {
            "month": "2013-09",
            "price": "18.99",
            "revenue": 498967
        },
        "2013-10": {
            "month": "2013-10",
            "price": "20.03",
            "revenue": 498569
        },
        "2013-11": {
            "month": "2013-11",
            "price": "19.75",
            "revenue": 511371
        },
        "2013-12": {
            "month": "2013-12",
            "price": "20.21",
            "revenue": 520471
        },
        "2014-01": {
            "month": "2014-01",
            "price": "21.13",
            "revenue": 514283
        },
        "2014-02": {
            "month": "2014-02",
            "price": "20.62",
            "revenue": 432954
        },
        "2014-03": {
            "month": "2014-03",
            "price": "20.56",
            "revenue": 524366
        },
        "2014-04": {
            "month": "2014-04",
            "price": "19.66",
            "revenue": 526340
        },
        "2014-05": {
            "month": "2014-05",
            "price": "19.09",
            "revenue": 559258
        },
        "2014-06": {
            "month": "2014-06",
            "price": "18.76",
            "revenue": 546791
        },
        "2014-07": {
            "month": "2014-07",
            "price": "18.73",
            "revenue": 576954
        },
        "2014-08": {
            "month": "2014-08",
            "price": "19.04",
            "revenue": 606931
        },
        "2014-09": {
            "month": "2014-09",
            "price": "18.67",
            "revenue": 591554
        },
        "2014-10": {
            "month": "2014-10",
            "price": "17.62",
            "revenue": 615767
        },
        "2014-11": {
            "month": "2014-11",
            "price": "17.86",
            "revenue": 606947
        },
        "2014-12": {
            "month": "2014-12",
            "price": "18.09",
            "revenue": 628312
        },
        "2015-01": {
            "month": "2015-01",
            "price": "18.82",
            "revenue": 602049
        },
        "2015-02": {
            "month": "2015-02",
            "price": "18.37",
            "revenue": 526158
        },
        "2015-03": {
            "month": "2015-03",
            "price": "18.00",
            "revenue": 637778
        },
        "2015-04": {
            "month": "2015-04",
            "price": "17.80",
            "revenue": 612436
        },
        "2015-05": {
            "month": "2015-05",
            "price": "17.15",
            "revenue": 635819
        },
        "2015-06": {
            "month": "2015-06",
            "price": "15.68",
            "revenue": 619877
        },
        "2015-07": {
            "month": "2015-07",
            "price": "15.19",
            "revenue": 650958
        },
        "2015-08": {
            "month": "2015-08",
            "price": "13.58",
            "revenue": 638823
        },
        "2015-09": {
            "month": "2015-09",
            "price": "13.14",
            "revenue": 606944
        },
        "2015-10": {
            "month": "2015-10",
            "price": "13.70",
            "revenue": 571934
        },
        "2015-11": {
            "month": "2015-11",
            "price": "13.33",
            "revenue": 616940
        },
        "2015-12": {
            "month": "2015-12",
            "price": "13.45",
            "revenue": 628949
        },
        "2016-01": {
            "month": "2016-01",
            "price": "13.09",
            "revenue": 620359
        },
        "2016-02": {
            "month": "2016-02",
            "price": "13.14",
            "revenue": 539256
        },
        "2016-03": {
            "month": "2016-03",
            "price": "13.59",
            "revenue": 622749
        },
        "2016-04": {
            "month": "2016-04",
            "price": "13.31",
            "revenue": 617551
        },
        "2016-05": {
            "month": "2016-05",
            "price": "12.84",
            "revenue": 639780
        },
        "2016-06": {
            "month": "2016-06",
            "price": "12.92",
            "revenue": 622952
        },
        "2016-07": {
            "month": "2016-07",
            "price": "13.10",
            "revenue": 635576
        },
        "2016-08": {
            "month": "2016-08",
            "price": "13.05",
            "revenue": 641234
        },
        "2016-09": {
            "month": "2016-09",
            "price": "12.96",
            "revenue": 595148
        },
        "2016-10": {
            "month": "2016-10",
            "price": "12.78",
            "revenue": 652493
        },
        "2016-11": {
            "month": "2016-11",
            "price": "12.84",
            "revenue": 627839
        },
        "2016-12": {
            "month": "2016-12",
            "price": "12.99",
            "revenue": 657160
        },
        "2017-01": {
            "month": "2017-01",
            "price": "13.22",
            "revenue": 646809
        },
        "2017-02": {
            "month": "2017-02",
            "price": "15.02",
            "revenue": 565138
        },
        "2017-03": {
            "month": "2017-03",
            "price": "14.66",
            "revenue": 658495
        },
        "2017-04": {
            "month": "2017-04",
            "price": "13.91",
            "revenue": 627008
        },
        "2017-05": {
            "month": "2017-05",
            "price": "13.71",
            "revenue": 631835
        },
        "2017-06": {
            "month": "2017-06",
            "price": "13.81",
            "revenue": 621244
        },
        "2017-07": {
            "month": "2017-07",
            "price": "14.00",
            "revenue": 621526
        },
        "2017-08": {
            "month": "2017-08",
            "price": "14.07",
            "revenue": 638552
        },
        "2017-09": {
            "month": "2017-09",
            "price": "14.04",
            "revenue": 617679
        },
        "2017-10": {
            "month": "2017-10",
            "price": "13.93",
            "revenue": 624423
        },
        "2017-11": {
            "month": "2017-11",
            "price": "13.92",
            "revenue": 640520
        },
        "2017-12": {
            "month": "2017-12",
            "price": "13.95",
            "revenue": 660780
        },
        "2018-01": {
            "month": "2018-01",
            "price": "14.18",
            "revenue": 660389
        },
        "2018-02": {
            "month": "2018-02",
            "price": "13.40",
            "revenue": 544267
        },
        "2018-03": {
            "month": "2018-03",
            "price": "13.27",
            "revenue": 666872
        },
        "2018-04": {
            "month": "2018-04",
            "price": "13.43",
            "revenue": 623215
        },
        "2018-05": {
            "month": "2018-05",
            "price": "13.39",
            "revenue": 674570
        },
        "2018-06": {
            "month": "2018-06",
            "price": "13.44",
            "revenue": 643490
        },
        "2018-07": {
            "month": "2018-07",
            "price": "13.07",
            "revenue": 665100
        },
        "2018-08": {
            "month": "2018-08",
            "price": "13.00",
            "revenue": 654800
        },
        "2018-09": {
            "month": "2018-09",
            "price": "13.24",
            "revenue": 642453
        },
        "2018-10": {
            "month": "2018-10",
            "price": "13.27",
            "revenue": 664900
        },
        "2018-11": {
            "month": "2018-11",
            "price": "12.94",
            "revenue": 650769
        },
        "2018-12": {
            "month": "2018-12",
            "price": "13.43",
            "revenue": 651613
        },
        "2019-01": {
            "month": "2019-01",
            "price": "13.37",
            "revenue": 670017
        },
        "2019-02": {
            "month": "2019-02",
            "price": "13.50",
            "revenue": 564278
        },
        "2019-03": {
            "month": "2019-03",
            "price": "13.50",
            "revenue": 683577
        },
        "2019-04": {
            "month": "2019-04",
            "price": "13.64",
            "revenue": 653365
        },
        "2019-05": {
            "month": "2019-05",
            "price": "14.08",
            "revenue": 682076
        },
        "2019-06": {
            "month": "2019-06",
            "price": "14.10",
            "revenue": 641817
        },
        "2019-07": {
            "month": "2019-07",
            "price": "14.30",
            "revenue": 646421
        },
        "2019-08": {
            "month": "2019-08",
            "price": "13.64",
            "revenue": 643253
        },
        "2019-09": {
            "month": "2019-09",
            "price": "13.68",
            "revenue": 620481
        },
        "2019-10": {
            "month": "2019-10",
            "price": "14.16",
            "revenue": 650487
        },
        "2019-11": {
            "month": "2019-11",
            "price": "14.04",
            "revenue": 638309
        },
        "2019-12": {
            "month": "2019-12",
            "price": "14.31",
            "revenue": 636601
        },
        "2020-01": {
            "month": "2020-01",
            "price": "14.13",
            "revenue": 604037
        },
        "2020-02": {
            "month": "2020-02",
            "price": "13.64",
            "revenue": 563522
        },
        "2020-03": {
            "month": "2020-03",
            "price": "12.39",
            "revenue": 621240
        },
        "2020-04": {
            "month": "2020-04",
            "price": "12.34",
            "revenue": 567676
        },
        "2020-05": {
            "month": "2020-05",
            "price": "12.92",
            "revenue": 572535
        },
        "2020-06": {
            "month": "2020-06",
            "price": "13.28",
            "revenue": 563819
        },
        "2020-07": {
            "month": "2020-07",
            "price": "13.61",
            "revenue": 586638
        },
        "2020-08": {
            "month": "2020-08",
            "price": "13.53",
            "revenue": 590850
        },
        "2020-09": {
            "month": "2020-09",
            "price": "13.95",
            "revenue": 578383
        },
        "2020-10": {
            "month": "2020-10",
            "price": "14.29",
            "revenue": 579925
        },
        "2020-11": {
            "month": "2020-11",
            "price": "15.21",
            "revenue": 563048
        },
        "2020-12": {
            "month": "2020-12",
            "price": "17.95",
            "revenue": 574714
        },
        "2021-01": {
            "month": "2021-01",
            "price": "16.98",
            "revenue": 584684
        },
        "2021-02": {
            "month": "2021-02",
            "price": "16.60",
            "revenue": 501150
        },
        "2021-03": {
            "month": "2021-03",
            "price": "17.75",
            "revenue": 611603
        },
        "2021-04": {
            "month": "2021-04",
            "price": "21.01",
            "revenue": 572772
        },
        "2021-05": {
            "month": "2021-05",
            "price": "21.21",
            "revenue": 592045
        },
        "2021-06": {
            "month": "2021-06",
            "price": "29.31",
            "revenue": 564210
        },
        "2021-07": {
            "month": "2021-07",
            "price": "38.81",
            "revenue": 596925
        },
        "2021-08": {
            "month": "2021-08",
            "price": "33.11",
            "revenue": 571705
        },
        "2021-09": {
            "month": "2021-09",
            "price": "31.47",
            "revenue": 532300
        },
        "2021-10": {
            "month": "2021-10",
            "price": "27.61",
            "revenue": 1108467
        },
        "2021-11": {
            "month": "2021-11",
            "price": "28.48",
            "revenue": 1032413
        },
        "2021-12": {
            "month": "2021-12",
            "price": "29.12",
            "revenue": 1526309
        },
        "2022-01": {
            "month": "2022-01",
            "price": "29.06",
            "revenue": 1405123
        },
        "2022-02": {
            "month": "2022-02",
            "price": "32.77",
            "revenue": 1305813
        },
        "2022-03": {
            "month": "2022-03",
            "price": "37.81",
            "revenue": 1482889
        },
        "2022-04": {
            "month": "2022-04",
            "price": "37.01",
            "revenue": 1454769
        },
        "2022-05": {
            "month": "2022-05",
            "price": "35.62",
            "revenue": 1670884
        },
        "2022-06": {
            "month": "2022-06",
            "price": "32.38",
            "revenue": 1577311
        },
        "2022-07": {
            "month": "2022-07",
            "price": "28.81",
            "revenue": 1686328
        },
        "2022-08": {
            "month": "2022-08",
            "price": "30.45",
            "revenue": 2055556
        },
        "2022-09": {
            "month": "2022-09",
            "price": "31.05",
            "revenue": 1481921
        },
        "2022-10": {
            "month": "2022-10",
            "price": "28.22",
            "revenue": 1349863
        },
        "2022-11": {
            "month": "2022-11",
            "price": "27.52",
            "revenue": 1308140
        },
        "2022-12": {
            "month": "2022-12",
            "price": "28.22",
            "revenue": 1170505
        },
        "2023-01": {
            "month": "2023-01",
            "price": "27.13",
            "revenue": 997989
        },
        "2023-02": {
            "month": "2023-02",
            "price": "27.40",
            "revenue": 990267
        },
        "2023-03": {
            "month": "2023-03",
            "price": "27.85",
            "revenue": 1346434
        },
        "2023-04": {
            "month": "2023-04",
            "price": "27.65",
            "revenue": 1285625
        },
        "2023-05": {
            "month": "2023-05",
            "price": "27.08",
            "revenue": 1400042
        },
        "2023-06": {
            "month": "2023-06",
            "price": "28.30",
            "revenue": 1283389
        },
        "2023-07": {
            "month": "2023-07",
            "price": "27.97",
            "revenue": 1267700
        },
        "2023-08": {
            "month": "2023-08",
            "price": "28.13",
            "revenue": 1391659
        },
        "2023-09": {
            "month": "2023-09",
            "price": "28.43",
            "revenue": 1687371
        },
        "2023-10": {
            "month": "2023-10",
            "price": "29.82",
            "revenue": 1680794
        },
        "2023-11": {
            "month": "2023-11",
            "price": "30.44",
            "revenue": 1654596
        },
        "2023-12": {
            "month": "2023-12",
            "price": "32.40",
            "revenue": 1400611
        }
    }
}
