{
    "summary": {
        "stock_name": "嘉里大榮",
        "stock_id": "2608",
        "category": "航運",
        "main_business": "汽車貨運業、汽車路線貨運業、汽車貨櫃貨運業<br>倉儲業務、快遞業務、宅配業務<br>冷凍車、冷凍櫃、冷凍庫出租業務及商品分類配送處理業務",
        "website_url": "http://www.kerrytj.com",
        "ceo": "財務暨行政總處：阮慧雯；營運總處：滕德昌",
        "pe_ratio": 10,
        "report_year_from": 2001,
        "report_year_to": 2023,
        "age": 23,
        "eps_negative_percentage": 22,
        "eps_growth_avg": {
            "last_all": 9.04,
            "last_2y": -2.05,
            "last_4y": 3.13,
            "last_8y": 4.96,
            "last_12y": 7.63,
            "last_16y": 10.24,
            "last_20y": 9.04,
            "at_2006_last_3y": 0,
            "at_2007_last_3y": 0,
            "at_2008_last_3y": 0,
            "at_2009_last_3y": -54.82,
            "at_2010_last_3y": 27.18,
            "at_2011_last_3y": 23.54,
            "at_2012_last_3y": 21.68,
            "at_2013_last_3y": 26.8,
            "at_2014_last_3y": 13.65,
            "at_2015_last_3y": 18,
            "at_2016_last_3y": 13.52,
            "at_2017_last_3y": 9.42,
            "at_2018_last_3y": 7.25,
            "at_2019_last_3y": 1.52,
            "at_2020_last_3y": 4.75,
            "at_2021_last_3y": 4.35,
            "at_2022_last_3y": 0.89,
            "at_2023_last_3y": 1.23,
            "at_2024_last_3y": 1.23,
            "at_2006_last_all": 0,
            "at_2007_last_all": 0,
            "at_2008_last_all": 0,
            "at_2009_last_all": -3.21,
            "at_2010_last_all": 13.59,
            "at_2011_last_all": 14.12,
            "at_2012_last_all": 14.45,
            "at_2013_last_all": 13.94,
            "at_2014_last_all": 13.62,
            "at_2015_last_all": 15.85,
            "at_2016_last_all": 14.08,
            "at_2017_last_all": 12.29,
            "at_2018_last_all": 11.5,
            "at_2019_last_all": 11.44,
            "at_2020_last_all": 11.41,
            "at_2021_last_all": 10.17,
            "at_2022_last_all": 8.85,
            "at_2023_last_all": 9.04,
            "at_2024_last_all": 9.04
        },
        "latest_eps": 3.65,
        "latest_price": 37.9,
        "latest_roe": 15.08,
        "latest_gross_margin": 18.72,
        "latest_equity": 12741938,
        "latest_revenue": 3087078,
        "latest_gross_profit": 577921,
        "latest_net_income": 314903,
        "latest_debt_ratio": 47.95,
        "latest_current_ratio": 111.52,
        "latest_account_receivable_turnover_ratio": 1.71,
        "latest_inventory_turnover_ratio": 35.15,
        "latest_reinvestment_rate": 42.82,
        "latest_research_to_sale_ratio": null
    },
    "eps_dividends": {
        "1991": {
            "cash": 1.3,
            "stock": 1.7,
            "eps": 0
        },
        "1992": {
            "cash": 1,
            "stock": 2,
            "eps": 0
        },
        "1993": {
            "cash": 0.2,
            "stock": 3.3,
            "eps": 0
        },
        "1994": {
            "cash": 0,
            "stock": 3,
            "eps": 0
        },
        "1995": {
            "cash": 1.15,
            "stock": 1.35,
            "eps": 0
        },
        "1996": {
            "cash": 1,
            "stock": 1,
            "eps": 0
        },
        "1997": {
            "cash": 1.5,
            "stock": 3.5,
            "eps": 0
        },
        "1998": {
            "cash": 0.5,
            "stock": 1,
            "eps": 0
        },
        "1999": {
            "cash": 0.3,
            "stock": 0.3,
            "eps": 0
        },
        "2000": {
            "cash": 0.2,
            "stock": 0.2,
            "eps": 0
        },
        "2001": {
            "cash": 0,
            "stock": 0.05,
            "eps": -0.17
        },
        "2002": {
            "cash": 0,
            "stock": 0,
            "eps": -0.35
        },
        "2003": {
            "cash": 0,
            "stock": 0,
            "eps": -0.12
        },
        "2004": {
            "cash": 0,
            "stock": 0,
            "eps": 0.03
        },
        "2005": {
            "cash": 0,
            "stock": 0,
            "eps": 0.38
        },
        "2006": {
            "cash": 0.24,
            "stock": 0,
            "eps": -0.1
        },
        "2007": {
            "cash": 0,
            "stock": 0,
            "eps": -0.76
        },
        "2008": {
            "cash": 0,
            "stock": 0,
            "eps": 0.83
        },
        "2009": {
            "cash": 0.51,
            "stock": 0,
            "eps": 0.75
        },
        "2010": {
            "cash": 0.53,
            "stock": 0,
            "eps": 1.23
        },
        "2011": {
            "cash": 1.6,
            "stock": 0,
            "eps": 1.43
        },
        "2012": {
            "cash": 0,
            "stock": 0,
            "eps": 1.66
        },
        "2013": {
            "cash": 1.1,
            "stock": 0,
            "eps": 1.84
        },
        "2014": {
            "cash": 1.4,
            "stock": 0,
            "eps": 2.05
        },
        "2015": {
            "cash": 1.5,
            "stock": 0,
            "eps": 2.74
        },
        "2016": {
            "cash": 1.72,
            "stock": 0,
            "eps": 2.69
        },
        "2017": {
            "cash": 1.5,
            "stock": 0,
            "eps": 2.54
        },
        "2018": {
            "cash": 1.6,
            "stock": 0,
            "eps": 2.61
        },
        "2019": {
            "cash": 1.56,
            "stock": 0,
            "eps": 2.89
        },
        "2020": {
            "cash": 1.45,
            "stock": 0,
            "eps": 3.21
        },
        "2021": {
            "cash": 1.68,
            "stock": 0,
            "eps": 2.98
        },
        "2022": {
            "cash": 1.65,
            "stock": 0,
            "eps": 2.65
        },
        "2023": {
            "cash": 1.65,
            "stock": 0,
            "eps": 2.97
        }
    },
    "dividends": {
        "1991-04-30": {
            "cash": 1.3,
            "stock": 1.7
        },
        "1992-05-20": {
            "cash": 1,
            "stock": 2
        },
        "1993-05-20": {
            "cash": 0.2,
            "stock": 3.3
        },
        "1994-05-20": {
            "cash": 0,
            "stock": 3
        },
        "1995-05-18": {
            "cash": 1.15,
            "stock": 1.35
        },
        "1996-05-24": {
            "cash": 1,
            "stock": 1
        },
        "1997-05-19": {
            "cash": 1.5,
            "stock": 3.5
        },
        "1998-05-21": {
            "cash": 0.5,
            "stock": 1
        },
        "1999-06-25": {
            "cash": 0.3,
            "stock": 0.3
        },
        "2000-06-19": {
            "cash": 0.2,
            "stock": 0.2
        },
        "2001-07-27": {
            "cash": 0,
            "stock": 0.05
        },
        "2006-03-31": {
            "cash": 0.24,
            "stock": 0
        },
        "2009-03-31": {
            "cash": 0.51,
            "stock": 0
        },
        "2010-04-28": {
            "cash": 0.53,
            "stock": 0
        },
        "2011-01-01": {
            "cash": 0.9,
            "stock": 0
        },
        "2011-04-29": {
            "cash": 0.7,
            "stock": 0
        },
        "2013-05-06": {
            "cash": 1.1,
            "stock": 0
        },
        "2014-06-26": {
            "cash": 1.4,
            "stock": 0
        },
        "2015-08-17": {
            "cash": 1.5,
            "stock": 0
        },
        "2016-08-17": {
            "cash": 1.72,
            "stock": 0
        },
        "2017-08-17": {
            "cash": 1.5,
            "stock": 0
        },
        "2018-08-08": {
            "cash": 1.6,
            "stock": 0
        },
        "2019-05-14": {
            "cash": 1.56,
            "stock": 0
        },
        "2020-08-13": {
            "cash": 1.45,
            "stock": 0
        },
        "2021-08-26": {
            "cash": 1.68,
            "stock": 0
        },
        "2022-08-10": {
            "cash": 1.65,
            "stock": 0
        },
        "2023-08-09": {
            "cash": 1.65,
            "stock": 0
        }
    },
    "prices": {
        "200101": "9.57",
        "200102": "10.77",
        "200103": "10.17",
        "200104": "9.39",
        "200105": "7.71",
        "200106": "7.10",
        "200107": "5.26",
        "200108": "5.91",
        "200109": "5.46",
        "200110": "5.13",
        "200111": "5.16",
        "200112": "6.20",
        "200201": "8.58",
        "200202": "8.18",
        "200203": "9.53",
        "200204": "10.34",
        "200205": "8.63",
        "200206": "8.52",
        "200207": "7.72",
        "200208": "6.96",
        "200209": "5.56",
        "200210": "5.73",
        "200211": "6.25",
        "200212": "6.65",
        "200301": "7.67",
        "200302": "6.78",
        "200303": "6.12",
        "200304": "5.72",
        "200305": "5.12",
        "200306": "5.85",
        "200307": "6.25",
        "200308": "6.59",
        "200309": "7.31",
        "200310": "8.70",
        "200311": "8.43",
        "200312": "7.98",
        "200401": "9.68",
        "200402": "13.40",
        "200403": "13.10",
        "200404": "11.17",
        "200405": "8.50",
        "200406": "8.83",
        "200407": "8.57",
        "200408": "7.89",
        "200409": "8.83",
        "200410": "9.35",
        "200411": "8.92",
        "200412": "9.39",
        "200501": "10.42",
        "200502": "10.07",
        "200503": "10.14",
        "200504": "8.62",
        "200505": "8.23",
        "200506": "9.10",
        "200507": "8.68",
        "200508": "8.37",
        "200509": "7.59",
        "200510": "6.72",
        "200511": "6.86",
        "200512": "7.70",
        "200601": "7.48",
        "200602": "7.21",
        "200603": "6.66",
        "200604": "7.64",
        "200605": "10.07",
        "200606": "10.01",
        "200607": "10.77",
        "200608": "14.12",
        "200609": "15.84",
        "200610": "17.49",
        "200611": "16.38",
        "200612": "17.32",
        "200701": "24.93",
        "200702": "23.41",
        "200703": "24.33",
        "200704": "24.15",
        "200705": "19.16",
        "200706": "20.31",
        "200707": "20.90",
        "200708": "15.48",
        "200709": "15.28",
        "200710": "15.39",
        "200711": "13.19",
        "200712": "14.12",
        "200801": "14.80",
        "200802": "15.06",
        "200803": "17.94",
        "200804": "19.74",
        "200805": "18.19",
        "200806": "17.79",
        "200807": "18.17",
        "200808": "19.30",
        "200809": "15.60",
        "200810": "12.74",
        "200811": "13.86",
        "200812": "15.14",
        "200901": "13.09",
        "200902": "12.70",
        "200903": "15.43",
        "200904": "16.22",
        "200905": "18.34",
        "200906": "16.66",
        "200907": "17.18",
        "200908": "16.42",
        "200909": "18.40",
        "200910": "22.56",
        "200911": "21.10",
        "200912": "22.46",
        "201001": "22.67",
        "201002": "21.61",
        "201003": "23.71",
        "201004": "24.87",
        "201005": "23.08",
        "201006": "23.34",
        "201007": "23.58",
        "201008": "29.30",
        "201009": "29.12",
        "201010": "27.18",
        "201011": "27.05",
        "201012": "30.90",
        "201101": "29.06",
        "201102": "28.07",
        "201103": "28.88",
        "201104": "30.73",
        "201105": "33.86",
        "201106": "31.65",
        "201107": "33.54",
        "201108": "32.02",
        "201109": "32.03",
        "201110": "31.70",
        "201111": "30.99",
        "201112": "31.86",
        "201201": "32.04",
        "201202": "32.66",
        "201203": "33.00",
        "201204": "33.37",
        "201205": "33.01",
        "201206": "32.92",
        "201207": "34.92",
        "201208": "39.49",
        "201209": "40.14",
        "201210": "42.78",
        "201211": "45.40",
        "201212": "47.18",
        "201301": "47.59",
        "201302": "46.72",
        "201303": "47.02",
        "201304": "42.87",
        "201305": "40.74",
        "201306": "36.74",
        "201307": "36.54",
        "201308": "37.37",
        "201309": "37.96",
        "201310": "40.82",
        "201311": "42.81",
        "201312": "46.10",
        "201401": "44.61",
        "201402": "42.34",
        "201403": "42.30",
        "201404": "39.14",
        "201405": "38.55",
        "201406": "40.26",
        "201407": "39.37",
        "201408": "39.15",
        "201409": "39.16",
        "201410": "37.60",
        "201411": "37.55",
        "201412": "38.58",
        "201501": "38.98",
        "201502": "39.17",
        "201503": "38.53",
        "201504": "39.72",
        "201505": "39.09",
        "201506": "36.59",
        "201507": "34.42",
        "201508": "35.26",
        "201509": "37.44",
        "201510": "38.72",
        "201511": "38.81",
        "201512": "38.40",
        "201601": "37.22",
        "201602": "37.89",
        "201603": "39.15",
        "201604": "41.56",
        "201605": "41.72",
        "201606": "40.99",
        "201607": "42.72",
        "201608": "42.41",
        "201609": "42.02",
        "201610": "41.70",
        "201611": "43.35",
        "201612": "43.97",
        "201701": "44.35",
        "201702": "44.04",
        "201703": "43.60",
        "201704": "41.47",
        "201705": "39.80",
        "201706": "37.79",
        "201707": "37.09",
        "201708": "36.20",
        "201709": "36.53",
        "201710": "36.45",
        "201711": "37.32",
        "201712": "37.98",
        "201801": "38.55",
        "201802": "37.86",
        "201803": "38.04",
        "201804": "38.91",
        "201805": "39.88",
        "201806": "39.46",
        "201807": "39.86",
        "201808": "40.07",
        "201809": "39.77",
        "201810": "38.03",
        "201811": "37.16",
        "201812": "35.59",
        "201901": "36.29",
        "201902": "37.04",
        "201903": "37.41",
        "201904": "37.12",
        "201905": "35.97",
        "201906": "36.42",
        "201907": "36.89",
        "201908": "36.51",
        "201909": "37.07",
        "201910": "36.93",
        "201911": "38.86",
        "201912": "38.92",
        "202001": "39.28",
        "202002": "40.69",
        "202003": "36.48",
        "202004": "38.64",
        "202005": "40.63",
        "202006": "41.10",
        "202007": "40.52",
        "202008": "39.85",
        "202009": "40.08",
        "202010": "39.49",
        "202011": "40.70",
        "202012": "42.98",
        "202101": "43.57",
        "202102": "41.80",
        "202103": "43.05",
        "202104": "44.36",
        "202105": "50.63",
        "202106": "67.87",
        "202107": "60.45",
        "202108": "50.95",
        "202109": "49.20",
        "202110": "42.67",
        "202111": "44.41",
        "202112": "44.56",
        "202201": "48.06",
        "202202": "44.49",
        "202203": "42.42",
        "202204": "43.84",
        "202205": "42.37",
        "202206": "40.93",
        "202207": "39.11",
        "202208": "41.38",
        "202209": "39.49",
        "202210": "35.68",
        "202211": "36.63",
        "202212": "37.82",
        "202301": "38.64",
        "202302": "38.83",
        "202303": "38.12",
        "202304": "38.34",
        "202305": "38.50",
        "202306": "39.17",
        "202307": "37.29",
        "202308": "36.66",
        "202309": "37.74",
        "202310": "37.21",
        "202311": "37.71",
        "202312": "38.45"
    },
    "quarters": {
        "20011": {
            "year_quarter": 20011,
            "year": 2001,
            "quarter": 1,
            "eps": 0,
            "eps_growth_year": -100,
            "eps_4q": -0.2,
            "eps_4q_growth_year": -130.76,
            "roe": 0.02,
            "roe_4q": 0.02,
            "gross_profit": 677890,
            "gross_margin": 69.56,
            "gross_margin_4q_avg": 69.56,
            "net_income": 1481,
            "net_income_4q": null,
            "revenue": 974502,
            "revenue_4q": null,
            "common_shares": 5202274,
            "book_valuer_per_share": 12.1,
            "book_valuer_per_share_4q_avg": 12.1,
            "equity": 6295637,
            "current_ratio": 69.79,
            "debt_ratio": 37.77,
            "inventory_turnover_ratio": null,
            "account_receivable_turnover_ratio": null,
            "reinvestment_rate": null,
            "research_to_sale_ratio": null,
            "price_fair": 0,
            "eps_avg_yearly": 0,
            "eps_latest_yearly": 0,
            "eps_growth_yearly": 0
        },
        "20012": {
            "year_quarter": 20012,
            "year": 2001,
            "quarter": 2,
            "eps": -0.19,
            "eps_growth_year": -371.43,
            "eps_4q": -0.45,
            "eps_4q_growth_year": -167.46,
            "roe": -1.51,
            "roe_4q": -1.49,
            "gross_profit": 734630,
            "gross_margin": 72.1,
            "gross_margin_4q_avg": 70.83,
            "net_income": -94084,
            "net_income_4q": null,
            "revenue": 1018950,
            "revenue_4q": null,
            "common_shares": 5202274,
            "book_valuer_per_share": 11.82,
            "book_valuer_per_share_4q_avg": 11.96,
            "equity": 6149967,
            "current_ratio": 90.11,
            "debt_ratio": 38.9,
            "inventory_turnover_ratio": null,
            "account_receivable_turnover_ratio": null,
            "reinvestment_rate": null,
            "research_to_sale_ratio": null,
            "price_fair": 0,
            "eps_avg_yearly": 0,
            "eps_latest_yearly": 0,
            "eps_growth_yearly": 0
        },
        "20013": {
            "year_quarter": 20013,
            "year": 2001,
            "quarter": 3,
            "eps": -0.11,
            "eps_growth_year": null,
            "eps_4q": -0.46,
            "eps_4q_growth_year": -180.19,
            "roe": -0.93,
            "roe_4q": -2.42,
            "gross_profit": 756871,
            "gross_margin": 72.66,
            "gross_margin_4q_avg": 71.44,
            "net_income": -56856,
            "net_income_4q": null,
            "revenue": 1041635,
            "revenue_4q": null,
            "common_shares": 5202274,
            "book_valuer_per_share": 11.71,
            "book_valuer_per_share_4q_avg": 11.88,
            "equity": 6092784,
            "current_ratio": 99.91,
            "debt_ratio": 41.42,
            "inventory_turnover_ratio": null,
            "account_receivable_turnover_ratio": null,
            "reinvestment_rate": null,
            "research_to_sale_ratio": null,
            "price_fair": 0,
            "eps_avg_yearly": 0,
            "eps_latest_yearly": 0,
            "eps_growth_yearly": 0
        },
        "20014": {
            "year_quarter": 20014,
            "year": 2001,
            "quarter": 4,
            "eps": 0.13,
            "eps_growth_year": null,
            "eps_4q": -0.17,
            "eps_4q_growth_year": -142.62,
            "roe": 1.03,
            "roe_4q": -1.3900000000000001,
            "gross_profit": 771833,
            "gross_margin": 73.43,
            "gross_margin_4q_avg": 71.94,
            "net_income": 63761,
            "net_income_4q": null,
            "revenue": 1051110,
            "revenue_4q": null,
            "common_shares": 5227035,
            "book_valuer_per_share": 11.93,
            "book_valuer_per_share_4q_avg": 11.89,
            "equity": 6233488,
            "current_ratio": 96.41,
            "debt_ratio": 39.24,
            "inventory_turnover_ratio": null,
            "account_receivable_turnover_ratio": null,
            "reinvestment_rate": null,
            "research_to_sale_ratio": null,
            "price_fair": 0,
            "eps_avg_yearly": 0,
            "eps_latest_yearly": 0,
            "eps_growth_yearly": 0
        },
        "20021": {
            "year_quarter": 20021,
            "year": 2002,
            "quarter": 1,
            "eps": 0.07,
            "eps_growth_year": null,
            "eps_4q": -0.1,
            "eps_4q_growth_year": null,
            "roe": 0.59,
            "roe_4q": -0.82,
            "gross_profit": 725984,
            "gross_margin": 71.51,
            "gross_margin_4q_avg": 72.43,
            "net_income": 36640,
            "net_income_4q": null,
            "revenue": 1015184,
            "revenue_4q": null,
            "common_shares": 5227035,
            "book_valuer_per_share": 12,
            "book_valuer_per_share_4q_avg": 11.87,
            "equity": 6270648,
            "current_ratio": 98.03,
            "debt_ratio": 40.02,
            "inventory_turnover_ratio": null,
            "account_receivable_turnover_ratio": null,
            "reinvestment_rate": null,
            "research_to_sale_ratio": null,
            "price_fair": 0.84,
            "eps_avg_yearly": 0.28,
            "eps_latest_yearly": 0.28,
            "eps_growth_yearly": -184.62
        },
        "20022": {
            "year_quarter": 20022,
            "year": 2002,
            "quarter": 2,
            "eps": -0.36,
            "eps_growth_year": null,
            "eps_4q": -0.24,
            "eps_4q_growth_year": null,
            "roe": -2.79,
            "roe_4q": -2.1,
            "gross_profit": 771774,
            "gross_margin": 72.3,
            "gross_margin_4q_avg": 72.48,
            "net_income": -170288,
            "net_income_4q": null,
            "revenue": 1067473,
            "revenue_4q": null,
            "common_shares": 5227035,
            "book_valuer_per_share": 11.36,
            "book_valuer_per_share_4q_avg": 11.75,
            "equity": 5939015,
            "current_ratio": 92.2,
            "debt_ratio": 41.83,
            "inventory_turnover_ratio": null,
            "account_receivable_turnover_ratio": null,
            "reinvestment_rate": null,
            "research_to_sale_ratio": null,
            "price_fair": 0.84,
            "eps_avg_yearly": 0.28,
            "eps_latest_yearly": 0.28,
            "eps_growth_yearly": -184.62
        },
        "20023": {
            "year_quarter": 20023,
            "year": 2002,
            "quarter": 3,
            "eps": -0.03,
            "eps_growth_year": null,
            "eps_4q": -0.16,
            "eps_4q_growth_year": null,
            "roe": -0.21,
            "roe_4q": -1.3800000000000001,
            "gross_profit": 797713,
            "gross_margin": 72.98,
            "gross_margin_4q_avg": 72.56,
            "net_income": -12677,
            "net_income_4q": null,
            "revenue": 1092984,
            "revenue_4q": null,
            "common_shares": 5227035,
            "book_valuer_per_share": 11.33,
            "book_valuer_per_share_4q_avg": 11.66,
            "equity": 5923666,
            "current_ratio": 107.76,
            "debt_ratio": 42.97,
            "inventory_turnover_ratio": null,
            "account_receivable_turnover_ratio": null,
            "reinvestment_rate": null,
            "research_to_sale_ratio": null,
            "price_fair": 0.84,
            "eps_avg_yearly": 0.28,
            "eps_latest_yearly": 0.28,
            "eps_growth_yearly": -184.62
        },
        "20024": {
            "year_quarter": 20024,
            "year": 2002,
            "quarter": 4,
            "eps": -0.03,
            "eps_growth_year": -123.08,
            "eps_4q": -0.34,
            "eps_4q_growth_year": null,
            "roe": -0.2,
            "roe_4q": -2.6100000000000003,
            "gross_profit": 822765,
            "gross_margin": 75.83,
            "gross_margin_4q_avg": 73.16,
            "net_income": -11902,
            "net_income_4q": null,
            "revenue": 1084954,
            "revenue_4q": null,
            "common_shares": 5227035,
            "book_valuer_per_share": 11.29,
            "book_valuer_per_share_4q_avg": 11.5,
            "equity": 5901534,
            "current_ratio": 134.42,
            "debt_ratio": 43.02,
            "inventory_turnover_ratio": null,
            "account_receivable_turnover_ratio": null,
            "reinvestment_rate": null,
            "research_to_sale_ratio": null,
            "price_fair": 0.84,
            "eps_avg_yearly": 0.28,
            "eps_latest_yearly": 0.28,
            "eps_growth_yearly": -184.62
        },
        "20031": {
            "year_quarter": 20031,
            "year": 2003,
            "quarter": 1,
            "eps": -0.17,
            "eps_growth_year": -342.86,
            "eps_4q": -0.59,
            "eps_4q_growth_year": null,
            "roe": -1.34,
            "roe_4q": -4.54,
            "gross_profit": 730740,
            "gross_margin": 72.39,
            "gross_margin_4q_avg": 73.38,
            "net_income": -78675,
            "net_income_4q": null,
            "revenue": 1009380,
            "revenue_4q": null,
            "common_shares": 5227035,
            "book_valuer_per_share": 11.14,
            "book_valuer_per_share_4q_avg": 11.28,
            "equity": 5820490,
            "current_ratio": 114.45,
            "debt_ratio": 43.93,
            "inventory_turnover_ratio": null,
            "account_receivable_turnover_ratio": null,
            "reinvestment_rate": null,
            "research_to_sale_ratio": null,
            "price_fair": 0.84,
            "eps_avg_yearly": 0.28,
            "eps_latest_yearly": 0.28,
            "eps_growth_yearly": -184.62
        },
        "20032": {
            "year_quarter": 20032,
            "year": 2003,
            "quarter": 2,
            "eps": 0.05,
            "eps_growth_year": null,
            "eps_4q": -0.2,
            "eps_4q_growth_year": null,
            "roe": 0.36,
            "roe_4q": -1.3900000000000001,
            "gross_profit": 827598,
            "gross_margin": 74.74,
            "gross_margin_4q_avg": 73.99,
            "net_income": 21008,
            "net_income_4q": null,
            "revenue": 1107352,
            "revenue_4q": null,
            "common_shares": 5227035,
            "book_valuer_per_share": 11.16,
            "book_valuer_per_share_4q_avg": 11.23,
            "equity": 5834999,
            "current_ratio": 99.12,
            "debt_ratio": 44.17,
            "inventory_turnover_ratio": null,
            "account_receivable_turnover_ratio": null,
            "reinvestment_rate": null,
            "research_to_sale_ratio": null,
            "price_fair": 0.84,
            "eps_avg_yearly": 0.28,
            "eps_latest_yearly": 0.28,
            "eps_growth_yearly": -184.62
        },
        "20033": {
            "year_quarter": 20033,
            "year": 2003,
            "quarter": 3,
            "eps": 0.09,
            "eps_growth_year": null,
            "eps_4q": -0.05,
            "eps_4q_growth_year": null,
            "roe": 0.74,
            "roe_4q": -0.44,
            "gross_profit": 892649,
            "gross_margin": 75.3,
            "gross_margin_4q_avg": 74.57,
            "net_income": 43389,
            "net_income_4q": null,
            "revenue": 1185510,
            "revenue_4q": null,
            "common_shares": 5227035,
            "book_valuer_per_share": 11.23,
            "book_valuer_per_share_4q_avg": 11.21,
            "equity": 5871915,
            "current_ratio": 111.63,
            "debt_ratio": 44.73,
            "inventory_turnover_ratio": null,
            "account_receivable_turnover_ratio": null,
            "reinvestment_rate": null,
            "research_to_sale_ratio": null,
            "price_fair": 11.2,
            "eps_avg_yearly": 0.32,
            "eps_latest_yearly": 0.36,
            "eps_growth_yearly": 67.69
        },
        "20034": {
            "year_quarter": 20034,
            "year": 2003,
            "quarter": 4,
            "eps": -0.09,
            "eps_growth_year": null,
            "eps_4q": -0.11,
            "eps_4q_growth_year": null,
            "roe": -0.69,
            "roe_4q": -0.93,
            "gross_profit": 893301,
            "gross_margin": 74.17,
            "gross_margin_4q_avg": 74.15,
            "net_income": -40143,
            "net_income_4q": null,
            "revenue": 1204422,
            "revenue_4q": null,
            "common_shares": 4977035,
            "book_valuer_per_share": 11.6,
            "book_valuer_per_share_4q_avg": 11.28,
            "equity": 5771963,
            "current_ratio": 120.64,
            "debt_ratio": 46.17,
            "inventory_turnover_ratio": null,
            "account_receivable_turnover_ratio": null,
            "reinvestment_rate": null,
            "research_to_sale_ratio": null,
            "price_fair": 11.2,
            "eps_avg_yearly": 0.32,
            "eps_latest_yearly": 0.36,
            "eps_growth_yearly": 67.69
        },
        "20041": {
            "year_quarter": 20041,
            "year": 2004,
            "quarter": 1,
            "eps": 0.02,
            "eps_growth_year": null,
            "eps_4q": 0.07,
            "eps_4q_growth_year": null,
            "roe": 0.18,
            "roe_4q": 0.59,
            "gross_profit": 854451,
            "gross_margin": 74.28,
            "gross_margin_4q_avg": 74.62,
            "net_income": 10497,
            "net_income_4q": null,
            "revenue": 1150379,
            "revenue_4q": null,
            "common_shares": 4977035,
            "book_valuer_per_share": 11.6,
            "book_valuer_per_share_4q_avg": 11.4,
            "equity": 5772072,
            "current_ratio": 141.27,
            "debt_ratio": 45.98,
            "inventory_turnover_ratio": null,
            "account_receivable_turnover_ratio": null,
            "reinvestment_rate": null,
            "research_to_sale_ratio": null,
            "price_fair": 11.2,
            "eps_avg_yearly": 0.32,
            "eps_latest_yearly": 0.36,
            "eps_growth_yearly": 67.69
        },
        "20042": {
            "year_quarter": 20042,
            "year": 2004,
            "quarter": 2,
            "eps": 0.03,
            "eps_growth_year": -40,
            "eps_4q": 0.06,
            "eps_4q_growth_year": null,
            "roe": 0.24,
            "roe_4q": 0.47000000000000003,
            "gross_profit": 887976,
            "gross_margin": 74.09,
            "gross_margin_4q_avg": 74.46,
            "net_income": 13927,
            "net_income_4q": null,
            "revenue": 1198493,
            "revenue_4q": null,
            "common_shares": 4977035,
            "book_valuer_per_share": 11.64,
            "book_valuer_per_share_4q_avg": 11.52,
            "equity": 5792512,
            "current_ratio": 144.46,
            "debt_ratio": 46.27,
            "inventory_turnover_ratio": null,
            "account_receivable_turnover_ratio": null,
            "reinvestment_rate": null,
            "research_to_sale_ratio": null,
            "price_fair": 8.87,
            "eps_avg_yearly": 0.25,
            "eps_latest_yearly": 0.12,
            "eps_growth_yearly": 111.79
        },
        "20043": {
            "year_quarter": 20043,
            "year": 2004,
            "quarter": 3,
            "eps": 0.08,
            "eps_growth_year": -11.11,
            "eps_4q": 0.05,
            "eps_4q_growth_year": null,
            "roe": 0.62,
            "roe_4q": 0.3500000000000001,
            "gross_profit": 917107,
            "gross_margin": 73.8,
            "gross_margin_4q_avg": 74.09,
            "net_income": 36007,
            "net_income_4q": null,
            "revenue": 1242774,
            "revenue_4q": null,
            "common_shares": 4977035,
            "book_valuer_per_share": 11.71,
            "book_valuer_per_share_4q_avg": 11.64,
            "equity": 5830335,
            "current_ratio": 141.46,
            "debt_ratio": 46.3,
            "inventory_turnover_ratio": null,
            "account_receivable_turnover_ratio": null,
            "reinvestment_rate": null,
            "research_to_sale_ratio": null,
            "price_fair": 9.45,
            "eps_avg_yearly": 0.27,
            "eps_latest_yearly": 0.32,
            "eps_growth_yearly": 250.51
        },
        "20044": {
            "year_quarter": 20044,
            "year": 2004,
            "quarter": 4,
            "eps": -0.1,
            "eps_growth_year": null,
            "eps_4q": 0.03,
            "eps_4q_growth_year": null,
            "roe": -0.83,
            "roe_4q": 0.21000000000000002,
            "gross_profit": 973153,
            "gross_margin": 74.47,
            "gross_margin_4q_avg": 74.16,
            "net_income": -48357,
            "net_income_4q": null,
            "revenue": 1306775,
            "revenue_4q": null,
            "common_shares": 4977035,
            "book_valuer_per_share": 11.64,
            "book_valuer_per_share_4q_avg": 11.65,
            "equity": 5792858,
            "current_ratio": 159.9,
            "debt_ratio": 46.11,
            "inventory_turnover_ratio": null,
            "account_receivable_turnover_ratio": null,
            "reinvestment_rate": null,
            "research_to_sale_ratio": null,
            "price_fair": 9.45,
            "eps_avg_yearly": 0.27,
            "eps_latest_yearly": 0.32,
            "eps_growth_yearly": 250.51
        },
        "20051": {
            "year_quarter": 20051,
            "year": 2005,
            "quarter": 1,
            "eps": 0.1,
            "eps_growth_year": 400,
            "eps_4q": 0.1,
            "eps_4q_growth_year": 56.18,
            "roe": 0.8,
            "roe_4q": 0.8300000000000001,
            "gross_profit": 1047004,
            "gross_margin": 76.09,
            "gross_margin_4q_avg": 74.61,
            "net_income": 46319,
            "net_income_4q": null,
            "revenue": 1376082,
            "revenue_4q": null,
            "common_shares": 4977035,
            "book_valuer_per_share": 11.73,
            "book_valuer_per_share_4q_avg": 11.68,
            "equity": 5837282,
            "current_ratio": 151.33,
            "debt_ratio": 45.82,
            "inventory_turnover_ratio": null,
            "account_receivable_turnover_ratio": null,
            "reinvestment_rate": null,
            "research_to_sale_ratio": null,
            "price_fair": 9.45,
            "eps_avg_yearly": 0.27,
            "eps_latest_yearly": 0.32,
            "eps_growth_yearly": 250.51
        },
        "20052": {
            "year_quarter": 20052,
            "year": 2005,
            "quarter": 2,
            "eps": -0.08,
            "eps_growth_year": -366.67,
            "eps_4q": -0.01,
            "eps_4q_growth_year": -114.01,
            "roe": -0.65,
            "roe_4q": -0.05999999999999994,
            "gross_profit": 1051201,
            "gross_margin": 75.31,
            "gross_margin_4q_avg": 74.92,
            "net_income": -38126,
            "net_income_4q": null,
            "revenue": 1395889,
            "revenue_4q": null,
            "common_shares": 4977035,
            "book_valuer_per_share": 11.98,
            "book_valuer_per_share_4q_avg": 11.77,
            "equity": 5962789,
            "current_ratio": 144.34,
            "debt_ratio": 45.52,
            "inventory_turnover_ratio": null,
            "account_receivable_turnover_ratio": null,
            "reinvestment_rate": null,
            "research_to_sale_ratio": null,
            "price_fair": 9.45,
            "eps_avg_yearly": 0.27,
            "eps_latest_yearly": 0.32,
            "eps_growth_yearly": 250.51
        },
        "20053": {
            "year_quarter": 20053,
            "year": 2005,
            "quarter": 3,
            "eps": 0.19,
            "eps_growth_year": 137.5,
            "eps_4q": 0.1,
            "eps_4q_growth_year": 129.55,
            "roe": 1.47,
            "roe_4q": 0.7900000000000001,
            "gross_profit": 1085596,
            "gross_margin": 75.54,
            "gross_margin_4q_avg": 75.35,
            "net_income": 88195,
            "net_income_4q": null,
            "revenue": 1437142,
            "revenue_4q": null,
            "common_shares": 4977035,
            "book_valuer_per_share": 12.18,
            "book_valuer_per_share_4q_avg": 11.88,
            "equity": 6064000,
            "current_ratio": 121.22,
            "debt_ratio": 45.56,
            "inventory_turnover_ratio": null,
            "account_receivable_turnover_ratio": null,
            "reinvestment_rate": null,
            "research_to_sale_ratio": null,
            "price_fair": 9.45,
            "eps_avg_yearly": 0.27,
            "eps_latest_yearly": 0.32,
            "eps_growth_yearly": 250.51
        },
        "20054": {
            "year_quarter": 20054,
            "year": 2005,
            "quarter": 4,
            "eps": 0.17,
            "eps_growth_year": null,
            "eps_4q": 0.38,
            "eps_4q_growth_year": 1157.1,
            "roe": 1.29,
            "roe_4q": 2.91,
            "gross_profit": 1070579,
            "gross_margin": 74.91,
            "gross_margin_4q_avg": 75.46,
            "net_income": 79109,
            "net_income_4q": null,
            "revenue": 1429230,
            "revenue_4q": null,
            "common_shares": 4977035,
            "book_valuer_per_share": 12.37,
            "book_valuer_per_share_4q_avg": 12.07,
            "equity": 6193955,
            "current_ratio": 130.67,
            "debt_ratio": 45.31,
            "inventory_turnover_ratio": 143.83,
            "account_receivable_turnover_ratio": null,
            "reinvestment_rate": null,
            "research_to_sale_ratio": null,
            "price_fair": 12.32,
            "eps_avg_yearly": 0.35,
            "eps_latest_yearly": 0.68,
            "eps_growth_yearly": 191.99
        },
        "20061": {
            "year_quarter": 20061,
            "year": 2006,
            "quarter": 1,
            "eps": -0.01,
            "eps_growth_year": -110,
            "eps_4q": 0.51,
            "eps_4q_growth_year": 394.26,
            "roe": -0.04,
            "roe_4q": 2.07,
            "gross_profit": 1025072,
            "gross_margin": 74.85,
            "gross_margin_4q_avg": 75.15,
            "net_income": -2479,
            "net_income_4q": null,
            "revenue": 1369581,
            "revenue_4q": null,
            "common_shares": 4977035,
            "book_valuer_per_share": 12.35,
            "book_valuer_per_share_4q_avg": 12.22,
            "equity": 6148698,
            "current_ratio": 127.41,
            "debt_ratio": 44.35,
            "inventory_turnover_ratio": 138.16,
            "account_receivable_turnover_ratio": null,
            "reinvestment_rate": null,
            "research_to_sale_ratio": null,
            "price_fair": 12.95,
            "eps_avg_yearly": 0.37,
            "eps_latest_yearly": 0.68,
            "eps_growth_yearly": 286.14
        },
        "20062": {
            "year_quarter": 20062,
            "year": 2006,
            "quarter": 2,
            "eps": -0.12,
            "eps_growth_year": null,
            "eps_4q": 0.22,
            "eps_4q_growth_year": null,
            "roe": -0.89,
            "roe_4q": 1.83,
            "gross_profit": 1057739,
            "gross_margin": 75.26,
            "gross_margin_4q_avg": 75.14,
            "net_income": -53900,
            "net_income_4q": null,
            "revenue": 1405433,
            "revenue_4q": null,
            "common_shares": 4977035,
            "book_valuer_per_share": 12.05,
            "book_valuer_per_share_4q_avg": 12.24,
            "equity": 5995525,
            "current_ratio": 125.99,
            "debt_ratio": 45.38,
            "inventory_turnover_ratio": null,
            "account_receivable_turnover_ratio": null,
            "reinvestment_rate": 415.76,
            "research_to_sale_ratio": null,
            "price_fair": 12.95,
            "eps_avg_yearly": 0.37,
            "eps_latest_yearly": 0.68,
            "eps_growth_yearly": 286.14
        },
        "20063": {
            "year_quarter": 20063,
            "year": 2006,
            "quarter": 3,
            "eps": -0.01,
            "eps_growth_year": -105.26,
            "eps_4q": 0.03,
            "eps_4q_growth_year": -68.54,
            "roe": -0.11,
            "roe_4q": 0.25,
            "gross_profit": 1060198,
            "gross_margin": 73.35,
            "gross_margin_4q_avg": 74.59,
            "net_income": -6529,
            "net_income_4q": null,
            "revenue": 1445313,
            "revenue_4q": null,
            "common_shares": 4977035,
            "book_valuer_per_share": 12.11,
            "book_valuer_per_share_4q_avg": 12.22,
            "equity": 6025925,
            "current_ratio": 108.91,
            "debt_ratio": 45.46,
            "inventory_turnover_ratio": null,
            "account_receivable_turnover_ratio": null,
            "reinvestment_rate": 334.15,
            "research_to_sale_ratio": null,
            "price_fair": 12.95,
            "eps_avg_yearly": 0.37,
            "eps_latest_yearly": 0.68,
            "eps_growth_yearly": 286.14
        },
        "20064": {
            "year_quarter": 20064,
            "year": 2006,
            "quarter": 4,
            "eps": 0.04,
            "eps_growth_year": -76.47,
            "eps_4q": -0.11,
            "eps_4q_growth_year": -129.02,
            "roe": 0.28,
            "roe_4q": -0.76,
            "gross_profit": 1065229,
            "gross_margin": 74.59,
            "gross_margin_4q_avg": 74.51,
            "net_income": 16838,
            "net_income_4q": null,
            "revenue": 1428047,
            "revenue_4q": null,
            "common_shares": 4977035,
            "book_valuer_per_share": 12.09,
            "book_valuer_per_share_4q_avg": 12.15,
            "equity": 6139914,
            "current_ratio": 119.22,
            "debt_ratio": 46,
            "inventory_turnover_ratio": 132.37,
            "account_receivable_turnover_ratio": null,
            "reinvestment_rate": 673.06,
            "research_to_sale_ratio": null,
            "price_fair": 12.95,
            "eps_avg_yearly": 0.37,
            "eps_latest_yearly": 0.68,
            "eps_growth_yearly": 286.14
        },
        "20071": {
            "year_quarter": 20071,
            "year": 2007,
            "quarter": 1,
            "eps": -0.01,
            "eps_growth_year": null,
            "eps_4q": -0.15,
            "eps_4q_growth_year": -129.9,
            "roe": -0.05,
            "roe_4q": -0.77,
            "gross_profit": 1036382,
            "gross_margin": 74.19,
            "gross_margin_4q_avg": 74.35,
            "net_income": -3052,
            "net_income_4q": null,
            "revenue": 1396998,
            "revenue_4q": null,
            "common_shares": 4977035,
            "book_valuer_per_share": 12.06,
            "book_valuer_per_share_4q_avg": 12.08,
            "equity": 6001824,
            "current_ratio": 115.36,
            "debt_ratio": 44.96,
            "inventory_turnover_ratio": 131.56,
            "account_receivable_turnover_ratio": null,
            "reinvestment_rate": 128.75,
            "research_to_sale_ratio": null,
            "price_fair": 12.95,
            "eps_avg_yearly": 0.37,
            "eps_latest_yearly": 0.68,
            "eps_growth_yearly": 286.14
        },
        "20072": {
            "year_quarter": 20072,
            "year": 2007,
            "quarter": 2,
            "eps": -0.12,
            "eps_growth_year": null,
            "eps_4q": -0.1,
            "eps_4q_growth_year": -142.94,
            "roe": -0.92,
            "roe_4q": -0.8,
            "gross_profit": 1062015,
            "gross_margin": 74.95,
            "gross_margin_4q_avg": 74.27,
            "net_income": -54891,
            "net_income_4q": null,
            "revenue": 1416957,
            "revenue_4q": null,
            "common_shares": 4977035,
            "book_valuer_per_share": 11.97,
            "book_valuer_per_share_4q_avg": 12.06,
            "equity": 5958938,
            "current_ratio": 109.77,
            "debt_ratio": 45.19,
            "inventory_turnover_ratio": null,
            "account_receivable_turnover_ratio": null,
            "reinvestment_rate": 200.06,
            "research_to_sale_ratio": null,
            "price_fair": 12.95,
            "eps_avg_yearly": 0.37,
            "eps_latest_yearly": 0.68,
            "eps_growth_yearly": 286.14
        },
        "20073": {
            "year_quarter": 20073,
            "year": 2007,
            "quarter": 3,
            "eps": 0.08,
            "eps_growth_year": null,
            "eps_4q": -0.01,
            "eps_4q_growth_year": -125.02,
            "roe": 0.61,
            "roe_4q": -0.08000000000000002,
            "gross_profit": 1118165,
            "gross_margin": 75.01,
            "gross_margin_4q_avg": 74.69,
            "net_income": 37307,
            "net_income_4q": null,
            "revenue": 1490652,
            "revenue_4q": null,
            "common_shares": 4977035,
            "book_valuer_per_share": 12.56,
            "book_valuer_per_share_4q_avg": 12.17,
            "equity": 6250450,
            "current_ratio": 106.3,
            "debt_ratio": 43.79,
            "inventory_turnover_ratio": null,
            "account_receivable_turnover_ratio": null,
            "reinvestment_rate": 111.88,
            "research_to_sale_ratio": null,
            "price_fair": 13.07,
            "eps_avg_yearly": 0.37,
            "eps_latest_yearly": 0.68,
            "eps_growth_yearly": 274.85
        },
        "20074": {
            "year_quarter": 20074,
            "year": 2007,
            "quarter": 4,
            "eps": -0.71,
            "eps_growth_year": -1875,
            "eps_4q": -0.72,
            "eps_4q_growth_year": null,
            "roe": -5.68,
            "roe_4q": -6.039999999999999,
            "gross_profit": 1163738,
            "gross_margin": 75.9,
            "gross_margin_4q_avg": 75.01,
            "net_income": -339922,
            "net_income_4q": null,
            "revenue": 1533308,
            "revenue_4q": null,
            "common_shares": 4977035,
            "book_valuer_per_share": 11.48,
            "book_valuer_per_share_4q_avg": 12.02,
            "equity": 5726469,
            "current_ratio": 118.8,
            "debt_ratio": 47.68,
            "inventory_turnover_ratio": 17.92,
            "account_receivable_turnover_ratio": null,
            "reinvestment_rate": null,
            "research_to_sale_ratio": null,
            "price_fair": 13.07,
            "eps_avg_yearly": 0.37,
            "eps_latest_yearly": 0.68,
            "eps_growth_yearly": 274.85
        },
        "20081": {
            "year_quarter": 20081,
            "year": 2008,
            "quarter": 1,
            "eps": 0.26,
            "eps_growth_year": null,
            "eps_4q": -0.47,
            "eps_4q_growth_year": null,
            "roe": 2.17,
            "roe_4q": -3.82,
            "gross_profit": 1157025,
            "gross_margin": 69.61,
            "gross_margin_4q_avg": 73.87,
            "net_income": 126950,
            "net_income_4q": null,
            "revenue": 1662079,
            "revenue_4q": null,
            "common_shares": 4977035,
            "book_valuer_per_share": 11.95,
            "book_valuer_per_share_4q_avg": 11.99,
            "equity": 5961576,
            "current_ratio": 144.28,
            "debt_ratio": 46.01,
            "inventory_turnover_ratio": 13.12,
            "account_receivable_turnover_ratio": null,
            "reinvestment_rate": null,
            "research_to_sale_ratio": null,
            "price_fair": 13.07,
            "eps_avg_yearly": 0.37,
            "eps_latest_yearly": 0.68,
            "eps_growth_yearly": 274.85
        },
        "20082": {
            "year_quarter": 20082,
            "year": 2008,
            "quarter": 2,
            "eps": -0.09,
            "eps_growth_year": null,
            "eps_4q": -0.44,
            "eps_4q_growth_year": null,
            "roe": -0.73,
            "roe_4q": -3.6300000000000003,
            "gross_profit": 1005709,
            "gross_margin": 67.21,
            "gross_margin_4q_avg": 71.93,
            "net_income": -43641,
            "net_income_4q": null,
            "revenue": 1496384,
            "revenue_4q": null,
            "common_shares": 4977035,
            "book_valuer_per_share": 12.06,
            "book_valuer_per_share_4q_avg": 12.01,
            "equity": 6014089,
            "current_ratio": 164.2,
            "debt_ratio": 43.38,
            "inventory_turnover_ratio": 14.08,
            "account_receivable_turnover_ratio": null,
            "reinvestment_rate": null,
            "research_to_sale_ratio": null,
            "price_fair": 17.5,
            "eps_avg_yearly": 0.5,
            "eps_latest_yearly": 0.68,
            "eps_growth_yearly": 312.28
        },
        "20083": {
            "year_quarter": 20083,
            "year": 2008,
            "quarter": 3,
            "eps": 0.72,
            "eps_growth_year": 800,
            "eps_4q": 0.2,
            "eps_4q_growth_year": null,
            "roe": 5.66,
            "roe_4q": 1.42,
            "gross_profit": 1057422,
            "gross_margin": 69.41,
            "gross_margin_4q_avg": 70.53,
            "net_income": 350498,
            "net_income_4q": null,
            "revenue": 1523392,
            "revenue_4q": null,
            "common_shares": 4977035,
            "book_valuer_per_share": 12.77,
            "book_valuer_per_share_4q_avg": 12.07,
            "equity": 6367299,
            "current_ratio": 219.69,
            "debt_ratio": 38.43,
            "inventory_turnover_ratio": 14.25,
            "account_receivable_turnover_ratio": null,
            "reinvestment_rate": -400.49,
            "research_to_sale_ratio": null,
            "price_fair": 2.04,
            "eps_avg_yearly": 0.68,
            "eps_latest_yearly": 0.68,
            "eps_growth_yearly": -42.11
        },
        "20084": {
            "year_quarter": 20084,
            "year": 2008,
            "quarter": 4,
            "eps": -0.06,
            "eps_growth_year": null,
            "eps_4q": 0.84,
            "eps_4q_growth_year": null,
            "roe": -0.6,
            "roe_4q": 6.5,
            "gross_profit": 1020310,
            "gross_margin": 70.84,
            "gross_margin_4q_avg": 69.27,
            "net_income": -38074,
            "net_income_4q": null,
            "revenue": 1440397,
            "revenue_4q": null,
            "common_shares": 4977035,
            "book_valuer_per_share": 12.72,
            "book_valuer_per_share_4q_avg": 12.38,
            "equity": 6337180,
            "current_ratio": 151.44,
            "debt_ratio": 36.27,
            "inventory_turnover_ratio": 14.36,
            "account_receivable_turnover_ratio": 3.02,
            "reinvestment_rate": -312.89,
            "research_to_sale_ratio": null,
            "price_fair": 2.04,
            "eps_avg_yearly": 0.68,
            "eps_latest_yearly": 0.68,
            "eps_growth_yearly": -42.11
        },
        "20091": {
            "year_quarter": 20091,
            "year": 2009,
            "quarter": 1,
            "eps": 0.14,
            "eps_growth_year": -46.15,
            "eps_4q": 0.72,
            "eps_4q_growth_year": null,
            "roe": 1.07,
            "roe_4q": 5.4,
            "gross_profit": 886818,
            "gross_margin": 69.99,
            "gross_margin_4q_avg": 69.36,
            "net_income": 66995,
            "net_income_4q": null,
            "revenue": 1267153,
            "revenue_4q": null,
            "common_shares": 4955325,
            "book_valuer_per_share": 12.56,
            "book_valuer_per_share_4q_avg": 12.53,
            "equity": 6228694,
            "current_ratio": 146.08,
            "debt_ratio": 36.72,
            "inventory_turnover_ratio": 13.85,
            "account_receivable_turnover_ratio": 1.37,
            "reinvestment_rate": -330.1,
            "research_to_sale_ratio": null,
            "price_fair": 2.04,
            "eps_avg_yearly": 0.68,
            "eps_latest_yearly": 0.68,
            "eps_growth_yearly": -42.11
        },
        "20092": {
            "year_quarter": 20092,
            "year": 2009,
            "quarter": 2,
            "eps": 0.09,
            "eps_growth_year": null,
            "eps_4q": 0.91,
            "eps_4q_growth_year": null,
            "roe": 0.7,
            "roe_4q": 6.83,
            "gross_profit": 948069,
            "gross_margin": 70.24,
            "gross_margin_4q_avg": 70.12,
            "net_income": 42629,
            "net_income_4q": null,
            "revenue": 1349685,
            "revenue_4q": null,
            "common_shares": 4835825,
            "book_valuer_per_share": 12.44,
            "book_valuer_per_share_4q_avg": 12.62,
            "equity": 6022761,
            "current_ratio": 133.19,
            "debt_ratio": 38.05,
            "inventory_turnover_ratio": 16.07,
            "account_receivable_turnover_ratio": 1.48,
            "reinvestment_rate": -281.31,
            "research_to_sale_ratio": null,
            "price_fair": 1.56,
            "eps_avg_yearly": 0.52,
            "eps_latest_yearly": 0.36,
            "eps_growth_yearly": -92.48
        },
        "20093": {
            "year_quarter": 20093,
            "year": 2009,
            "quarter": 3,
            "eps": 0.27,
            "eps_growth_year": -62.5,
            "eps_4q": 0.43,
            "eps_4q_growth_year": 119.73,
            "roe": 2.14,
            "roe_4q": 3.31,
            "gross_profit": 1080315,
            "gross_margin": 72.31,
            "gross_margin_4q_avg": 70.85,
            "net_income": 130035,
            "net_income_4q": null,
            "revenue": 1493971,
            "revenue_4q": null,
            "common_shares": 4835825,
            "book_valuer_per_share": 12.71,
            "book_valuer_per_share_4q_avg": 12.61,
            "equity": 6152262,
            "current_ratio": 128.34,
            "debt_ratio": 37.28,
            "inventory_turnover_ratio": 18.29,
            "account_receivable_turnover_ratio": 1.54,
            "reinvestment_rate": -291.01,
            "research_to_sale_ratio": null,
            "price_fair": 24.73,
            "eps_avg_yearly": 0.71,
            "eps_latest_yearly": 1.08,
            "eps_growth_yearly": 205.01
        },
        "20094": {
            "year_quarter": 20094,
            "year": 2009,
            "quarter": 4,
            "eps": 0.25,
            "eps_growth_year": null,
            "eps_4q": 0.75,
            "eps_4q_growth_year": -10.4,
            "roe": 1.91,
            "roe_4q": 5.82,
            "gross_profit": 1105795,
            "gross_margin": 71.14,
            "gross_margin_4q_avg": 70.92,
            "net_income": 118466,
            "net_income_4q": null,
            "revenue": 1554417,
            "revenue_4q": null,
            "common_shares": 4835825,
            "book_valuer_per_share": 13.07,
            "book_valuer_per_share_4q_avg": 12.7,
            "equity": 6266077,
            "current_ratio": 155.92,
            "debt_ratio": 36.15,
            "inventory_turnover_ratio": 19.85,
            "account_receivable_turnover_ratio": 3.17,
            "reinvestment_rate": -275.96,
            "research_to_sale_ratio": null,
            "price_fair": 28.47,
            "eps_avg_yearly": 0.81,
            "eps_latest_yearly": 1,
            "eps_growth_yearly": 209.17
        },
        "20101": {
            "year_quarter": 20101,
            "year": 2010,
            "quarter": 1,
            "eps": 0.31,
            "eps_growth_year": 121.43,
            "eps_4q": 0.92,
            "eps_4q_growth_year": 28.58,
            "roe": 2.37,
            "roe_4q": 7.12,
            "gross_profit": 1067274,
            "gross_margin": 70.47,
            "gross_margin_4q_avg": 71.04,
            "net_income": 150244,
            "net_income_4q": null,
            "revenue": 1514536,
            "revenue_4q": null,
            "common_shares": 4835825,
            "book_valuer_per_share": 13.38,
            "book_valuer_per_share_4q_avg": 12.9,
            "equity": 6415966,
            "current_ratio": 179.94,
            "debt_ratio": 35.17,
            "inventory_turnover_ratio": 19.34,
            "account_receivable_turnover_ratio": 1.54,
            "reinvestment_rate": -152.84,
            "research_to_sale_ratio": null,
            "price_fair": 32.2,
            "eps_avg_yearly": 0.92,
            "eps_latest_yearly": 1.24,
            "eps_growth_yearly": 180.88
        },
        "20102": {
            "year_quarter": 20102,
            "year": 2010,
            "quarter": 2,
            "eps": 0.22,
            "eps_growth_year": 139.56,
            "eps_4q": 1.04,
            "eps_4q_growth_year": 14.85,
            "roe": 1.64,
            "roe_4q": 8.06,
            "gross_profit": 1103073,
            "gross_margin": 70.69,
            "gross_margin_4q_avg": 71.15,
            "net_income": 104652,
            "net_income_4q": null,
            "revenue": 1560531,
            "revenue_4q": null,
            "common_shares": 4835825,
            "book_valuer_per_share": 13.18,
            "book_valuer_per_share_4q_avg": 13.09,
            "equity": 6375203,
            "current_ratio": 160.53,
            "debt_ratio": 35.67,
            "inventory_turnover_ratio": 17.77,
            "account_receivable_turnover_ratio": 1.57,
            "reinvestment_rate": -100.35,
            "research_to_sale_ratio": null,
            "price_fair": 31.92,
            "eps_avg_yearly": 0.91,
            "eps_latest_yearly": 0.88,
            "eps_growth_yearly": 121.48
        },
        "20103": {
            "year_quarter": 20103,
            "year": 2010,
            "quarter": 3,
            "eps": 0.38,
            "eps_growth_year": 40.32,
            "eps_4q": 1.15,
            "eps_4q_growth_year": 165.39,
            "roe": 2.86,
            "roe_4q": 8.78,
            "gross_profit": 1287350,
            "gross_margin": 75.71,
            "gross_margin_4q_avg": 72,
            "net_income": 185169,
            "net_income_4q": null,
            "revenue": 1700294,
            "revenue_4q": null,
            "common_shares": 4835825,
            "book_valuer_per_share": 13.55,
            "book_valuer_per_share_4q_avg": 13.3,
            "equity": 6559070,
            "current_ratio": 186.95,
            "debt_ratio": 33.83,
            "inventory_turnover_ratio": 17.51,
            "account_receivable_turnover_ratio": 1.6,
            "reinvestment_rate": -79.82,
            "research_to_sale_ratio": null,
            "price_fair": 35.47,
            "eps_avg_yearly": 1.01,
            "eps_latest_yearly": 1.52,
            "eps_growth_yearly": 149.72
        },
        "20104": {
            "year_quarter": 20104,
            "year": 2010,
            "quarter": 4,
            "eps": 0.32,
            "eps_growth_year": 28.53,
            "eps_4q": 1.23,
            "eps_4q_growth_year": 63.29,
            "roe": 2.44,
            "roe_4q": 9.309999999999999,
            "gross_profit": 1134758,
            "gross_margin": 64.75,
            "gross_margin_4q_avg": 70.41,
            "net_income": 162463,
            "net_income_4q": null,
            "revenue": 1752472,
            "revenue_4q": null,
            "common_shares": 4835825,
            "book_valuer_per_share": 13.9,
            "book_valuer_per_share_4q_avg": 13.5,
            "equity": 6742661,
            "current_ratio": 195.23,
            "debt_ratio": 33.48,
            "inventory_turnover_ratio": 30.56,
            "account_receivable_turnover_ratio": 1.57,
            "reinvestment_rate": -101.73,
            "research_to_sale_ratio": null,
            "price_fair": 36.8,
            "eps_avg_yearly": 1.05,
            "eps_latest_yearly": 1.28,
            "eps_growth_yearly": 119.31
        },
        "20111": {
            "year_quarter": 20111,
            "year": 2011,
            "quarter": 1,
            "eps": 0.39,
            "eps_growth_year": 25.81,
            "eps_4q": 1.31,
            "eps_4q_growth_year": 41.73,
            "roe": 2.79,
            "roe_4q": 9.73,
            "gross_profit": 1191950,
            "gross_margin": 71.63,
            "gross_margin_4q_avg": 70.7,
            "net_income": 190579,
            "net_income_4q": null,
            "revenue": 1663937,
            "revenue_4q": null,
            "common_shares": 4835825,
            "book_valuer_per_share": 14.29,
            "book_valuer_per_share_4q_avg": 13.73,
            "equity": 6933164,
            "current_ratio": 199.3,
            "debt_ratio": 32.48,
            "inventory_turnover_ratio": 18.03,
            "account_receivable_turnover_ratio": 1.5,
            "reinvestment_rate": -41,
            "research_to_sale_ratio": null,
            "price_fair": 39.03,
            "eps_avg_yearly": 1.12,
            "eps_latest_yearly": 1.56,
            "eps_growth_yearly": 115.33
        },
        "20112": {
            "year_quarter": 20112,
            "year": 2011,
            "quarter": 2,
            "eps": 0.32,
            "eps_growth_year": 49.94,
            "eps_4q": 1.41,
            "eps_4q_growth_year": 35.99,
            "roe": 2.36,
            "roe_4q": 10.45,
            "gross_profit": 1201632,
            "gross_margin": 71.3,
            "gross_margin_4q_avg": 70.85,
            "net_income": 162288,
            "net_income_4q": null,
            "revenue": 1685257,
            "revenue_4q": null,
            "common_shares": 4835825,
            "book_valuer_per_share": 13.91,
            "book_valuer_per_share_4q_avg": 13.91,
            "equity": 6800164,
            "current_ratio": 146.12,
            "debt_ratio": 34.76,
            "inventory_turnover_ratio": 15.44,
            "account_receivable_turnover_ratio": 1.54,
            "reinvestment_rate": -3.23,
            "research_to_sale_ratio": null,
            "price_fair": 39.67,
            "eps_avg_yearly": 1.13,
            "eps_latest_yearly": 1.28,
            "eps_growth_yearly": 94.54
        },
        "20113": {
            "year_quarter": 20113,
            "year": 2011,
            "quarter": 3,
            "eps": 0.42,
            "eps_growth_year": 10.24,
            "eps_4q": 1.45,
            "eps_4q_growth_year": 26.43,
            "roe": 2.97,
            "roe_4q": 10.56,
            "gross_profit": 1297789,
            "gross_margin": 71.97,
            "gross_margin_4q_avg": 69.91,
            "net_income": 205241,
            "net_income_4q": null,
            "revenue": 1803200,
            "revenue_4q": null,
            "common_shares": 4835825,
            "book_valuer_per_share": 14.33,
            "book_valuer_per_share_4q_avg": 14.11,
            "equity": 7005164,
            "current_ratio": 143.31,
            "debt_ratio": 32.83,
            "inventory_turnover_ratio": 16.93,
            "account_receivable_turnover_ratio": 1.59,
            "reinvestment_rate": 20.28,
            "research_to_sale_ratio": null,
            "price_fair": 41.58,
            "eps_avg_yearly": 1.19,
            "eps_latest_yearly": 1.68,
            "eps_growth_yearly": 97.58
        },
        "20114": {
            "year_quarter": 20114,
            "year": 2011,
            "quarter": 4,
            "eps": 0.3,
            "eps_growth_year": -6.27,
            "eps_4q": 1.43,
            "eps_4q_growth_year": 17.01,
            "roe": 2.13,
            "roe_4q": 10.25,
            "gross_profit": 1280972,
            "gross_margin": 70.38,
            "gross_margin_4q_avg": 71.32,
            "net_income": 149318,
            "net_income_4q": null,
            "revenue": 1820135,
            "revenue_4q": null,
            "common_shares": 4835825,
            "book_valuer_per_share": 14.28,
            "book_valuer_per_share_4q_avg": 14.2,
            "equity": 6992826,
            "current_ratio": 144.62,
            "debt_ratio": 36.49,
            "inventory_turnover_ratio": 21.89,
            "account_receivable_turnover_ratio": 1.49,
            "reinvestment_rate": 25.75,
            "research_to_sale_ratio": null,
            "price_fair": 41.62,
            "eps_avg_yearly": 1.19,
            "eps_latest_yearly": 1.2,
            "eps_growth_yearly": 78.32
        },
        "20121": {
            "year_quarter": 20121,
            "year": 2012,
            "quarter": 1,
            "eps": 0.31,
            "eps_growth_year": -20.51,
            "eps_4q": 1.35,
            "eps_4q_growth_year": 3.56,
            "roe": 2.12,
            "roe_4q": 9.58,
            "gross_profit": 1210329,
            "gross_margin": 70.25,
            "gross_margin_4q_avg": 70.98,
            "net_income": 150129,
            "net_income_4q": null,
            "revenue": 1722938,
            "revenue_4q": null,
            "common_shares": 4835825,
            "book_valuer_per_share": 14.59,
            "book_valuer_per_share_4q_avg": 14.28,
            "equity": 7141662,
            "current_ratio": 151.7,
            "debt_ratio": 35.19,
            "inventory_turnover_ratio": 20.76,
            "account_receivable_turnover_ratio": 1.37,
            "reinvestment_rate": 35.4,
            "research_to_sale_ratio": null,
            "price_fair": 41.77,
            "eps_avg_yearly": 1.19,
            "eps_latest_yearly": 1.24,
            "eps_growth_yearly": 72.91
        },
        "20122": {
            "year_quarter": 20122,
            "year": 2012,
            "quarter": 2,
            "eps": 0.46,
            "eps_growth_year": 40.85,
            "eps_4q": 1.49,
            "eps_4q_growth_year": 5.01,
            "roe": 3.16,
            "roe_4q": 10.38,
            "gross_profit": 1300845,
            "gross_margin": 71.04,
            "gross_margin_4q_avg": 70.91,
            "net_income": 222313,
            "net_income_4q": null,
            "revenue": 1831071,
            "revenue_4q": null,
            "common_shares": 4835825,
            "book_valuer_per_share": 14.11,
            "book_valuer_per_share_4q_avg": 14.33,
            "equity": 6913920,
            "current_ratio": 130.4,
            "debt_ratio": 37.29,
            "inventory_turnover_ratio": 20.05,
            "account_receivable_turnover_ratio": 1.46,
            "reinvestment_rate": 38.1,
            "research_to_sale_ratio": null,
            "price_fair": 43.51,
            "eps_avg_yearly": 1.24,
            "eps_latest_yearly": 1.84,
            "eps_growth_yearly": 82.19
        },
        "20123": {
            "year_quarter": 20123,
            "year": 2012,
            "quarter": 3,
            "eps": 0.47,
            "eps_growth_year": 12.38,
            "eps_4q": 1.54,
            "eps_4q_growth_year": 5.77,
            "roe": 3.26,
            "roe_4q": 10.669999999999998,
            "gross_profit": 1404061,
            "gross_margin": 71.73,
            "gross_margin_4q_avg": 70.85,
            "net_income": 229441,
            "net_income_4q": null,
            "revenue": 1957556,
            "revenue_4q": null,
            "common_shares": 4835825,
            "book_valuer_per_share": 14.57,
            "book_valuer_per_share_4q_avg": 14.39,
            "equity": 7141291,
            "current_ratio": 141.43,
            "debt_ratio": 35.5,
            "inventory_turnover_ratio": 22.12,
            "account_receivable_turnover_ratio": 1.48,
            "reinvestment_rate": 60.81,
            "research_to_sale_ratio": null,
            "price_fair": 45.1,
            "eps_avg_yearly": 1.29,
            "eps_latest_yearly": 1.88,
            "eps_growth_yearly": 76.94
        },
        "20124": {
            "year_quarter": 20124,
            "year": 2012,
            "quarter": 4,
            "eps": 0.42,
            "eps_growth_year": 40.92,
            "eps_4q": 1.66,
            "eps_4q_growth_year": 15.85,
            "roe": 2.91,
            "roe_4q": 11.45,
            "gross_profit": 1423853,
            "gross_margin": 73.52,
            "gross_margin_4q_avg": 71.64,
            "net_income": 208566,
            "net_income_4q": null,
            "revenue": 1936810,
            "revenue_4q": null,
            "common_shares": 4835825,
            "book_valuer_per_share": 14.74,
            "book_valuer_per_share_4q_avg": 14.5,
            "equity": 7216562,
            "current_ratio": 141.4,
            "debt_ratio": 35.11,
            "inventory_turnover_ratio": 19.67,
            "account_receivable_turnover_ratio": 1.47,
            "reinvestment_rate": 41.86,
            "research_to_sale_ratio": null,
            "price_fair": 46.01,
            "eps_avg_yearly": 1.31,
            "eps_latest_yearly": 1.68,
            "eps_growth_yearly": 68.97
        },
        "20131": {
            "year_quarter": 20131,
            "year": 2013,
            "quarter": 1,
            "eps": 0.37,
            "eps_growth_year": 19.35,
            "eps_4q": 1.72,
            "eps_4q_growth_year": 26.74,
            "roe": 2.48,
            "roe_4q": 11.81,
            "gross_profit": 310781,
            "gross_margin": 17.66,
            "gross_margin_4q_avg": 58.49,
            "net_income": 181412,
            "net_income_4q": null,
            "revenue": 1759805,
            "revenue_4q": null,
            "common_shares": 4835825,
            "book_valuer_per_share": 15.11,
            "book_valuer_per_share_4q_avg": 14.63,
            "equity": 7398885,
            "current_ratio": 145.54,
            "debt_ratio": 34.92,
            "inventory_turnover_ratio": 44.34,
            "account_receivable_turnover_ratio": 1.44,
            "reinvestment_rate": 40.08,
            "research_to_sale_ratio": null,
            "price_fair": 46.38,
            "eps_avg_yearly": 1.33,
            "eps_latest_yearly": 1.48,
            "eps_growth_yearly": 61.68
        },
        "20132": {
            "year_quarter": 20132,
            "year": 2013,
            "quarter": 2,
            "eps": 0.48,
            "eps_growth_year": 5.42,
            "eps_4q": 1.74,
            "eps_4q_growth_year": 16.96,
            "roe": 3.25,
            "roe_4q": 11.9,
            "gross_profit": 359043,
            "gross_margin": 19.93,
            "gross_margin_4q_avg": 45.71,
            "net_income": 235315,
            "net_income_4q": null,
            "revenue": 1801727,
            "revenue_4q": null,
            "common_shares": 4835825,
            "book_valuer_per_share": 14.49,
            "book_valuer_per_share_4q_avg": 14.73,
            "equity": 7102659,
            "current_ratio": 115.26,
            "debt_ratio": 38.2,
            "inventory_turnover_ratio": 36.28,
            "account_receivable_turnover_ratio": 1.48,
            "reinvestment_rate": 41.48,
            "research_to_sale_ratio": null,
            "price_fair": 49.79,
            "eps_avg_yearly": 1.42,
            "eps_latest_yearly": 1.92,
            "eps_growth_yearly": 78.05
        },
        "20133": {
            "year_quarter": 20133,
            "year": 2013,
            "quarter": 3,
            "eps": 0.55,
            "eps_growth_year": 17.18,
            "eps_4q": 1.81,
            "eps_4q_growth_year": 17.96,
            "roe": 3.69,
            "roe_4q": 12.33,
            "gross_profit": 420819,
            "gross_margin": 21.32,
            "gross_margin_4q_avg": 33.11,
            "net_income": 267028,
            "net_income_4q": null,
            "revenue": 1973665,
            "revenue_4q": null,
            "common_shares": 4835825,
            "book_valuer_per_share": 15.03,
            "book_valuer_per_share_4q_avg": 14.84,
            "equity": 7367479,
            "current_ratio": 144.01,
            "debt_ratio": 35.89,
            "inventory_turnover_ratio": 40.07,
            "account_receivable_turnover_ratio": 1.59,
            "reinvestment_rate": 43.41,
            "research_to_sale_ratio": null,
            "price_fair": 52.24,
            "eps_avg_yearly": 1.49,
            "eps_latest_yearly": 2.2,
            "eps_growth_yearly": 31.69
        },
        "20134": {
            "year_quarter": 20134,
            "year": 2013,
            "quarter": 4,
            "eps": 0.44,
            "eps_growth_year": 2.87,
            "eps_4q": 1.83,
            "eps_4q_growth_year": 9.94,
            "roe": 2.92,
            "roe_4q": 12.34,
            "gross_profit": 452210,
            "gross_margin": 22.46,
            "gross_margin_4q_avg": 20.34,
            "net_income": 218936,
            "net_income_4q": null,
            "revenue": 2013417,
            "revenue_4q": null,
            "common_shares": 4835825,
            "book_valuer_per_share": 15.53,
            "book_valuer_per_share_4q_avg": 15.04,
            "equity": 7604114,
            "current_ratio": 130.22,
            "debt_ratio": 35.4,
            "inventory_turnover_ratio": 41.49,
            "account_receivable_turnover_ratio": 1.63,
            "reinvestment_rate": 33.92,
            "research_to_sale_ratio": null,
            "price_fair": 53.9,
            "eps_avg_yearly": 1.54,
            "eps_latest_yearly": 1.76,
            "eps_growth_yearly": 28.54
        },
        "20141": {
            "year_quarter": 20141,
            "year": 2014,
            "quarter": 1,
            "eps": 0.43,
            "eps_growth_year": 16.22,
            "eps_4q": 1.89,
            "eps_4q_growth_year": 10.22,
            "roe": 2.76,
            "roe_4q": 12.62,
            "gross_profit": 364331,
            "gross_margin": 19.27,
            "gross_margin_4q_avg": 20.75,
            "net_income": 212900,
            "net_income_4q": null,
            "revenue": 1890572,
            "revenue_4q": null,
            "common_shares": 4835825,
            "book_valuer_per_share": 15.96,
            "book_valuer_per_share_4q_avg": 15.25,
            "equity": 7810617,
            "current_ratio": 139.76,
            "debt_ratio": 33.02,
            "inventory_turnover_ratio": 38.22,
            "account_receivable_turnover_ratio": 1.6,
            "reinvestment_rate": 39.84,
            "research_to_sale_ratio": null,
            "price_fair": 50.2,
            "eps_avg_yearly": 1.57,
            "eps_latest_yearly": 1.72,
            "eps_growth_yearly": 21.98
        },
        "20142": {
            "year_quarter": 20142,
            "year": 2014,
            "quarter": 2,
            "eps": 0.49,
            "eps_growth_year": 2.08,
            "eps_4q": 1.9,
            "eps_4q_growth_year": 9.32,
            "roe": 3.15,
            "roe_4q": 12.52,
            "gross_profit": 399204,
            "gross_margin": 19.9,
            "gross_margin_4q_avg": 20.74,
            "net_income": 238779,
            "net_income_4q": null,
            "revenue": 2005741,
            "revenue_4q": null,
            "common_shares": 4835825,
            "book_valuer_per_share": 15.05,
            "book_valuer_per_share_4q_avg": 15.39,
            "equity": 7367971,
            "current_ratio": 100.55,
            "debt_ratio": 37.04,
            "inventory_turnover_ratio": 39.04,
            "account_receivable_turnover_ratio": 1.72,
            "reinvestment_rate": 37.18,
            "research_to_sale_ratio": null,
            "price_fair": 57.31,
            "eps_avg_yearly": 1.64,
            "eps_latest_yearly": 1.96,
            "eps_growth_yearly": 32.72
        },
        "20143": {
            "year_quarter": 20143,
            "year": 2014,
            "quarter": 3,
            "eps": 0.59,
            "eps_growth_year": 7.27,
            "eps_4q": 1.95,
            "eps_4q_growth_year": 7.29,
            "roe": 3.88,
            "roe_4q": 12.709999999999999,
            "gross_profit": 453105,
            "gross_margin": 21.06,
            "gross_margin_4q_avg": 20.67,
            "net_income": 289879,
            "net_income_4q": null,
            "revenue": 2150988,
            "revenue_4q": null,
            "common_shares": 4835825,
            "book_valuer_per_share": 15.64,
            "book_valuer_per_share_4q_avg": 15.55,
            "equity": 7566945,
            "current_ratio": 110.76,
            "debt_ratio": 35.58,
            "inventory_turnover_ratio": 39.53,
            "account_receivable_turnover_ratio": 1.72,
            "reinvestment_rate": 39.92,
            "research_to_sale_ratio": null,
            "price_fair": 50.1,
            "eps_avg_yearly": 1.69,
            "eps_latest_yearly": 2.36,
            "eps_growth_yearly": 19.64
        },
        "20144": {
            "year_quarter": 20144,
            "year": 2014,
            "quarter": 4,
            "eps": 0.54,
            "eps_growth_year": 23.29,
            "eps_4q": 2.05,
            "eps_4q_growth_year": 12.14,
            "roe": 3.39,
            "roe_4q": 13.18,
            "gross_profit": 432057,
            "gross_margin": 20,
            "gross_margin_4q_avg": 20.06,
            "net_income": 260616,
            "net_income_4q": null,
            "revenue": 2160628,
            "revenue_4q": null,
            "common_shares": 4835825,
            "book_valuer_per_share": 16.18,
            "book_valuer_per_share_4q_avg": 15.71,
            "equity": 7826623,
            "current_ratio": 118.59,
            "debt_ratio": 34.41,
            "inventory_turnover_ratio": 42.11,
            "account_receivable_turnover_ratio": 1.67,
            "reinvestment_rate": 41.99,
            "research_to_sale_ratio": null,
            "price_fair": 54.92,
            "eps_avg_yearly": 1.75,
            "eps_latest_yearly": 2.16,
            "eps_growth_yearly": 21.47
        },
        "20151": {
            "year_quarter": 20151,
            "year": 2015,
            "quarter": 1,
            "eps": 0.55,
            "eps_growth_year": 27.91,
            "eps_4q": 2.17,
            "eps_4q_growth_year": 14.5,
            "roe": 3.34,
            "roe_4q": 13.76,
            "gross_profit": 430309,
            "gross_margin": 21.28,
            "gross_margin_4q_avg": 20.56,
            "net_income": 266124,
            "net_income_4q": null,
            "revenue": 2021865,
            "revenue_4q": null,
            "common_shares": 4835825,
            "book_valuer_per_share": 16.73,
            "book_valuer_per_share_4q_avg": 15.9,
            "equity": 8092747,
            "current_ratio": 129.52,
            "debt_ratio": 31.5,
            "inventory_turnover_ratio": 42.61,
            "account_receivable_turnover_ratio": 1.61,
            "reinvestment_rate": 36.81,
            "research_to_sale_ratio": null,
            "price_fair": 47.24,
            "eps_avg_yearly": 1.79,
            "eps_latest_yearly": 2.2,
            "eps_growth_yearly": 16.47
        },
        "20152": {
            "year_quarter": 20152,
            "year": 2015,
            "quarter": 2,
            "eps": 0.89,
            "eps_growth_year": 81.63,
            "eps_4q": 2.57,
            "eps_4q_growth_year": 35.44,
            "roe": 5.51,
            "roe_4q": 16.12,
            "gross_profit": 466120,
            "gross_margin": 21.12,
            "gross_margin_4q_avg": 20.87,
            "net_income": 433745,
            "net_income_4q": null,
            "revenue": 2206825,
            "revenue_4q": null,
            "common_shares": 4835825,
            "book_valuer_per_share": 15.84,
            "book_valuer_per_share_4q_avg": 16.1,
            "equity": 7662599,
            "current_ratio": 92.75,
            "debt_ratio": 37.11,
            "inventory_turnover_ratio": 41.22,
            "account_receivable_turnover_ratio": 1.74,
            "reinvestment_rate": 22.29,
            "research_to_sale_ratio": null,
            "price_fair": 67.46,
            "eps_avg_yearly": 1.93,
            "eps_latest_yearly": 3.56,
            "eps_growth_yearly": 36.41
        },
        "20153": {
            "year_quarter": 20153,
            "year": 2015,
            "quarter": 3,
            "eps": 0.66,
            "eps_growth_year": 11.86,
            "eps_4q": 2.65,
            "eps_4q_growth_year": 35.99,
            "roe": 4.11,
            "roe_4q": 16.35,
            "gross_profit": 492566,
            "gross_margin": 21.12,
            "gross_margin_4q_avg": 20.88,
            "net_income": 321431,
            "net_income_4q": null,
            "revenue": 2332651,
            "revenue_4q": null,
            "common_shares": 4835825,
            "book_valuer_per_share": 16.5,
            "book_valuer_per_share_4q_avg": 16.31,
            "equity": 7984030,
            "current_ratio": 103.61,
            "debt_ratio": 34.45,
            "inventory_turnover_ratio": 38.91,
            "account_receivable_turnover_ratio": 1.65,
            "reinvestment_rate": 18.76,
            "research_to_sale_ratio": null,
            "price_fair": 63.87,
            "eps_avg_yearly": 1.99,
            "eps_latest_yearly": 2.64,
            "eps_growth_yearly": 22.13
        },
        "20154": {
            "year_quarter": 20154,
            "year": 2015,
            "quarter": 4,
            "eps": 0.64,
            "eps_growth_year": 18.15,
            "eps_4q": 2.74,
            "eps_4q_growth_year": 34.01,
            "roe": 3.8,
            "roe_4q": 16.759999999999998,
            "gross_profit": 513803,
            "gross_margin": 21.41,
            "gross_margin_4q_avg": 21.23,
            "net_income": 308083,
            "net_income_4q": null,
            "revenue": 2400291,
            "revenue_4q": null,
            "common_shares": 4835825,
            "book_valuer_per_share": 17.03,
            "book_valuer_per_share_4q_avg": 16.53,
            "equity": 8239060,
            "current_ratio": 101.24,
            "debt_ratio": 34.22,
            "inventory_turnover_ratio": 43.04,
            "account_receivable_turnover_ratio": 1.64,
            "reinvestment_rate": 18.06,
            "research_to_sale_ratio": null,
            "price_fair": 72.54,
            "eps_avg_yearly": 2.07,
            "eps_latest_yearly": 2.56,
            "eps_growth_yearly": 28.52
        },
        "20161": {
            "year_quarter": 20161,
            "year": 2016,
            "quarter": 1,
            "eps": 0.71,
            "eps_growth_year": 29.09,
            "eps_4q": 2.9,
            "eps_4q_growth_year": 33.91,
            "roe": 4.06,
            "roe_4q": 17.479999999999997,
            "gross_profit": 478883,
            "gross_margin": 21.03,
            "gross_margin_4q_avg": 21.17,
            "net_income": 341727,
            "net_income_4q": null,
            "revenue": 2277398,
            "revenue_4q": null,
            "common_shares": 4835825,
            "book_valuer_per_share": 17.73,
            "book_valuer_per_share_4q_avg": 16.78,
            "equity": 8580787,
            "current_ratio": 103.28,
            "debt_ratio": 31.02,
            "inventory_turnover_ratio": 43.14,
            "account_receivable_turnover_ratio": 1.63,
            "reinvestment_rate": 15.7,
            "research_to_sale_ratio": null,
            "price_fair": 76.04,
            "eps_avg_yearly": 2.17,
            "eps_latest_yearly": 2.84,
            "eps_growth_yearly": 30.42
        },
        "20162": {
            "year_quarter": 20162,
            "year": 2016,
            "quarter": 2,
            "eps": 0.85,
            "eps_growth_year": -4.49,
            "eps_4q": 2.86,
            "eps_4q_growth_year": 11.07,
            "roe": 4.93,
            "roe_4q": 16.9,
            "gross_profit": 509112,
            "gross_margin": 21.95,
            "gross_margin_4q_avg": 21.38,
            "net_income": 412844,
            "net_income_4q": null,
            "revenue": 2318985,
            "revenue_4q": null,
            "common_shares": 4835825,
            "book_valuer_per_share": 16.87,
            "book_valuer_per_share_4q_avg": 17.03,
            "equity": 8161869,
            "current_ratio": 87.94,
            "debt_ratio": 35.79,
            "inventory_turnover_ratio": 37.54,
            "account_receivable_turnover_ratio": 1.66,
            "reinvestment_rate": 12.92,
            "research_to_sale_ratio": null,
            "price_fair": 75.48,
            "eps_avg_yearly": 2.27,
            "eps_latest_yearly": 3.4,
            "eps_growth_yearly": 23.25
        },
        "20163": {
            "year_quarter": 20163,
            "year": 2016,
            "quarter": 3,
            "eps": 0.54,
            "eps_growth_year": -18.18,
            "eps_4q": 2.74,
            "eps_4q_growth_year": 3.49,
            "roe": 3.18,
            "roe_4q": 15.969999999999999,
            "gross_profit": 422584,
            "gross_margin": 17.95,
            "gross_margin_4q_avg": 20.59,
            "net_income": 263737,
            "net_income_4q": null,
            "revenue": 2354243,
            "revenue_4q": null,
            "common_shares": 4835825,
            "book_valuer_per_share": 17.41,
            "book_valuer_per_share_4q_avg": 17.26,
            "equity": 8425606,
            "current_ratio": 115.06,
            "debt_ratio": 34.83,
            "inventory_turnover_ratio": 32.58,
            "account_receivable_turnover_ratio": 1.62,
            "reinvestment_rate": 22.01,
            "research_to_sale_ratio": null,
            "price_fair": 53.97,
            "eps_avg_yearly": 2.29,
            "eps_latest_yearly": 2.16,
            "eps_growth_yearly": 13.59
        },
        "20164": {
            "year_quarter": 20164,
            "year": 2016,
            "quarter": 4,
            "eps": 0.59,
            "eps_growth_year": -7.52,
            "eps_4q": 2.77,
            "eps_4q_growth_year": 0.78,
            "roe": 3.37,
            "roe_4q": 15.54,
            "gross_profit": 510874,
            "gross_margin": 20.85,
            "gross_margin_4q_avg": 20.45,
            "net_income": 274832,
            "net_income_4q": null,
            "revenue": 2450036,
            "revenue_4q": null,
            "common_shares": 4835825,
            "book_valuer_per_share": 16.91,
            "book_valuer_per_share_4q_avg": 17.23,
            "equity": 7904946,
            "current_ratio": 97.9,
            "debt_ratio": 38.71,
            "inventory_turnover_ratio": 34.44,
            "account_receivable_turnover_ratio": 1.58,
            "reinvestment_rate": 25.24,
            "research_to_sale_ratio": null,
            "price_fair": 66.56,
            "eps_avg_yearly": 2.33,
            "eps_latest_yearly": 2.36,
            "eps_growth_yearly": 18.57
        },
        "20171": {
            "year_quarter": 20171,
            "year": 2017,
            "quarter": 1,
            "eps": 0.42,
            "eps_growth_year": -40.85,
            "eps_4q": 2.46,
            "eps_4q_growth_year": -15.28,
            "roe": 2.47,
            "roe_4q": 13.95,
            "gross_profit": 346109,
            "gross_margin": 15.19,
            "gross_margin_4q_avg": 18.99,
            "net_income": 197433,
            "net_income_4q": null,
            "revenue": 2279089,
            "revenue_4q": null,
            "common_shares": 4670005,
            "book_valuer_per_share": 17.34,
            "book_valuer_per_share_4q_avg": 17.13,
            "equity": 8102379,
            "current_ratio": 96.63,
            "debt_ratio": 38.29,
            "inventory_turnover_ratio": 40.06,
            "account_receivable_turnover_ratio": 1.52,
            "reinvestment_rate": 28.9,
            "research_to_sale_ratio": null,
            "price_fair": 57.01,
            "eps_avg_yearly": 2.34,
            "eps_latest_yearly": 1.68,
            "eps_growth_yearly": 14.34
        },
        "20172": {
            "year_quarter": 20172,
            "year": 2017,
            "quarter": 2,
            "eps": 0.65,
            "eps_growth_year": -23.53,
            "eps_4q": 2.22,
            "eps_4q_growth_year": -22.33,
            "roe": 3.82,
            "roe_4q": 12.84,
            "gross_profit": 443762,
            "gross_margin": 19.18,
            "gross_margin_4q_avg": 18.29,
            "net_income": 302215,
            "net_income_4q": null,
            "revenue": 2314068,
            "revenue_4q": null,
            "common_shares": 4670005,
            "book_valuer_per_share": 16.48,
            "book_valuer_per_share_4q_avg": 17.04,
            "equity": 7702985,
            "current_ratio": 81.96,
            "debt_ratio": 42.09,
            "inventory_turnover_ratio": 38.27,
            "account_receivable_turnover_ratio": 1.65,
            "reinvestment_rate": 29.34,
            "research_to_sale_ratio": null,
            "price_fair": 72.97,
            "eps_avg_yearly": 2.39,
            "eps_latest_yearly": 2.6,
            "eps_growth_yearly": 20.6
        },
        "20173": {
            "year_quarter": 20173,
            "year": 2017,
            "quarter": 3,
            "eps": 0.83,
            "eps_growth_year": 53.7,
            "eps_4q": 2.49,
            "eps_4q_growth_year": -9.1,
            "roe": 4.94,
            "roe_4q": 14.600000000000001,
            "gross_profit": 464009,
            "gross_margin": 18.38,
            "gross_margin_4q_avg": 18.4,
            "net_income": 390374,
            "net_income_4q": null,
            "revenue": 2524691,
            "revenue_4q": null,
            "common_shares": 4670005,
            "book_valuer_per_share": 17.31,
            "book_valuer_per_share_4q_avg": 17.01,
            "equity": 8102979,
            "current_ratio": 86.68,
            "debt_ratio": 42.07,
            "inventory_turnover_ratio": 44.33,
            "account_receivable_turnover_ratio": 1.71,
            "reinvestment_rate": 43.41,
            "research_to_sale_ratio": null,
            "price_fair": 83.16,
            "eps_avg_yearly": 2.46,
            "eps_latest_yearly": 3.32,
            "eps_growth_yearly": 23.87
        },
        "20174": {
            "year_quarter": 20174,
            "year": 2017,
            "quarter": 4,
            "eps": 0.64,
            "eps_growth_year": 8.22,
            "eps_4q": 2.54,
            "eps_4q_growth_year": -8.23,
            "roe": 3.6,
            "roe_4q": 14.830000000000002,
            "gross_profit": 502888,
            "gross_margin": 19.65,
            "gross_margin_4q_avg": 18.1,
            "net_income": 296649,
            "net_income_4q": null,
            "revenue": 2559163,
            "revenue_4q": null,
            "common_shares": 4670005,
            "book_valuer_per_share": 17.88,
            "book_valuer_per_share_4q_avg": 17.25,
            "equity": 8366591,
            "current_ratio": 89.86,
            "debt_ratio": 40.63,
            "inventory_turnover_ratio": 45.68,
            "account_receivable_turnover_ratio": 1.59,
            "reinvestment_rate": 39.69,
            "research_to_sale_ratio": null,
            "price_fair": 83.04,
            "eps_avg_yearly": 2.51,
            "eps_latest_yearly": 2.56,
            "eps_growth_yearly": 23.15
        },
        "20181": {
            "year_quarter": 20181,
            "year": 2018,
            "quarter": 1,
            "eps": 0.6,
            "eps_growth_year": 42.86,
            "eps_4q": 2.71,
            "eps_4q_growth_year": 10.43,
            "roe": 3.27,
            "roe_4q": 15.63,
            "gross_profit": 454255,
            "gross_margin": 17.91,
            "gross_margin_4q_avg": 18.78,
            "net_income": 279551,
            "net_income_4q": null,
            "revenue": 2536329,
            "revenue_4q": null,
            "common_shares": 4670005,
            "book_valuer_per_share": 18.61,
            "book_valuer_per_share_4q_avg": 17.57,
            "equity": 8706302,
            "current_ratio": 87.16,
            "debt_ratio": 38.68,
            "inventory_turnover_ratio": 47.9,
            "account_receivable_turnover_ratio": 1.6,
            "reinvestment_rate": 37.42,
            "research_to_sale_ratio": null,
            "price_fair": 81.92,
            "eps_avg_yearly": 2.55,
            "eps_latest_yearly": 2.4,
            "eps_growth_yearly": 22.16
        },
        "20182": {
            "year_quarter": 20182,
            "year": 2018,
            "quarter": 2,
            "eps": 0.56,
            "eps_growth_year": -13.85,
            "eps_4q": 2.63,
            "eps_4q_growth_year": 18.44,
            "roe": 3.12,
            "roe_4q": 14.93,
            "gross_profit": 420996,
            "gross_margin": 17,
            "gross_margin_4q_avg": 18.24,
            "net_income": 264194,
            "net_income_4q": null,
            "revenue": 2476021,
            "revenue_4q": null,
            "common_shares": 4670005,
            "book_valuer_per_share": 17.62,
            "book_valuer_per_share_4q_avg": 17.86,
            "equity": 8245506,
            "current_ratio": 88.5,
            "debt_ratio": 44.47,
            "inventory_turnover_ratio": 49.77,
            "account_receivable_turnover_ratio": 1.57,
            "reinvestment_rate": 43.59,
            "research_to_sale_ratio": null,
            "price_fair": 69.26,
            "eps_avg_yearly": 2.57,
            "eps_latest_yearly": 2.24,
            "eps_growth_yearly": 17
        },
        "20183": {
            "year_quarter": 20183,
            "year": 2018,
            "quarter": 3,
            "eps": 0.68,
            "eps_growth_year": -18.07,
            "eps_4q": 2.48,
            "eps_4q_growth_year": -0.54,
            "roe": 3.79,
            "roe_4q": 13.78,
            "gross_profit": 496413,
            "gross_margin": 18.75,
            "gross_margin_4q_avg": 18.33,
            "net_income": 318474,
            "net_income_4q": null,
            "revenue": 2647766,
            "revenue_4q": null,
            "common_shares": 4670005,
            "book_valuer_per_share": 18.32,
            "book_valuer_per_share_4q_avg": 18.11,
            "equity": 8573980,
            "current_ratio": 81.94,
            "debt_ratio": 43.11,
            "inventory_turnover_ratio": 48.51,
            "account_receivable_turnover_ratio": 1.53,
            "reinvestment_rate": 46.61,
            "research_to_sale_ratio": null,
            "price_fair": 70.53,
            "eps_avg_yearly": 2.59,
            "eps_latest_yearly": 2.72,
            "eps_growth_yearly": 17.26
        },
        "20184": {
            "year_quarter": 20184,
            "year": 2018,
            "quarter": 4,
            "eps": 0.77,
            "eps_growth_year": 20.3,
            "eps_4q": 2.61,
            "eps_4q_growth_year": 2.66,
            "roe": 4.13,
            "roe_4q": 14.309999999999999,
            "gross_profit": 569821,
            "gross_margin": 20.92,
            "gross_margin_4q_avg": 18.65,
            "net_income": 360404,
            "net_income_4q": null,
            "revenue": 2723880,
            "revenue_4q": null,
            "common_shares": 4670005,
            "book_valuer_per_share": 19.01,
            "book_valuer_per_share_4q_avg": 18.39,
            "equity": 8898134,
            "current_ratio": 110.33,
            "debt_ratio": 42.07,
            "inventory_turnover_ratio": 43.05,
            "account_receivable_turnover_ratio": 1.53,
            "reinvestment_rate": 43.89,
            "research_to_sale_ratio": null,
            "price_fair": 86.45,
            "eps_avg_yearly": 2.65,
            "eps_latest_yearly": 3.08,
            "eps_growth_yearly": 22.68
        },
        "20191": {
            "year_quarter": 20191,
            "year": 2019,
            "quarter": 1,
            "eps": 0.72,
            "eps_growth_year": 20,
            "eps_4q": 2.73,
            "eps_4q_growth_year": 0.62,
            "roe": 3.76,
            "roe_4q": 14.8,
            "gross_profit": 473606,
            "gross_margin": 17.29,
            "gross_margin_4q_avg": 18.49,
            "net_income": 350653,
            "net_income_4q": null,
            "revenue": 2738748,
            "revenue_4q": null,
            "common_shares": 4670005,
            "book_valuer_per_share": 19.7,
            "book_valuer_per_share_4q_avg": 18.66,
            "equity": 9732437,
            "current_ratio": 99.86,
            "debt_ratio": 53.91,
            "inventory_turnover_ratio": 40.77,
            "account_receivable_turnover_ratio": 1.53,
            "reinvestment_rate": 74.19,
            "research_to_sale_ratio": null,
            "price_fair": 82.23,
            "eps_avg_yearly": 2.69,
            "eps_latest_yearly": 2.88,
            "eps_growth_yearly": 20.6
        },
        "20192": {
            "year_quarter": 20192,
            "year": 2019,
            "quarter": 2,
            "eps": 0.61,
            "eps_growth_year": 8.93,
            "eps_4q": 2.78,
            "eps_4q_growth_year": 5.81,
            "roe": 3.19,
            "roe_4q": 14.869999999999997,
            "gross_profit": 548577,
            "gross_margin": 19.14,
            "gross_margin_4q_avg": 19.03,
            "net_income": 303129,
            "net_income_4q": null,
            "revenue": 2865467,
            "revenue_4q": null,
            "common_shares": 4670005,
            "book_valuer_per_share": 18.75,
            "book_valuer_per_share_4q_avg": 18.95,
            "equity": 9267768,
            "current_ratio": 80.44,
            "debt_ratio": 56.11,
            "inventory_turnover_ratio": 36.58,
            "account_receivable_turnover_ratio": 1.55,
            "reinvestment_rate": 79.79,
            "research_to_sale_ratio": null,
            "price_fair": 29.64,
            "eps_avg_yearly": 2.62,
            "eps_latest_yearly": 2.44,
            "eps_growth_yearly": 1.32
        },
        "20193": {
            "year_quarter": 20193,
            "year": 2019,
            "quarter": 3,
            "eps": 0.81,
            "eps_growth_year": 19.12,
            "eps_4q": 2.91,
            "eps_4q_growth_year": 17.65,
            "roe": 4.14,
            "roe_4q": 15.219999999999999,
            "gross_profit": 671564,
            "gross_margin": 21.85,
            "gross_margin_4q_avg": 19.8,
            "net_income": 391873,
            "net_income_4q": null,
            "revenue": 3073664,
            "revenue_4q": null,
            "common_shares": 4670005,
            "book_valuer_per_share": 19.6,
            "book_valuer_per_share_4q_avg": 19.27,
            "equity": 9674482,
            "current_ratio": 85.75,
            "debt_ratio": 54.59,
            "inventory_turnover_ratio": 38.77,
            "account_receivable_turnover_ratio": 1.57,
            "reinvestment_rate": 78.71,
            "research_to_sale_ratio": null,
            "price_fair": 68.98,
            "eps_avg_yearly": 2.66,
            "eps_latest_yearly": 3.24,
            "eps_growth_yearly": 15.98
        },
        "20194": {
            "year_quarter": 20194,
            "year": 2019,
            "quarter": 4,
            "eps": 0.75,
            "eps_growth_year": -2.22,
            "eps_4q": 2.9,
            "eps_4q_growth_year": 11.16,
            "roe": 3.67,
            "roe_4q": 14.76,
            "gross_profit": 700983,
            "gross_margin": 22.06,
            "gross_margin_4q_avg": 20.09,
            "net_income": 361100,
            "net_income_4q": null,
            "revenue": 3177797,
            "revenue_4q": null,
            "common_shares": 4670005,
            "book_valuer_per_share": 20.31,
            "book_valuer_per_share_4q_avg": 19.59,
            "equity": 10014518,
            "current_ratio": 104.97,
            "debt_ratio": 53.47,
            "inventory_turnover_ratio": 43.16,
            "account_receivable_turnover_ratio": 1.62,
            "reinvestment_rate": 74.84,
            "research_to_sale_ratio": null,
            "price_fair": 66.76,
            "eps_avg_yearly": 2.68,
            "eps_latest_yearly": 3,
            "eps_growth_yearly": 14.89
        },
        "20201": {
            "year_quarter": 20201,
            "year": 2020,
            "quarter": 1,
            "eps": 0.64,
            "eps_growth_year": -11.11,
            "eps_4q": 2.81,
            "eps_4q_growth_year": 3.03,
            "roe": 3.1,
            "roe_4q": 14.1,
            "gross_profit": 616647,
            "gross_margin": 20.81,
            "gross_margin_4q_avg": 20.97,
            "net_income": 315246,
            "net_income_4q": null,
            "revenue": 2963631,
            "revenue_4q": null,
            "common_shares": 4670005,
            "book_valuer_per_share": 20.95,
            "book_valuer_per_share_4q_avg": 19.9,
            "equity": 10329564,
            "current_ratio": 117.55,
            "debt_ratio": 51.95,
            "inventory_turnover_ratio": 38.09,
            "account_receivable_turnover_ratio": 1.57,
            "reinvestment_rate": 74.06,
            "research_to_sale_ratio": null,
            "price_fair": 49.27,
            "eps_avg_yearly": 2.67,
            "eps_latest_yearly": 2.56,
            "eps_growth_yearly": 8.49
        },
        "20202": {
            "year_quarter": 20202,
            "year": 2020,
            "quarter": 2,
            "eps": 0.72,
            "eps_growth_year": 18.03,
            "eps_4q": 2.92,
            "eps_4q_growth_year": 4.8,
            "roe": 3.49,
            "roe_4q": 14.399999999999999,
            "gross_profit": 615519,
            "gross_margin": 21.18,
            "gross_margin_4q_avg": 21.48,
            "net_income": 353713,
            "net_income_4q": null,
            "revenue": 2906591,
            "revenue_4q": null,
            "common_shares": 4670005,
            "book_valuer_per_share": 20.22,
            "book_valuer_per_share_4q_avg": 20.27,
            "equity": 9961098,
            "current_ratio": 92.07,
            "debt_ratio": 53.77,
            "inventory_turnover_ratio": 36.75,
            "account_receivable_turnover_ratio": 1.62,
            "reinvestment_rate": 78.63,
            "research_to_sale_ratio": null,
            "price_fair": 43.91,
            "eps_avg_yearly": 2.63,
            "eps_latest_yearly": 2.88,
            "eps_growth_yearly": 6.68
        },
        "20203": {
            "year_quarter": 20203,
            "year": 2020,
            "quarter": 3,
            "eps": 0.96,
            "eps_growth_year": 18.52,
            "eps_4q": 3.07,
            "eps_4q_growth_year": 5.31,
            "roe": 4.59,
            "roe_4q": 14.85,
            "gross_profit": 758429,
            "gross_margin": 23.34,
            "gross_margin_4q_avg": 21.85,
            "net_income": 468043,
            "net_income_4q": null,
            "revenue": 3249666,
            "revenue_4q": null,
            "common_shares": 4670005,
            "book_valuer_per_share": 21.19,
            "book_valuer_per_share_4q_avg": 20.67,
            "equity": 10432666,
            "current_ratio": 113.71,
            "debt_ratio": 50.85,
            "inventory_turnover_ratio": 42.98,
            "account_receivable_turnover_ratio": 1.78,
            "reinvestment_rate": 68.7,
            "research_to_sale_ratio": null,
            "price_fair": 93.44,
            "eps_avg_yearly": 2.74,
            "eps_latest_yearly": 3.84,
            "eps_growth_yearly": 24.13
        },
        "20204": {
            "year_quarter": 20204,
            "year": 2020,
            "quarter": 4,
            "eps": 0.89,
            "eps_growth_year": 18.59,
            "eps_4q": 3.21,
            "eps_4q_growth_year": 10.73,
            "roe": 4.08,
            "roe_4q": 15.26,
            "gross_profit": 678858,
            "gross_margin": 21.05,
            "gross_margin_4q_avg": 21.6,
            "net_income": 433392,
            "net_income_4q": null,
            "revenue": 3224322,
            "revenue_4q": null,
            "common_shares": 4670005,
            "book_valuer_per_share": 21.99,
            "book_valuer_per_share_4q_avg": 21.09,
            "equity": 10822703,
            "current_ratio": 115.41,
            "debt_ratio": 50.05,
            "inventory_turnover_ratio": 43.94,
            "account_receivable_turnover_ratio": 1.69,
            "reinvestment_rate": 69.29,
            "research_to_sale_ratio": null,
            "price_fair": 84.36,
            "eps_avg_yearly": 2.81,
            "eps_latest_yearly": 3.56,
            "eps_growth_yearly": 19.99
        },
        "20211": {
            "year_quarter": 20211,
            "year": 2021,
            "quarter": 1,
            "eps": 0.65,
            "eps_growth_year": 1.56,
            "eps_4q": 3.22,
            "eps_4q_growth_year": 14.57,
            "roe": 2.92,
            "roe_4q": 15.08,
            "gross_profit": 604136,
            "gross_margin": 19.69,
            "gross_margin_4q_avg": 21.32,
            "net_income": 321192,
            "net_income_4q": null,
            "revenue": 3068622,
            "revenue_4q": null,
            "common_shares": 4670005,
            "book_valuer_per_share": 22.64,
            "book_valuer_per_share_4q_avg": 21.51,
            "equity": 11143839,
            "current_ratio": 108.31,
            "debt_ratio": 49.63,
            "inventory_turnover_ratio": 38.1,
            "account_receivable_turnover_ratio": 1.63,
            "reinvestment_rate": 67.6,
            "research_to_sale_ratio": null,
            "price_fair": 87.41,
            "eps_avg_yearly": 2.87,
            "eps_latest_yearly": 2.6,
            "eps_growth_yearly": 20.46
        },
        "20212": {
            "year_quarter": 20212,
            "year": 2021,
            "quarter": 2,
            "eps": 0.69,
            "eps_growth_year": -4.17,
            "eps_4q": 3.19,
            "eps_4q_growth_year": 9.43,
            "roe": 3.13,
            "roe_4q": 14.719999999999999,
            "gross_profit": 635387,
            "gross_margin": 19.76,
            "gross_margin_4q_avg": 20.96,
            "net_income": 342384,
            "net_income_4q": null,
            "revenue": 3216043,
            "revenue_4q": null,
            "common_shares": 4670005,
            "book_valuer_per_share": 21.74,
            "book_valuer_per_share_4q_avg": 21.89,
            "equity": 10743382,
            "current_ratio": 84.97,
            "debt_ratio": 52.93,
            "inventory_turnover_ratio": 35.91,
            "account_receivable_turnover_ratio": 1.7,
            "reinvestment_rate": 77.58,
            "research_to_sale_ratio": null,
            "price_fair": 52.72,
            "eps_avg_yearly": 2.88,
            "eps_latest_yearly": 2.76,
            "eps_growth_yearly": 8.3
        },
        "20213": {
            "year_quarter": 20213,
            "year": 2021,
            "quarter": 3,
            "eps": 0.74,
            "eps_growth_year": -22.92,
            "eps_4q": 2.97,
            "eps_4q_growth_year": -3.12,
            "roe": 3.4,
            "roe_4q": 13.53,
            "gross_profit": 649774,
            "gross_margin": 19.51,
            "gross_margin_4q_avg": 20,
            "net_income": 370058,
            "net_income_4q": null,
            "revenue": 3331137,
            "revenue_4q": null,
            "common_shares": 4670005,
            "book_valuer_per_share": 22.39,
            "book_valuer_per_share_4q_avg": 22.19,
            "equity": 11011942,
            "current_ratio": 86.59,
            "debt_ratio": 52.45,
            "inventory_turnover_ratio": 40.31,
            "account_receivable_turnover_ratio": 1.72,
            "reinvestment_rate": 68.73,
            "research_to_sale_ratio": null,
            "price_fair": 37.7,
            "eps_avg_yearly": 2.86,
            "eps_latest_yearly": 2.96,
            "eps_growth_yearly": 3.19
        },
        "20214": {
            "year_quarter": 20214,
            "year": 2021,
            "quarter": 4,
            "eps": 0.9,
            "eps_growth_year": 1.71,
            "eps_4q": 2.99,
            "eps_4q_growth_year": -6.85,
            "roe": 3.99,
            "roe_4q": 13.44,
            "gross_profit": 628066,
            "gross_margin": 18.36,
            "gross_margin_4q_avg": 19.33,
            "net_income": 449854,
            "net_income_4q": null,
            "revenue": 3420595,
            "revenue_4q": null,
            "common_shares": 4670005,
            "book_valuer_per_share": 23.45,
            "book_valuer_per_share_4q_avg": 22.56,
            "equity": 11533481,
            "current_ratio": 112.87,
            "debt_ratio": 52.27,
            "inventory_turnover_ratio": 48.56,
            "account_receivable_turnover_ratio": 1.68,
            "reinvestment_rate": 73.51,
            "research_to_sale_ratio": null,
            "price_fair": 71.08,
            "eps_avg_yearly": 2.92,
            "eps_latest_yearly": 3.6,
            "eps_growth_yearly": 14.32
        },
        "20221": {
            "year_quarter": 20221,
            "year": 2022,
            "quarter": 1,
            "eps": 0.62,
            "eps_growth_year": -4.62,
            "eps_4q": 2.95,
            "eps_4q_growth_year": -8.45,
            "roe": 2.7,
            "roe_4q": 13.219999999999999,
            "gross_profit": 580259,
            "gross_margin": 18.34,
            "gross_margin_4q_avg": 18.99,
            "net_income": 315845,
            "net_income_4q": null,
            "revenue": 3164663,
            "revenue_4q": null,
            "common_shares": 4670005,
            "book_valuer_per_share": 24.07,
            "book_valuer_per_share_4q_avg": 22.91,
            "equity": 11849842,
            "current_ratio": 123.83,
            "debt_ratio": 50.57,
            "inventory_turnover_ratio": 49.61,
            "account_receivable_turnover_ratio": 1.61,
            "reinvestment_rate": 74.17,
            "research_to_sale_ratio": null,
            "price_fair": 53.01,
            "eps_avg_yearly": 2.93,
            "eps_latest_yearly": 2.48,
            "eps_growth_yearly": 8.11
        },
        "20222": {
            "year_quarter": 20222,
            "year": 2022,
            "quarter": 2,
            "eps": 0.7,
            "eps_growth_year": 1.45,
            "eps_4q": 2.97,
            "eps_4q_growth_year": -6.97,
            "roe": 3.11,
            "roe_4q": 13.200000000000001,
            "gross_profit": 558244,
            "gross_margin": 17.34,
            "gross_margin_4q_avg": 18.39,
            "net_income": 360881,
            "net_income_4q": null,
            "revenue": 3218739,
            "revenue_4q": null,
            "common_shares": 4670005,
            "book_valuer_per_share": 23.15,
            "book_valuer_per_share_4q_avg": 23.27,
            "equity": 11370545,
            "current_ratio": 92.52,
            "debt_ratio": 52.75,
            "inventory_turnover_ratio": 43.09,
            "account_receivable_turnover_ratio": 1.75,
            "reinvestment_rate": 67.13,
            "research_to_sale_ratio": null,
            "price_fair": 68.13,
            "eps_avg_yearly": 2.96,
            "eps_latest_yearly": 2.8,
            "eps_growth_yearly": 13
        },
        "20223": {
            "year_quarter": 20223,
            "year": 2022,
            "quarter": 3,
            "eps": 0.65,
            "eps_growth_year": -12.16,
            "eps_4q": 2.88,
            "eps_4q_growth_year": -3.2,
            "roe": 2.93,
            "roe_4q": 12.73,
            "gross_profit": 609783,
            "gross_margin": 19.14,
            "gross_margin_4q_avg": 18.3,
            "net_income": 338217,
            "net_income_4q": null,
            "revenue": 3185181,
            "revenue_4q": null,
            "common_shares": 4670005,
            "book_valuer_per_share": 23.79,
            "book_valuer_per_share_4q_avg": 23.62,
            "equity": 11702585,
            "current_ratio": 101.26,
            "debt_ratio": 51.75,
            "inventory_turnover_ratio": 35.96,
            "account_receivable_turnover_ratio": 1.73,
            "reinvestment_rate": 70.16,
            "research_to_sale_ratio": null,
            "price_fair": 46.85,
            "eps_avg_yearly": 2.96,
            "eps_latest_yearly": 2.6,
            "eps_growth_yearly": 5.86
        },
        "20224": {
            "year_quarter": 20224,
            "year": 2022,
            "quarter": 4,
            "eps": 0.68,
            "eps_growth_year": -24.4,
            "eps_4q": 2.66,
            "eps_4q_growth_year": -11.07,
            "roe": 2.94,
            "roe_4q": 11.68,
            "gross_profit": 596445,
            "gross_margin": 18.87,
            "gross_margin_4q_avg": 18.42,
            "net_income": 350772,
            "net_income_4q": null,
            "revenue": 3161487,
            "revenue_4q": null,
            "common_shares": 4670005,
            "book_valuer_per_share": 24.71,
            "book_valuer_per_share_4q_avg": 23.93,
            "equity": 12163055,
            "current_ratio": 112.13,
            "debt_ratio": 50.84,
            "inventory_turnover_ratio": 39.57,
            "account_receivable_turnover_ratio": 1.66,
            "reinvestment_rate": 73.63,
            "research_to_sale_ratio": null,
            "price_fair": 40.18,
            "eps_avg_yearly": 2.93,
            "eps_latest_yearly": 2.72,
            "eps_growth_yearly": 3.7
        },
        "20231": {
            "year_quarter": 20231,
            "year": 2023,
            "quarter": 1,
            "eps": 0.56,
            "eps_growth_year": -9.68,
            "eps_4q": 2.6,
            "eps_4q_growth_year": -12,
            "roe": 2.4,
            "roe_4q": 11.379999999999999,
            "gross_profit": 552065,
            "gross_margin": 19.02,
            "gross_margin_4q_avg": 18.59,
            "net_income": 295489,
            "net_income_4q": null,
            "revenue": 2903224,
            "revenue_4q": null,
            "common_shares": 4670005,
            "book_valuer_per_share": 25.3,
            "book_valuer_per_share_4q_avg": 24.24,
            "equity": 12475779,
            "current_ratio": 138.1,
            "debt_ratio": 50.04,
            "inventory_turnover_ratio": 41.19,
            "account_receivable_turnover_ratio": 1.55,
            "reinvestment_rate": 48.82,
            "research_to_sale_ratio": null,
            "price_fair": 28.93,
            "eps_avg_yearly": 2.89,
            "eps_latest_yearly": 2.24,
            "eps_growth_yearly": 0.91
        },
        "20232": {
            "year_quarter": 20232,
            "year": 2023,
            "quarter": 2,
            "eps": 1.8,
            "eps_growth_year": 157.14,
            "eps_4q": 3.7,
            "eps_4q_growth_year": 24.54,
            "roe": 7.08,
            "roe_4q": 15.35,
            "gross_profit": 479859,
            "gross_margin": 16.44,
            "gross_margin_4q_avg": 18.37,
            "net_income": 881647,
            "net_income_4q": null,
            "revenue": 2918885,
            "revenue_4q": null,
            "common_shares": 4670005,
            "book_valuer_per_share": 25.37,
            "book_valuer_per_share_4q_avg": 24.79,
            "equity": 12426527,
            "current_ratio": 108.36,
            "debt_ratio": 50.07,
            "inventory_turnover_ratio": 38.4,
            "account_receivable_turnover_ratio": 1.69,
            "reinvestment_rate": 42.32,
            "research_to_sale_ratio": null,
            "price_fair": 111.65,
            "eps_avg_yearly": 3.19,
            "eps_latest_yearly": 7.2,
            "eps_growth_yearly": 60.09
        },
        "20233": {
            "year_quarter": 20233,
            "year": 2023,
            "quarter": 3,
            "eps": 0.61,
            "eps_growth_year": -6.15,
            "eps_4q": 3.65,
            "eps_4q_growth_year": 26.87,
            "roe": 2.5,
            "roe_4q": 14.92,
            "gross_profit": 577921,
            "gross_margin": 18.72,
            "gross_margin_4q_avg": 18.26,
            "net_income": 314903,
            "net_income_4q": null,
            "revenue": 3087078,
            "revenue_4q": null,
            "common_shares": 4670005,
            "book_valuer_per_share": 25.97,
            "book_valuer_per_share_4q_avg": 25.34,
            "equity": 12741938,
            "current_ratio": 111.52,
            "debt_ratio": 47.95,
            "inventory_turnover_ratio": 35.15,
            "account_receivable_turnover_ratio": 1.71,
            "reinvestment_rate": 42.82,
            "research_to_sale_ratio": null,
            "price_fair": 109.9,
            "eps_avg_yearly": 3.14,
            "eps_latest_yearly": 2.44,
            "eps_growth_yearly": 35.36
        }
    },
    "months": {
        "2001-06": {
            "month": "2001-06",
            "price": "7.10",
            "revenue": 333531
        },
        "2001-07": {
            "month": "2001-07",
            "price": "5.26",
            "revenue": 345060
        },
        "2001-08": {
            "month": "2001-08",
            "price": "5.91",
            "revenue": 375990
        },
        "2001-09": {
            "month": "2001-09",
            "price": "5.46",
            "revenue": 319016
        },
        "2001-10": {
            "month": "2001-10",
            "price": "5.13",
            "revenue": 361984
        },
        "2001-11": {
            "month": "2001-11",
            "price": "5.16",
            "revenue": 350514
        },
        "2001-12": {
            "month": "2001-12",
            "price": "6.20",
            "revenue": 345777
        },
        "2002-01": {
            "month": "2002-01",
            "price": "8.58",
            "revenue": 375144
        },
        "2002-02": {
            "month": "2002-02",
            "price": "8.18",
            "revenue": 277900
        },
        "2002-03": {
            "month": "2002-03",
            "price": "9.53",
            "revenue": 370714
        },
        "2002-04": {
            "month": "2002-04",
            "price": "10.34",
            "revenue": 360050
        },
        "2002-05": {
            "month": "2002-05",
            "price": "8.63",
            "revenue": 369375
        },
        "2002-06": {
            "month": "2002-06",
            "price": "8.52",
            "revenue": 339093
        },
        "2002-07": {
            "month": "2002-07",
            "price": "7.72",
            "revenue": 364257
        },
        "2002-08": {
            "month": "2002-08",
            "price": "6.96",
            "revenue": 369175
        },
        "2002-09": {
            "month": "2002-09",
            "price": "5.56",
            "revenue": 362836
        },
        "2002-10": {
            "month": "2002-10",
            "price": "5.73",
            "revenue": 373678
        },
        "2002-11": {
            "month": "2002-11",
            "price": "6.25",
            "revenue": 351887
        },
        "2002-12": {
            "month": "2002-12",
            "price": "6.65",
            "revenue": 359312
        },
        "2003-01": {
            "month": "2003-01",
            "price": "7.67",
            "revenue": 369973
        },
        "2003-02": {
            "month": "2003-02",
            "price": "6.78",
            "revenue": 277214
        },
        "2003-03": {
            "month": "2003-03",
            "price": "6.12",
            "revenue": 365091
        },
        "2003-04": {
            "month": "2003-04",
            "price": "5.72",
            "revenue": 366900
        },
        "2003-05": {
            "month": "2003-05",
            "price": "5.12",
            "revenue": 383523
        },
        "2003-06": {
            "month": "2003-06",
            "price": "5.85",
            "revenue": 353058
        },
        "2003-07": {
            "month": "2003-07",
            "price": "6.25",
            "revenue": 404661
        },
        "2003-08": {
            "month": "2003-08",
            "price": "6.59",
            "revenue": 387477
        },
        "2003-09": {
            "month": "2003-09",
            "price": "7.31",
            "revenue": 395377
        },
        "2003-10": {
            "month": "2003-10",
            "price": "8.70",
            "revenue": 400684
        },
        "2003-11": {
            "month": "2003-11",
            "price": "8.43",
            "revenue": 374814
        },
        "2003-12": {
            "month": "2003-12",
            "price": "7.98",
            "revenue": 429977
        },
        "2004-01": {
            "month": "2004-01",
            "price": "9.68",
            "revenue": 363713
        },
        "2004-02": {
            "month": "2004-02",
            "price": "13.40",
            "revenue": 379595
        },
        "2004-03": {
            "month": "2004-03",
            "price": "13.10",
            "revenue": 411399
        },
        "2004-04": {
            "month": "2004-04",
            "price": "11.17",
            "revenue": 401249
        },
        "2004-05": {
            "month": "2004-05",
            "price": "8.50",
            "revenue": 396987
        },
        "2004-06": {
            "month": "2004-06",
            "price": "8.83",
            "revenue": 401315
        },
        "2004-07": {
            "month": "2004-07",
            "price": "8.57",
            "revenue": 417292
        },
        "2004-08": {
            "month": "2004-08",
            "price": "7.89",
            "revenue": 406086
        },
        "2004-09": {
            "month": "2004-09",
            "price": "8.83",
            "revenue": 422486
        },
        "2004-10": {
            "month": "2004-10",
            "price": "9.35",
            "revenue": 410495
        },
        "2004-11": {
            "month": "2004-11",
            "price": "8.92",
            "revenue": 432122
        },
        "2004-12": {
            "month": "2004-12",
            "price": "9.39",
            "revenue": 466813
        },
        "2005-01": {
            "month": "2005-01",
            "price": "10.42",
            "revenue": 520253
        },
        "2005-02": {
            "month": "2005-02",
            "price": "10.07",
            "revenue": 355138
        },
        "2005-03": {
            "month": "2005-03",
            "price": "10.14",
            "revenue": 501498
        },
        "2005-04": {
            "month": "2005-04",
            "price": "8.62",
            "revenue": 460164
        },
        "2005-05": {
            "month": "2005-05",
            "price": "8.23",
            "revenue": 471677
        },
        "2005-06": {
            "month": "2005-06",
            "price": "9.10",
            "revenue": 465489
        },
        "2005-07": {
            "month": "2005-07",
            "price": "8.68",
            "revenue": 457580
        },
        "2005-08": {
            "month": "2005-08",
            "price": "8.37",
            "revenue": 495435
        },
        "2005-09": {
            "month": "2005-09",
            "price": "7.59",
            "revenue": 484811
        },
        "2005-10": {
            "month": "2005-10",
            "price": "6.72",
            "revenue": 455818
        },
        "2005-11": {
            "month": "2005-11",
            "price": "6.86",
            "revenue": 478321
        },
        "2005-12": {
            "month": "2005-12",
            "price": "7.70",
            "revenue": 496141
        },
        "2006-01": {
            "month": "2006-01",
            "price": "7.48",
            "revenue": 483197
        },
        "2006-02": {
            "month": "2006-02",
            "price": "7.21",
            "revenue": 391006
        },
        "2006-03": {
            "month": "2006-03",
            "price": "6.66",
            "revenue": 495386
        },
        "2006-04": {
            "month": "2006-04",
            "price": "7.64",
            "revenue": 449399
        },
        "2006-05": {
            "month": "2006-05",
            "price": "10.07",
            "revenue": 474294
        },
        "2006-06": {
            "month": "2006-06",
            "price": "10.01",
            "revenue": 481739
        },
        "2006-07": {
            "month": "2006-07",
            "price": "10.77",
            "revenue": 469543
        },
        "2006-08": {
            "month": "2006-08",
            "price": "14.12",
            "revenue": 490126
        },
        "2006-09": {
            "month": "2006-09",
            "price": "15.84",
            "revenue": 485644
        },
        "2006-10": {
            "month": "2006-10",
            "price": "17.49",
            "revenue": 455324
        },
        "2006-11": {
            "month": "2006-11",
            "price": "16.38",
            "revenue": 482894
        },
        "2006-12": {
            "month": "2006-12",
            "price": "17.32",
            "revenue": 489829
        },
        "2007-01": {
            "month": "2007-01",
            "price": "24.93",
            "revenue": 523395
        },
        "2007-02": {
            "month": "2007-02",
            "price": "23.41",
            "revenue": 376266
        },
        "2007-03": {
            "month": "2007-03",
            "price": "24.33",
            "revenue": 497337
        },
        "2007-04": {
            "month": "2007-04",
            "price": "24.15",
            "revenue": 456107
        },
        "2007-05": {
            "month": "2007-05",
            "price": "19.16",
            "revenue": 496301
        },
        "2007-06": {
            "month": "2007-06",
            "price": "20.31",
            "revenue": 464549
        },
        "2007-07": {
            "month": "2007-07",
            "price": "20.90",
            "revenue": 497894
        },
        "2007-08": {
            "month": "2007-08",
            "price": "15.48",
            "revenue": 514041
        },
        "2007-09": {
            "month": "2007-09",
            "price": "15.28",
            "revenue": 478717
        },
        "2007-10": {
            "month": "2007-10",
            "price": "15.39",
            "revenue": 504866
        },
        "2007-11": {
            "month": "2007-11",
            "price": "13.19",
            "revenue": 508572
        },
        "2007-12": {
            "month": "2007-12",
            "price": "14.12",
            "revenue": 519869
        },
        "2008-01": {
            "month": "2008-01",
            "price": "14.80",
            "revenue": 587365
        },
        "2008-02": {
            "month": "2008-02",
            "price": "15.06",
            "revenue": 398645
        },
        "2008-03": {
            "month": "2008-03",
            "price": "17.94",
            "revenue": 496871
        },
        "2008-04": {
            "month": "2008-04",
            "price": "19.74",
            "revenue": 448574
        },
        "2008-05": {
            "month": "2008-05",
            "price": "18.19",
            "revenue": 444751
        },
        "2008-06": {
            "month": "2008-06",
            "price": "17.79",
            "revenue": 432181
        },
        "2008-07": {
            "month": "2008-07",
            "price": "18.17",
            "revenue": 448915
        },
        "2008-08": {
            "month": "2008-08",
            "price": "19.30",
            "revenue": 438232
        },
        "2008-09": {
            "month": "2008-09",
            "price": "15.60",
            "revenue": 432374
        },
        "2008-10": {
            "month": "2008-10",
            "price": "12.74",
            "revenue": 432279
        },
        "2008-11": {
            "month": "2008-11",
            "price": "13.86",
            "revenue": 388240
        },
        "2008-12": {
            "month": "2008-12",
            "price": "15.14",
            "revenue": 432352
        },
        "2009-01": {
            "month": "2009-01",
            "price": "13.09",
            "revenue": 346464
        },
        "2009-02": {
            "month": "2009-02",
            "price": "12.70",
            "revenue": 363841
        },
        "2009-03": {
            "month": "2009-03",
            "price": "15.43",
            "revenue": 381666
        },
        "2009-04": {
            "month": "2009-04",
            "price": "16.22",
            "revenue": 390605
        },
        "2009-05": {
            "month": "2009-05",
            "price": "18.34",
            "revenue": 368777
        },
        "2009-06": {
            "month": "2009-06",
            "price": "16.66",
            "revenue": 418488
        },
        "2009-07": {
            "month": "2009-07",
            "price": "17.18",
            "revenue": 434570
        },
        "2009-08": {
            "month": "2009-08",
            "price": "16.42",
            "revenue": 431635
        },
        "2009-09": {
            "month": "2009-09",
            "price": "18.40",
            "revenue": 456889
        },
        "2009-10": {
            "month": "2009-10",
            "price": "22.56",
            "revenue": 436351
        },
        "2009-11": {
            "month": "2009-11",
            "price": "21.10",
            "revenue": 437496
        },
        "2009-12": {
            "month": "2009-12",
            "price": "22.46",
            "revenue": 482120
        },
        "2010-01": {
            "month": "2010-01",
            "price": "22.67",
            "revenue": 482121
        },
        "2010-02": {
            "month": "2010-02",
            "price": "21.61",
            "revenue": 359180
        },
        "2010-03": {
            "month": "2010-03",
            "price": "23.71",
            "revenue": 480272
        },
        "2010-04": {
            "month": "2010-04",
            "price": "24.87",
            "revenue": 458977
        },
        "2010-05": {
            "month": "2010-05",
            "price": "23.08",
            "revenue": 457993
        },
        "2010-06": {
            "month": "2010-06",
            "price": "23.34",
            "revenue": 451443
        },
        "2010-07": {
            "month": "2010-07",
            "price": "23.58",
            "revenue": 492978
        },
        "2010-08": {
            "month": "2010-08",
            "price": "29.30",
            "revenue": 496044
        },
        "2010-09": {
            "month": "2010-09",
            "price": "29.12",
            "revenue": 486903
        },
        "2010-10": {
            "month": "2010-10",
            "price": "27.18",
            "revenue": 467134
        },
        "2010-11": {
            "month": "2010-11",
            "price": "27.05",
            "revenue": 494967
        },
        "2010-12": {
            "month": "2010-12",
            "price": "30.90",
            "revenue": 530019
        },
        "2011-01": {
            "month": "2011-01",
            "price": "29.06",
            "revenue": 571797
        },
        "2011-02": {
            "month": "2011-02",
            "price": "28.07",
            "revenue": 340264
        },
        "2011-03": {
            "month": "2011-03",
            "price": "28.88",
            "revenue": 536021
        },
        "2011-04": {
            "month": "2011-04",
            "price": "30.73",
            "revenue": 475188
        },
        "2011-05": {
            "month": "2011-05",
            "price": "33.86",
            "revenue": 499375
        },
        "2011-06": {
            "month": "2011-06",
            "price": "31.65",
            "revenue": 491929
        },
        "2011-07": {
            "month": "2011-07",
            "price": "33.54",
            "revenue": 507826
        },
        "2011-08": {
            "month": "2011-08",
            "price": "32.02",
            "revenue": 542500
        },
        "2011-09": {
            "month": "2011-09",
            "price": "32.03",
            "revenue": 513715
        },
        "2011-10": {
            "month": "2011-10",
            "price": "31.70",
            "revenue": 489772
        },
        "2011-11": {
            "month": "2011-11",
            "price": "30.99",
            "revenue": 515365
        },
        "2011-12": {
            "month": "2011-12",
            "price": "31.86",
            "revenue": 567116
        },
        "2012-01": {
            "month": "2012-01",
            "price": "32.04",
            "revenue": 468902
        },
        "2012-02": {
            "month": "2012-02",
            "price": "32.66",
            "revenue": 469085
        },
        "2012-03": {
            "month": "2012-03",
            "price": "33.00",
            "revenue": 540557
        },
        "2012-04": {
            "month": "2012-04",
            "price": "33.37",
            "revenue": 506735
        },
        "2012-05": {
            "month": "2012-05",
            "price": "33.01",
            "revenue": 552502
        },
        "2012-06": {
            "month": "2012-06",
            "price": "32.92",
            "revenue": 521451
        },
        "2012-07": {
            "month": "2012-07",
            "price": "34.92",
            "revenue": 566972
        },
        "2012-08": {
            "month": "2012-08",
            "price": "39.49",
            "revenue": 577213
        },
        "2012-09": {
            "month": "2012-09",
            "price": "40.14",
            "revenue": 556043
        },
        "2012-10": {
            "month": "2012-10",
            "price": "42.78",
            "revenue": 568777
        },
        "2012-11": {
            "month": "2012-11",
            "price": "45.40",
            "revenue": 574520
        },
        "2012-12": {
            "month": "2012-12",
            "price": "47.18",
            "revenue": 583810
        },
        "2013-01": {
            "month": "2013-01",
            "price": "47.59",
            "revenue": 709556
        },
        "2013-02": {
            "month": "2013-02",
            "price": "46.72",
            "revenue": 438070
        },
        "2013-03": {
            "month": "2013-03",
            "price": "47.02",
            "revenue": 600889
        },
        "2013-04": {
            "month": "2013-04",
            "price": "42.87",
            "revenue": 590914
        },
        "2013-05": {
            "month": "2013-05",
            "price": "40.74",
            "revenue": 631393
        },
        "2013-06": {
            "month": "2013-06",
            "price": "36.74",
            "revenue": 589202
        },
        "2013-07": {
            "month": "2013-07",
            "price": "36.54",
            "revenue": 666839
        },
        "2013-08": {
            "month": "2013-08",
            "price": "37.37",
            "revenue": 666309
        },
        "2013-09": {
            "month": "2013-09",
            "price": "37.96",
            "revenue": 639981
        },
        "2013-10": {
            "month": "2013-10",
            "price": "40.82",
            "revenue": 666710
        },
        "2013-11": {
            "month": "2013-11",
            "price": "42.81",
            "revenue": 644916
        },
        "2013-12": {
            "month": "2013-12",
            "price": "46.10",
            "revenue": 702951
        },
        "2014-01": {
            "month": "2014-01",
            "price": "44.61",
            "revenue": 718995
        },
        "2014-02": {
            "month": "2014-02",
            "price": "42.34",
            "revenue": 520374
        },
        "2014-03": {
            "month": "2014-03",
            "price": "42.30",
            "revenue": 651203
        },
        "2014-04": {
            "month": "2014-04",
            "price": "39.14",
            "revenue": 662505
        },
        "2014-05": {
            "month": "2014-05",
            "price": "38.55",
            "revenue": 677724
        },
        "2014-06": {
            "month": "2014-06",
            "price": "40.26",
            "revenue": 665518
        },
        "2014-07": {
            "month": "2014-07",
            "price": "39.37",
            "revenue": 738362
        },
        "2014-08": {
            "month": "2014-08",
            "price": "39.15",
            "revenue": 719924
        },
        "2014-09": {
            "month": "2014-09",
            "price": "39.16",
            "revenue": 692696
        },
        "2014-10": {
            "month": "2014-10",
            "price": "37.60",
            "revenue": 721874
        },
        "2014-11": {
            "month": "2014-11",
            "price": "37.55",
            "revenue": 666008
        },
        "2014-12": {
            "month": "2014-12",
            "price": "38.58",
            "revenue": 772746
        },
        "2015-01": {
            "month": "2015-01",
            "price": "38.98",
            "revenue": 752502
        },
        "2015-02": {
            "month": "2015-02",
            "price": "39.17",
            "revenue": 560193
        },
        "2015-03": {
            "month": "2015-03",
            "price": "38.53",
            "revenue": 709170
        },
        "2015-04": {
            "month": "2015-04",
            "price": "39.72",
            "revenue": 693762
        },
        "2015-05": {
            "month": "2015-05",
            "price": "39.09",
            "revenue": 688540
        },
        "2015-06": {
            "month": "2015-06",
            "price": "36.59",
            "revenue": 765394
        },
        "2015-07": {
            "month": "2015-07",
            "price": "34.42",
            "revenue": 796985
        },
        "2015-08": {
            "month": "2015-08",
            "price": "35.26",
            "revenue": 763454
        },
        "2015-09": {
            "month": "2015-09",
            "price": "37.44",
            "revenue": 772211
        },
        "2015-10": {
            "month": "2015-10",
            "price": "38.72",
            "revenue": 788146
        },
        "2015-11": {
            "month": "2015-11",
            "price": "38.81",
            "revenue": 762706
        },
        "2015-12": {
            "month": "2015-12",
            "price": "38.40",
            "revenue": 849440
        },
        "2016-01": {
            "month": "2016-01",
            "price": "37.22",
            "revenue": 867564
        },
        "2016-02": {
            "month": "2016-02",
            "price": "37.89",
            "revenue": 575526
        },
        "2016-03": {
            "month": "2016-03",
            "price": "39.15",
            "revenue": 834308
        },
        "2016-04": {
            "month": "2016-04",
            "price": "41.56",
            "revenue": 745461
        },
        "2016-05": {
            "month": "2016-05",
            "price": "41.72",
            "revenue": 793237
        },
        "2016-06": {
            "month": "2016-06",
            "price": "40.99",
            "revenue": 780288
        },
        "2016-07": {
            "month": "2016-07",
            "price": "42.72",
            "revenue": 766396
        },
        "2016-08": {
            "month": "2016-08",
            "price": "42.41",
            "revenue": 842249
        },
        "2016-09": {
            "month": "2016-09",
            "price": "42.02",
            "revenue": 745598
        },
        "2016-10": {
            "month": "2016-10",
            "price": "41.70",
            "revenue": 757253
        },
        "2016-11": {
            "month": "2016-11",
            "price": "43.35",
            "revenue": 832665
        },
        "2016-12": {
            "month": "2016-12",
            "price": "43.97",
            "revenue": 860117
        },
        "2017-01": {
            "month": "2017-01",
            "price": "44.35",
            "revenue": 782695
        },
        "2017-02": {
            "month": "2017-02",
            "price": "44.04",
            "revenue": 642858
        },
        "2017-03": {
            "month": "2017-03",
            "price": "43.60",
            "revenue": 853536
        },
        "2017-04": {
            "month": "2017-04",
            "price": "41.47",
            "revenue": 708988
        },
        "2017-05": {
            "month": "2017-05",
            "price": "39.80",
            "revenue": 779463
        },
        "2017-06": {
            "month": "2017-06",
            "price": "37.79",
            "revenue": 825617
        },
        "2017-07": {
            "month": "2017-07",
            "price": "37.09",
            "revenue": 792548
        },
        "2017-08": {
            "month": "2017-08",
            "price": "36.20",
            "revenue": 876937
        },
        "2017-09": {
            "month": "2017-09",
            "price": "36.53",
            "revenue": 855206
        },
        "2017-10": {
            "month": "2017-10",
            "price": "36.45",
            "revenue": 783212
        },
        "2017-11": {
            "month": "2017-11",
            "price": "37.32",
            "revenue": 873943
        },
        "2017-12": {
            "month": "2017-12",
            "price": "37.98",
            "revenue": 900947
        },
        "2018-01": {
            "month": "2018-01",
            "price": "38.55",
            "revenue": 974661
        },
        "2018-02": {
            "month": "2018-02",
            "price": "37.86",
            "revenue": 657700
        },
        "2018-03": {
            "month": "2018-03",
            "price": "38.04",
            "revenue": 903968
        },
        "2018-04": {
            "month": "2018-04",
            "price": "38.91",
            "revenue": 766353
        },
        "2018-05": {
            "month": "2018-05",
            "price": "39.88",
            "revenue": 883487
        },
        "2018-06": {
            "month": "2018-06",
            "price": "39.46",
            "revenue": 826181
        },
        "2018-07": {
            "month": "2018-07",
            "price": "39.86",
            "revenue": 874817
        },
        "2018-08": {
            "month": "2018-08",
            "price": "40.07",
            "revenue": 914907
        },
        "2018-09": {
            "month": "2018-09",
            "price": "39.77",
            "revenue": 858042
        },
        "2018-10": {
            "month": "2018-10",
            "price": "38.03",
            "revenue": 924575
        },
        "2018-11": {
            "month": "2018-11",
            "price": "37.16",
            "revenue": 917528
        },
        "2018-12": {
            "month": "2018-12",
            "price": "35.59",
            "revenue": 881777
        },
        "2019-01": {
            "month": "2019-01",
            "price": "36.29",
            "revenue": 1160473
        },
        "2019-02": {
            "month": "2019-02",
            "price": "37.04",
            "revenue": 662929
        },
        "2019-03": {
            "month": "2019-03",
            "price": "37.41",
            "revenue": 915346
        },
        "2019-04": {
            "month": "2019-04",
            "price": "37.12",
            "revenue": 939926
        },
        "2019-05": {
            "month": "2019-05",
            "price": "35.97",
            "revenue": 1001962
        },
        "2019-06": {
            "month": "2019-06",
            "price": "36.42",
            "revenue": 923578
        },
        "2019-07": {
            "month": "2019-07",
            "price": "36.89",
            "revenue": 1061525
        },
        "2019-08": {
            "month": "2019-08",
            "price": "36.51",
            "revenue": 1037087
        },
        "2019-09": {
            "month": "2019-09",
            "price": "37.07",
            "revenue": 975053
        },
        "2019-10": {
            "month": "2019-10",
            "price": "36.93",
            "revenue": 1050457
        },
        "2019-11": {
            "month": "2019-11",
            "price": "38.86",
            "revenue": 1025575
        },
        "2019-12": {
            "month": "2019-12",
            "price": "38.92",
            "revenue": 1101765
        },
        "2020-01": {
            "month": "2020-01",
            "price": "39.28",
            "revenue": 939590
        },
        "2020-02": {
            "month": "2020-02",
            "price": "40.69",
            "revenue": 955725
        },
        "2020-03": {
            "month": "2020-03",
            "price": "36.48",
            "revenue": 1068316
        },
        "2020-04": {
            "month": "2020-04",
            "price": "38.64",
            "revenue": 954868
        },
        "2020-05": {
            "month": "2020-05",
            "price": "40.63",
            "revenue": 950354
        },
        "2020-06": {
            "month": "2020-06",
            "price": "41.10",
            "revenue": 1001369
        },
        "2020-07": {
            "month": "2020-07",
            "price": "40.52",
            "revenue": 1086163
        },
        "2020-08": {
            "month": "2020-08",
            "price": "39.85",
            "revenue": 1047326
        },
        "2020-09": {
            "month": "2020-09",
            "price": "40.08",
            "revenue": 1116177
        },
        "2020-10": {
            "month": "2020-10",
            "price": "39.49",
            "revenue": 992833
        },
        "2020-11": {
            "month": "2020-11",
            "price": "40.70",
            "revenue": 1075289
        },
        "2020-12": {
            "month": "2020-12",
            "price": "42.98",
            "revenue": 1156200
        },
        "2021-01": {
            "month": "2021-01",
            "price": "43.57",
            "revenue": 1155974
        },
        "2021-02": {
            "month": "2021-02",
            "price": "41.80",
            "revenue": 805386
        },
        "2021-03": {
            "month": "2021-03",
            "price": "43.05",
            "revenue": 1107262
        },
        "2021-04": {
            "month": "2021-04",
            "price": "44.36",
            "revenue": 990238
        },
        "2021-05": {
            "month": "2021-05",
            "price": "50.63",
            "revenue": 1126267
        },
        "2021-06": {
            "month": "2021-06",
            "price": "67.87",
            "revenue": 1099538
        },
        "2021-07": {
            "month": "2021-07",
            "price": "60.45",
            "revenue": 1119155
        },
        "2021-08": {
            "month": "2021-08",
            "price": "50.95",
            "revenue": 1115942
        },
        "2021-09": {
            "month": "2021-09",
            "price": "49.20",
            "revenue": 1096040
        },
        "2021-10": {
            "month": "2021-10",
            "price": "42.67",
            "revenue": 1065139
        },
        "2021-11": {
            "month": "2021-11",
            "price": "44.41",
            "revenue": 1176711
        },
        "2021-12": {
            "month": "2021-12",
            "price": "44.56",
            "revenue": 1178745
        },
        "2022-01": {
            "month": "2022-01",
            "price": "48.06",
            "revenue": 1165263
        },
        "2022-02": {
            "month": "2022-02",
            "price": "44.49",
            "revenue": 826249
        },
        "2022-03": {
            "month": "2022-03",
            "price": "42.42",
            "revenue": 1173151
        },
        "2022-04": {
            "month": "2022-04",
            "price": "43.84",
            "revenue": 1034463
        },
        "2022-05": {
            "month": "2022-05",
            "price": "42.37",
            "revenue": 1114714
        },
        "2022-06": {
            "month": "2022-06",
            "price": "40.93",
            "revenue": 1069562
        },
        "2022-07": {
            "month": "2022-07",
            "price": "39.11",
            "revenue": 1060943
        },
        "2022-08": {
            "month": "2022-08",
            "price": "41.38",
            "revenue": 1115735
        },
        "2022-09": {
            "month": "2022-09",
            "price": "39.49",
            "revenue": 1008503
        },
        "2022-10": {
            "month": "2022-10",
            "price": "35.68",
            "revenue": 981282
        },
        "2022-11": {
            "month": "2022-11",
            "price": "36.63",
            "revenue": 1060137
        },
        "2022-12": {
            "month": "2022-12",
            "price": "37.82",
            "revenue": 1120068
        },
        "2023-01": {
            "month": "2023-01",
            "price": "38.64",
            "revenue": 897147
        },
        "2023-02": {
            "month": "2023-02",
            "price": "38.83",
            "revenue": 888914
        },
        "2023-03": {
            "month": "2023-03",
            "price": "38.12",
            "revenue": 1117163
        },
        "2023-04": {
            "month": "2023-04",
            "price": "38.34",
            "revenue": 880658
        },
        "2023-05": {
            "month": "2023-05",
            "price": "38.50",
            "revenue": 1041656
        },
        "2023-06": {
            "month": "2023-06",
            "price": "39.17",
            "revenue": 996571
        },
        "2023-07": {
            "month": "2023-07",
            "price": "37.29",
            "revenue": 1006987
        },
        "2023-08": {
            "month": "2023-08",
            "price": "36.66",
            "revenue": 1072316
        },
        "2023-09": {
            "month": "2023-09",
            "price": "37.74",
            "revenue": 1007775
        },
        "2023-10": {
            "month": "2023-10",
            "price": "37.21",
            "revenue": 991019
        },
        "2023-11": {
            "month": "2023-11",
            "price": "37.71",
            "revenue": 1097882
        },
        "2023-12": {
            "month": "2023-12",
            "price": "38.45",
            "revenue": 1034826
        }
    }
}
