{
    "summary": {
        "stock_name": "陽明",
        "stock_id": "2609",
        "category": "航運",
        "main_business": "國內外水上貨運、客運業務之經營<br>倉庫、碼頭、拖船、駁船、貨櫃集散場站業務之經營<br>船舶、貨櫃及車架之修理、租賃、買賣業務之經營",
        "website_url": "http://www.yangming.com/",
        "ceo": "杜書勤",
        "pe_ratio": 8,
        "report_year_from": 2001,
        "report_year_to": 2023,
        "age": 23,
        "eps_negative_percentage": 33,
        "eps_growth_avg": {
            "last_all": -42.55,
            "last_2y": 3.42,
            "last_4y": 3.42,
            "last_8y": -37.95,
            "last_12y": -55.68,
            "last_16y": -47.93,
            "last_20y": null,
            "at_2006_last_3y": null,
            "at_2007_last_3y": 6.53,
            "at_2008_last_3y": -22.64,
            "at_2009_last_3y": -44.37,
            "at_2010_last_3y": -29.87,
            "at_2011_last_3y": -96.54,
            "at_2012_last_3y": -100,
            "at_2013_last_3y": -100,
            "at_2014_last_3y": -100,
            "at_2015_last_3y": -100,
            "at_2016_last_3y": -100,
            "at_2017_last_3y": -100,
            "at_2018_last_3y": -100,
            "at_2019_last_3y": -100,
            "at_2020_last_3y": -100,
            "at_2021_last_3y": 0,
            "at_2022_last_3y": 53.46,
            "at_2023_last_3y": 3.42,
            "at_2024_last_3y": 3.42,
            "at_2006_last_all": -24.62,
            "at_2007_last_all": 6.53,
            "at_2008_last_all": -12.7,
            "at_2009_last_all": -27.25,
            "at_2010_last_all": -27.25,
            "at_2011_last_all": -37.64,
            "at_2012_last_all": -37.64,
            "at_2013_last_all": -45.44,
            "at_2014_last_all": -45.44,
            "at_2015_last_all": -51.5,
            "at_2016_last_all": -51.5,
            "at_2017_last_all": -51.5,
            "at_2018_last_all": -56.35,
            "at_2019_last_all": -56.35,
            "at_2020_last_all": -56.35,
            "at_2021_last_all": -42.13,
            "at_2022_last_all": -38.05,
            "at_2023_last_all": -42.55,
            "at_2024_last_all": -42.55
        },
        "latest_eps": 5.96,
        "latest_price": 48,
        "latest_roe": 6.88,
        "latest_gross_margin": 1.7,
        "latest_equity": 282967648,
        "latest_revenue": 35901113,
        "latest_gross_profit": 610723,
        "latest_net_income": 2880087,
        "latest_debt_ratio": 31.9,
        "latest_current_ratio": 435.18,
        "latest_account_receivable_turnover_ratio": 4.21,
        "latest_inventory_turnover_ratio": 7.78,
        "latest_reinvestment_rate": 1.2,
        "latest_research_to_sale_ratio": null
    },
    "eps_dividends": {
        "1993": {
            "cash": 0.5,
            "stock": 0,
            "eps": 0
        },
        "1994": {
            "cash": 0.7,
            "stock": 0,
            "eps": 0
        },
        "1995": {
            "cash": 1,
            "stock": 0,
            "eps": 0
        },
        "2000": {
            "cash": 0,
            "stock": 0.6,
            "eps": 0
        },
        "2001": {
            "cash": 0.3,
            "stock": 0.3,
            "eps": 0
        },
        "2002": {
            "cash": 0,
            "stock": 0,
            "eps": 0
        },
        "2003": {
            "cash": 0.6,
            "stock": 0,
            "eps": 3.73
        },
        "2004": {
            "cash": 2.29,
            "stock": 0.5,
            "eps": 4.74
        },
        "2005": {
            "cash": 2.98,
            "stock": 0,
            "eps": 4.12
        },
        "2006": {
            "cash": 2.5,
            "stock": 0,
            "eps": 0.5
        },
        "2007": {
            "cash": 0.32,
            "stock": 0.08,
            "eps": 2.6
        },
        "2008": {
            "cash": 1,
            "stock": 1,
            "eps": 0.27
        },
        "2009": {
            "cash": 0.15,
            "stock": 0,
            "eps": -6.18
        },
        "2010": {
            "cash": 0,
            "stock": 0,
            "eps": 4.6
        },
        "2011": {
            "cash": 1.25,
            "stock": 1,
            "eps": -3.33
        },
        "2012": {
            "cash": 0,
            "stock": 0,
            "eps": 0.02
        },
        "2013": {
            "cash": 0,
            "stock": 0,
            "eps": -0.84
        },
        "2014": {
            "cash": 0,
            "stock": 0,
            "eps": 0.14
        },
        "2015": {
            "cash": 0,
            "stock": 0,
            "eps": -2.39
        },
        "2016": {
            "cash": 0,
            "stock": 0,
            "eps": -4.4
        },
        "2017": {
            "cash": 0,
            "stock": 0,
            "eps": 0.09
        },
        "2018": {
            "cash": 0,
            "stock": 0,
            "eps": -2.53
        },
        "2019": {
            "cash": 0,
            "stock": 0,
            "eps": -1.66
        },
        "2020": {
            "cash": 0,
            "stock": 0,
            "eps": 3.91
        },
        "2021": {
            "cash": 0,
            "stock": 0,
            "eps": 48.37
        },
        "2022": {
            "cash": 20,
            "stock": 0,
            "eps": 51.72
        },
        "2023": {
            "cash": 20,
            "stock": 0,
            "eps": 1.73
        }
    },
    "dividends": {
        "1993-09-29": {
            "cash": 0.5,
            "stock": 0
        },
        "1994-11-23": {
            "cash": 0.7,
            "stock": 0
        },
        "1995-11-25": {
            "cash": 1,
            "stock": 0
        },
        "2000-06-03": {
            "cash": 0,
            "stock": 0.6
        },
        "2001-06-20": {
            "cash": 0.3,
            "stock": 0.3
        },
        "2003-03-14": {
            "cash": 0.6,
            "stock": 0
        },
        "2004-04-06": {
            "cash": 2.29,
            "stock": 0.5
        },
        "2005-04-22": {
            "cash": 2.98,
            "stock": 0
        },
        "2006-05-05": {
            "cash": 2.5,
            "stock": 0
        },
        "2007-05-16": {
            "cash": 0.32,
            "stock": 0.08
        },
        "2008-05-08": {
            "cash": 1,
            "stock": 1
        },
        "2009-05-08": {
            "cash": 0.15,
            "stock": 0
        },
        "2011-05-03": {
            "cash": 1.25,
            "stock": 1
        },
        "2022-07-29": {
            "cash": 20,
            "stock": 0
        },
        "2023-08-03": {
            "cash": 20,
            "stock": 0
        }
    },
    "prices": {
        "200101": "14.24",
        "200102": "13.84",
        "200103": "12.35",
        "200104": "11.06",
        "200105": "9.16",
        "200106": "9.14",
        "200107": "7.67",
        "200108": "8.68",
        "200109": "7.51",
        "200110": "6.69",
        "200111": "7.15",
        "200112": "7.77",
        "200201": "8.07",
        "200202": "8.93",
        "200203": "9.22",
        "200204": "9.17",
        "200205": "9.02",
        "200206": "8.54",
        "200207": "8.05",
        "200208": "7.23",
        "200209": "6.99",
        "200210": "7.42",
        "200211": "8.48",
        "200212": "10.17",
        "200301": "18.80",
        "200302": "17.60",
        "200303": "18.10",
        "200304": "18.18",
        "200305": "17.72",
        "200306": "21.30",
        "200307": "25.94",
        "200308": "27.05",
        "200309": "29.48",
        "200310": "32.89",
        "200311": "32.38",
        "200312": "32.84",
        "200401": "37.52",
        "200402": "37.44",
        "200403": "40.53",
        "200404": "35.34",
        "200405": "28.43",
        "200406": "28.84",
        "200407": "29.65",
        "200408": "28.08",
        "200409": "31.09",
        "200410": "32.15",
        "200411": "29.68",
        "200412": "29.97",
        "200501": "29.12",
        "200502": "29.50",
        "200503": "31.65",
        "200504": "31.36",
        "200505": "29.80",
        "200506": "28.73",
        "200507": "27.59",
        "200508": "26.24",
        "200509": "22.05",
        "200510": "19.82",
        "200511": "19.92",
        "200512": "20.89",
        "200601": "20.02",
        "200602": "20.36",
        "200603": "19.56",
        "200604": "20.66",
        "200605": "20.72",
        "200606": "19.62",
        "200607": "19.77",
        "200608": "19.15",
        "200609": "16.49",
        "200610": "17.29",
        "200611": "16.65",
        "200612": "17.85",
        "200701": "17.66",
        "200702": "20.41",
        "200703": "22.56",
        "200704": "24.11",
        "200705": "22.48",
        "200706": "23.70",
        "200707": "25.95",
        "200708": "23.09",
        "200709": "24.93",
        "200710": "27.91",
        "200711": "25.54",
        "200712": "23.88",
        "200801": "22.52",
        "200802": "20.18",
        "200803": "22.12",
        "200804": "24.01",
        "200805": "23.86",
        "200806": "22.01",
        "200807": "19.03",
        "200808": "18.03",
        "200809": "12.58",
        "200810": "8.95",
        "200811": "10.74",
        "200812": "10.67",
        "200901": "9.91",
        "200902": "9.21",
        "200903": "9.95",
        "200904": "11.98",
        "200905": "12.66",
        "200906": "12.47",
        "200907": "12.39",
        "200908": "12.67",
        "200909": "12.75",
        "200910": "12.25",
        "200911": "11.60",
        "200912": "11.67",
        "201001": "12.33",
        "201002": "10.86",
        "201003": "12.12",
        "201004": "12.25",
        "201005": "12.63",
        "201006": "13.98",
        "201007": "19.32",
        "201008": "21.43",
        "201009": "19.97",
        "201010": "21.27",
        "201011": "23.27",
        "201012": "25.05",
        "201101": "29.37",
        "201102": "26.51",
        "201103": "24.28",
        "201104": "24.36",
        "201105": "25.09",
        "201106": "22.29",
        "201107": "19.80",
        "201108": "16.65",
        "201109": "14.82",
        "201110": "12.18",
        "201111": "11.82",
        "201112": "11.14",
        "201201": "12.83",
        "201202": "16.26",
        "201203": "16.77",
        "201204": "14.02",
        "201205": "12.41",
        "201206": "12.43",
        "201207": "12.84",
        "201208": "12.71",
        "201209": "12.13",
        "201210": "11.85",
        "201211": "11.59",
        "201212": "12.93",
        "201301": "14.48",
        "201302": "14.19",
        "201303": "14.24",
        "201304": "13.37",
        "201305": "13.00",
        "201306": "12.34",
        "201307": "12.54",
        "201308": "13.04",
        "201309": "13.64",
        "201310": "13.29",
        "201311": "12.65",
        "201312": "13.17",
        "201401": "13.57",
        "201402": "12.84",
        "201403": "12.61",
        "201404": "12.77",
        "201405": "12.46",
        "201406": "12.22",
        "201407": "12.28",
        "201408": "12.84",
        "201409": "13.60",
        "201410": "13.41",
        "201411": "13.74",
        "201412": "14.83",
        "201501": "16.98",
        "201502": "16.32",
        "201503": "17.89",
        "201504": "17.18",
        "201505": "13.85",
        "201506": "10.99",
        "201507": "11.38",
        "201508": "10.58",
        "201509": "10.08",
        "201510": "10.00",
        "201511": "9.17",
        "201512": "8.16",
        "201601": "7.88",
        "201602": "8.30",
        "201603": "8.82",
        "201604": "8.54",
        "201605": "7.90",
        "201606": "7.75",
        "201607": "7.64",
        "201608": "7.27",
        "201609": "7.22",
        "201610": "6.98",
        "201611": "6.10",
        "201612": "4.93",
        "201701": "5.26",
        "201702": "6.21",
        "201703": "7.10",
        "201704": "6.75",
        "201705": "11.89",
        "201706": "12.59",
        "201707": "13.43",
        "201708": "15.29",
        "201709": "14.70",
        "201710": "12.45",
        "201711": "12.15",
        "201712": "11.42",
        "201801": "11.93",
        "201802": "10.51",
        "201803": "10.75",
        "201804": "10.31",
        "201805": "9.77",
        "201806": "9.49",
        "201807": "9.04",
        "201808": "8.89",
        "201809": "8.68",
        "201810": "8.29",
        "201811": "8.53",
        "201812": "8.97",
        "201901": "8.83",
        "201902": "8.93",
        "201903": "8.86",
        "201904": "8.77",
        "201905": "8.30",
        "201906": "8.08",
        "201907": "8.71",
        "201908": "8.14",
        "201909": "7.96",
        "201910": "7.65",
        "201911": "7.30",
        "201912": "7.30",
        "202001": "7.17",
        "202002": "6.74",
        "202003": "5.74",
        "202004": "5.55",
        "202005": "6.48",
        "202006": "6.61",
        "202007": "6.37",
        "202008": "7.93",
        "202009": "10.30",
        "202010": "10.71",
        "202011": "12.89",
        "202012": "17.93",
        "202101": "24.44",
        "202102": "24.74",
        "202103": "31.01",
        "202104": "54.80",
        "202105": "88.65",
        "202106": "134.62",
        "202107": "170.23",
        "202108": "131.30",
        "202109": "121.28",
        "202110": "92.39",
        "202111": "109.25",
        "202112": "123.39",
        "202201": "107.20",
        "202202": "113.20",
        "202203": "126.35",
        "202204": "122.84",
        "202205": "124.21",
        "202206": "112.05",
        "202207": "85.31",
        "202208": "86.34",
        "202209": "68.24",
        "202210": "62.34",
        "202211": "63.35",
        "202212": "64.05",
        "202301": "62.74",
        "202302": "61.76",
        "202303": "65.67",
        "202304": "65.14",
        "202305": "61.15",
        "202306": "62.32",
        "202307": "48.68",
        "202308": "44.02",
        "202309": "44.42",
        "202310": "43.02",
        "202311": "42.02",
        "202312": "47.80"
    },
    "quarters": {
        "20011": {
            "year_quarter": 20011,
            "year": 2001,
            "quarter": 1,
            "eps": null,
            "eps_growth_year": null,
            "eps_4q": null,
            "eps_4q_growth_year": null,
            "roe": null,
            "roe_4q": 0,
            "gross_profit": null,
            "gross_margin": null,
            "gross_margin_4q_avg": 0,
            "net_income": null,
            "net_income_4q": null,
            "revenue": null,
            "revenue_4q": null,
            "common_shares": null,
            "book_valuer_per_share": null,
            "book_valuer_per_share_4q_avg": 0,
            "equity": null,
            "current_ratio": null,
            "debt_ratio": null,
            "inventory_turnover_ratio": null,
            "account_receivable_turnover_ratio": null,
            "reinvestment_rate": null,
            "research_to_sale_ratio": null,
            "price_fair": 0,
            "eps_avg_yearly": 0,
            "eps_latest_yearly": 0,
            "eps_growth_yearly": 0
        },
        "20012": {
            "year_quarter": 20012,
            "year": 2001,
            "quarter": 2,
            "eps": null,
            "eps_growth_year": null,
            "eps_4q": null,
            "eps_4q_growth_year": null,
            "roe": null,
            "roe_4q": 0,
            "gross_profit": null,
            "gross_margin": null,
            "gross_margin_4q_avg": 0,
            "net_income": null,
            "net_income_4q": null,
            "revenue": null,
            "revenue_4q": null,
            "common_shares": null,
            "book_valuer_per_share": null,
            "book_valuer_per_share_4q_avg": 0,
            "equity": null,
            "current_ratio": null,
            "debt_ratio": null,
            "inventory_turnover_ratio": null,
            "account_receivable_turnover_ratio": null,
            "reinvestment_rate": null,
            "research_to_sale_ratio": null,
            "price_fair": 0,
            "eps_avg_yearly": 0,
            "eps_latest_yearly": 0,
            "eps_growth_yearly": 0
        },
        "20013": {
            "year_quarter": 20013,
            "year": 2001,
            "quarter": 3,
            "eps": null,
            "eps_growth_year": null,
            "eps_4q": null,
            "eps_4q_growth_year": null,
            "roe": null,
            "roe_4q": 0,
            "gross_profit": null,
            "gross_margin": null,
            "gross_margin_4q_avg": 0,
            "net_income": null,
            "net_income_4q": null,
            "revenue": null,
            "revenue_4q": null,
            "common_shares": null,
            "book_valuer_per_share": null,
            "book_valuer_per_share_4q_avg": 0,
            "equity": null,
            "current_ratio": null,
            "debt_ratio": null,
            "inventory_turnover_ratio": null,
            "account_receivable_turnover_ratio": null,
            "reinvestment_rate": null,
            "research_to_sale_ratio": null,
            "price_fair": 0,
            "eps_avg_yearly": 0,
            "eps_latest_yearly": 0,
            "eps_growth_yearly": 0
        },
        "20014": {
            "year_quarter": 20014,
            "year": 2001,
            "quarter": 4,
            "eps": null,
            "eps_growth_year": null,
            "eps_4q": null,
            "eps_4q_growth_year": null,
            "roe": null,
            "roe_4q": 0,
            "gross_profit": null,
            "gross_margin": null,
            "gross_margin_4q_avg": 0,
            "net_income": null,
            "net_income_4q": null,
            "revenue": null,
            "revenue_4q": null,
            "common_shares": 18343160,
            "book_valuer_per_share": 13.11,
            "book_valuer_per_share_4q_avg": 3.28,
            "equity": 24053031,
            "current_ratio": 98.27,
            "debt_ratio": 59.56,
            "inventory_turnover_ratio": null,
            "account_receivable_turnover_ratio": null,
            "reinvestment_rate": null,
            "research_to_sale_ratio": null,
            "price_fair": 0,
            "eps_avg_yearly": 0,
            "eps_latest_yearly": 0,
            "eps_growth_yearly": 0
        },
        "20021": {
            "year_quarter": 20021,
            "year": 2002,
            "quarter": 1,
            "eps": null,
            "eps_growth_year": null,
            "eps_4q": null,
            "eps_4q_growth_year": null,
            "roe": null,
            "roe_4q": 0,
            "gross_profit": null,
            "gross_margin": null,
            "gross_margin_4q_avg": 0,
            "net_income": null,
            "net_income_4q": null,
            "revenue": null,
            "revenue_4q": null,
            "common_shares": null,
            "book_valuer_per_share": null,
            "book_valuer_per_share_4q_avg": 3.28,
            "equity": null,
            "current_ratio": null,
            "debt_ratio": null,
            "inventory_turnover_ratio": null,
            "account_receivable_turnover_ratio": null,
            "reinvestment_rate": null,
            "research_to_sale_ratio": null,
            "price_fair": 0,
            "eps_avg_yearly": 0,
            "eps_latest_yearly": 0,
            "eps_growth_yearly": 0
        },
        "20022": {
            "year_quarter": 20022,
            "year": 2002,
            "quarter": 2,
            "eps": null,
            "eps_growth_year": null,
            "eps_4q": null,
            "eps_4q_growth_year": null,
            "roe": null,
            "roe_4q": 0,
            "gross_profit": null,
            "gross_margin": null,
            "gross_margin_4q_avg": 0,
            "net_income": null,
            "net_income_4q": null,
            "revenue": null,
            "revenue_4q": null,
            "common_shares": null,
            "book_valuer_per_share": null,
            "book_valuer_per_share_4q_avg": 3.28,
            "equity": null,
            "current_ratio": null,
            "debt_ratio": null,
            "inventory_turnover_ratio": null,
            "account_receivable_turnover_ratio": null,
            "reinvestment_rate": null,
            "research_to_sale_ratio": null,
            "price_fair": 0,
            "eps_avg_yearly": 0,
            "eps_latest_yearly": 0,
            "eps_growth_yearly": 0
        },
        "20023": {
            "year_quarter": 20023,
            "year": 2002,
            "quarter": 3,
            "eps": null,
            "eps_growth_year": null,
            "eps_4q": null,
            "eps_4q_growth_year": null,
            "roe": null,
            "roe_4q": 0,
            "gross_profit": null,
            "gross_margin": null,
            "gross_margin_4q_avg": 0,
            "net_income": null,
            "net_income_4q": null,
            "revenue": null,
            "revenue_4q": null,
            "common_shares": null,
            "book_valuer_per_share": null,
            "book_valuer_per_share_4q_avg": 3.28,
            "equity": null,
            "current_ratio": null,
            "debt_ratio": null,
            "inventory_turnover_ratio": null,
            "account_receivable_turnover_ratio": null,
            "reinvestment_rate": null,
            "research_to_sale_ratio": null,
            "price_fair": 0,
            "eps_avg_yearly": 0,
            "eps_latest_yearly": 0,
            "eps_growth_yearly": 0
        },
        "20024": {
            "year_quarter": 20024,
            "year": 2002,
            "quarter": 4,
            "eps": null,
            "eps_growth_year": null,
            "eps_4q": null,
            "eps_4q_growth_year": null,
            "roe": null,
            "roe_4q": 0,
            "gross_profit": null,
            "gross_margin": null,
            "gross_margin_4q_avg": 0,
            "net_income": null,
            "net_income_4q": null,
            "revenue": null,
            "revenue_4q": null,
            "common_shares": 18343160,
            "book_valuer_per_share": 13.28,
            "book_valuer_per_share_4q_avg": 3.32,
            "equity": 24356984,
            "current_ratio": 169.14,
            "debt_ratio": 59.15,
            "inventory_turnover_ratio": null,
            "account_receivable_turnover_ratio": null,
            "reinvestment_rate": null,
            "research_to_sale_ratio": null,
            "price_fair": 0,
            "eps_avg_yearly": 0,
            "eps_latest_yearly": 0,
            "eps_growth_yearly": 0
        },
        "20031": {
            "year_quarter": 20031,
            "year": 2003,
            "quarter": 1,
            "eps": 0.38,
            "eps_growth_year": null,
            "eps_4q": null,
            "eps_4q_growth_year": null,
            "roe": 2.71,
            "roe_4q": 2.71,
            "gross_profit": 912433,
            "gross_margin": 7.25,
            "gross_margin_4q_avg": 1.81,
            "net_income": 670222,
            "net_income_4q": null,
            "revenue": 12583924,
            "revenue_4q": null,
            "common_shares": 18343160,
            "book_valuer_per_share": 13.67,
            "book_valuer_per_share_4q_avg": 6.74,
            "equity": 25069439,
            "current_ratio": 235.76,
            "debt_ratio": 43.97,
            "inventory_turnover_ratio": null,
            "account_receivable_turnover_ratio": null,
            "reinvestment_rate": null,
            "research_to_sale_ratio": null,
            "price_fair": 0,
            "eps_avg_yearly": 0,
            "eps_latest_yearly": 0,
            "eps_growth_yearly": 0
        },
        "20032": {
            "year_quarter": 20032,
            "year": 2003,
            "quarter": 2,
            "eps": 0.93,
            "eps_growth_year": null,
            "eps_4q": null,
            "eps_4q_growth_year": null,
            "roe": 6.43,
            "roe_4q": 9.14,
            "gross_profit": 1491735,
            "gross_margin": 9.66,
            "gross_margin_4q_avg": 4.23,
            "net_income": 1652569,
            "net_income_4q": null,
            "revenue": 15440749,
            "revenue_4q": null,
            "common_shares": 18343160,
            "book_valuer_per_share": 14.34,
            "book_valuer_per_share_4q_avg": 10.32,
            "equity": 26295716,
            "current_ratio": 210.33,
            "debt_ratio": 45.04,
            "inventory_turnover_ratio": null,
            "account_receivable_turnover_ratio": null,
            "reinvestment_rate": null,
            "research_to_sale_ratio": null,
            "price_fair": 130.2,
            "eps_avg_yearly": 3.72,
            "eps_latest_yearly": 3.72,
            "eps_growth_yearly": 578.95
        },
        "20033": {
            "year_quarter": 20033,
            "year": 2003,
            "quarter": 3,
            "eps": 1.4,
            "eps_growth_year": null,
            "eps_4q": null,
            "eps_4q_growth_year": null,
            "roe": 9.01,
            "roe_4q": 18.15,
            "gross_profit": 2215559,
            "gross_margin": 12.4,
            "gross_margin_4q_avg": 7.33,
            "net_income": 2487970,
            "net_income_4q": null,
            "revenue": 17867597,
            "revenue_4q": null,
            "common_shares": 18533582,
            "book_valuer_per_share": 15.59,
            "book_valuer_per_share_4q_avg": 14.22,
            "equity": 28902092,
            "current_ratio": 336.43,
            "debt_ratio": 51.27,
            "inventory_turnover_ratio": null,
            "account_receivable_turnover_ratio": null,
            "reinvestment_rate": null,
            "research_to_sale_ratio": null,
            "price_fair": 163.1,
            "eps_avg_yearly": 4.66,
            "eps_latest_yearly": 5.6,
            "eps_growth_yearly": 390.55
        },
        "20034": {
            "year_quarter": 20034,
            "year": 2003,
            "quarter": 4,
            "eps": 1.02,
            "eps_growth_year": null,
            "eps_4q": 3.69,
            "eps_4q_growth_year": null,
            "roe": 5.91,
            "roe_4q": 24.060000000000002,
            "gross_profit": 1664386,
            "gross_margin": 9.77,
            "gross_margin_4q_avg": 9.77,
            "net_income": 1838336,
            "net_income_4q": null,
            "revenue": 17039746,
            "revenue_4q": null,
            "common_shares": 19467065,
            "book_valuer_per_share": 17.1,
            "book_valuer_per_share_4q_avg": 15.18,
            "equity": 33289944,
            "current_ratio": 237.78,
            "debt_ratio": 54.68,
            "inventory_turnover_ratio": null,
            "account_receivable_turnover_ratio": null,
            "reinvestment_rate": null,
            "research_to_sale_ratio": null,
            "price_fair": 156.33,
            "eps_avg_yearly": 4.47,
            "eps_latest_yearly": 4.08,
            "eps_growth_yearly": 224.18
        },
        "20041": {
            "year_quarter": 20041,
            "year": 2004,
            "quarter": 1,
            "eps": 0.81,
            "eps_growth_year": 113.16,
            "eps_4q": 3.88,
            "eps_4q_growth_year": null,
            "roe": 4.44,
            "roe_4q": 25.79,
            "gross_profit": 889739,
            "gross_margin": 5.48,
            "gross_margin_4q_avg": 9.33,
            "net_income": 1579189,
            "net_income_4q": null,
            "revenue": 16234306,
            "revenue_4q": null,
            "common_shares": 20507743,
            "book_valuer_per_share": 18.49,
            "book_valuer_per_share_4q_avg": 16.38,
            "equity": 37914557,
            "current_ratio": 342.18,
            "debt_ratio": 40.3,
            "inventory_turnover_ratio": null,
            "account_receivable_turnover_ratio": null,
            "reinvestment_rate": null,
            "research_to_sale_ratio": null,
            "price_fair": 145.6,
            "eps_avg_yearly": 4.16,
            "eps_latest_yearly": 3.24,
            "eps_growth_yearly": 147.54
        },
        "20042": {
            "year_quarter": 20042,
            "year": 2004,
            "quarter": 2,
            "eps": 1.22,
            "eps_growth_year": 31.18,
            "eps_4q": 4.18,
            "eps_4q_growth_year": null,
            "roe": 6.62,
            "roe_4q": 25.979999999999997,
            "gross_profit": 2302550,
            "gross_margin": 12.06,
            "gross_margin_4q_avg": 9.93,
            "net_income": 2438051,
            "net_income_4q": null,
            "revenue": 19086578,
            "revenue_4q": null,
            "common_shares": 20519032,
            "book_valuer_per_share": 17.41,
            "book_valuer_per_share_4q_avg": 17.15,
            "equity": 35719689,
            "current_ratio": 221.46,
            "debt_ratio": 47.38,
            "inventory_turnover_ratio": null,
            "account_receivable_turnover_ratio": null,
            "reinvestment_rate": null,
            "research_to_sale_ratio": null,
            "price_fair": 150.64,
            "eps_avg_yearly": 4.3,
            "eps_latest_yearly": 4.88,
            "eps_growth_yearly": 158.53
        },
        "20043": {
            "year_quarter": 20043,
            "year": 2004,
            "quarter": 3,
            "eps": 1.42,
            "eps_growth_year": 1.43,
            "eps_4q": 4.18,
            "eps_4q_growth_year": null,
            "roe": 7.9,
            "roe_4q": 24.87,
            "gross_profit": 3071704,
            "gross_margin": 13.99,
            "gross_margin_4q_avg": 10.33,
            "net_income": 3007220,
            "net_income_4q": null,
            "revenue": 21959658,
            "revenue_4q": null,
            "common_shares": 22467381,
            "book_valuer_per_share": 18,
            "book_valuer_per_share_4q_avg": 17.75,
            "equity": 40432284,
            "current_ratio": 213.69,
            "debt_ratio": 43.64,
            "inventory_turnover_ratio": null,
            "account_receivable_turnover_ratio": null,
            "reinvestment_rate": null,
            "research_to_sale_ratio": null,
            "price_fair": 158.67,
            "eps_avg_yearly": 4.53,
            "eps_latest_yearly": 5.68,
            "eps_growth_yearly": 143.04
        },
        "20044": {
            "year_quarter": 20044,
            "year": 2004,
            "quarter": 4,
            "eps": 1.29,
            "eps_growth_year": 26.47,
            "eps_4q": 4.56,
            "eps_4q_growth_year": 23.55,
            "roe": 6.58,
            "roe_4q": 25.540000000000003,
            "gross_profit": 1811094,
            "gross_margin": 8.56,
            "gross_margin_4q_avg": 10.02,
            "net_income": 2772804,
            "net_income_4q": null,
            "revenue": 21148732,
            "revenue_4q": null,
            "common_shares": 22687545,
            "book_valuer_per_share": 19.32,
            "book_valuer_per_share_4q_avg": 18.31,
            "equity": 43837568,
            "current_ratio": 235.52,
            "debt_ratio": 51.32,
            "inventory_turnover_ratio": null,
            "account_receivable_turnover_ratio": null,
            "reinvestment_rate": null,
            "research_to_sale_ratio": null,
            "price_fair": 161.8,
            "eps_avg_yearly": 4.62,
            "eps_latest_yearly": 5.16,
            "eps_growth_yearly": 117.37
        },
        "20051": {
            "year_quarter": 20051,
            "year": 2005,
            "quarter": 1,
            "eps": 0.8,
            "eps_growth_year": -1.23,
            "eps_4q": 4.45,
            "eps_4q_growth_year": 14.82,
            "roe": 4.02,
            "roe_4q": 25.12,
            "gross_profit": 1106640,
            "gross_margin": 5.91,
            "gross_margin_4q_avg": 10.13,
            "net_income": 1800630,
            "net_income_4q": null,
            "revenue": 18717505,
            "revenue_4q": null,
            "common_shares": 22761030,
            "book_valuer_per_share": 20.11,
            "book_valuer_per_share_4q_avg": 18.71,
            "equity": 45782233,
            "current_ratio": 330.46,
            "debt_ratio": 43.7,
            "inventory_turnover_ratio": null,
            "account_receivable_turnover_ratio": null,
            "reinvestment_rate": null,
            "research_to_sale_ratio": null,
            "price_fair": 155.58,
            "eps_avg_yearly": 4.45,
            "eps_latest_yearly": 3.2,
            "eps_growth_yearly": 83.71
        },
        "20052": {
            "year_quarter": 20052,
            "year": 2005,
            "quarter": 2,
            "eps": 1.33,
            "eps_growth_year": 9.02,
            "eps_4q": 4.7,
            "eps_4q_growth_year": 12.69,
            "roe": 6.79,
            "roe_4q": 25.29,
            "gross_profit": 1592851,
            "gross_margin": 7.63,
            "gross_margin_4q_avg": 9.02,
            "net_income": 2987381,
            "net_income_4q": null,
            "revenue": 20869230,
            "revenue_4q": null,
            "common_shares": 22891279,
            "book_valuer_per_share": 18.42,
            "book_valuer_per_share_4q_avg": 18.96,
            "equity": 42175306,
            "current_ratio": 231.94,
            "debt_ratio": 48.16,
            "inventory_turnover_ratio": null,
            "account_receivable_turnover_ratio": null,
            "reinvestment_rate": null,
            "research_to_sale_ratio": null,
            "price_fair": 158.98,
            "eps_avg_yearly": 4.54,
            "eps_latest_yearly": 5.32,
            "eps_growth_yearly": 103.85
        },
        "20053": {
            "year_quarter": 20053,
            "year": 2005,
            "quarter": 3,
            "eps": 1.36,
            "eps_growth_year": -4.23,
            "eps_4q": 4.73,
            "eps_4q_growth_year": 13.01,
            "roe": 6.95,
            "roe_4q": 24.339999999999996,
            "gross_profit": 1911621,
            "gross_margin": 8.42,
            "gross_margin_4q_avg": 7.63,
            "net_income": 3051565,
            "net_income_4q": null,
            "revenue": 22697568,
            "revenue_4q": null,
            "common_shares": 22898167,
            "book_valuer_per_share": 19.95,
            "book_valuer_per_share_4q_avg": 19.45,
            "equity": 45684609,
            "current_ratio": 232.27,
            "debt_ratio": 46.56,
            "inventory_turnover_ratio": null,
            "account_receivable_turnover_ratio": null,
            "reinvestment_rate": null,
            "research_to_sale_ratio": null,
            "price_fair": 162.12,
            "eps_avg_yearly": 4.63,
            "eps_latest_yearly": 5.44,
            "eps_growth_yearly": 94.37
        },
        "20054": {
            "year_quarter": 20054,
            "year": 2005,
            "quarter": 4,
            "eps": 0.63,
            "eps_growth_year": -51.16,
            "eps_4q": 4.1,
            "eps_4q_growth_year": -10.05,
            "roe": 3.05,
            "roe_4q": 20.81,
            "gross_profit": 349671,
            "gross_margin": 1.6,
            "gross_margin_4q_avg": 5.89,
            "net_income": 1423378,
            "net_income_4q": null,
            "revenue": 21871638,
            "revenue_4q": null,
            "common_shares": 22898167,
            "book_valuer_per_share": 20.61,
            "book_valuer_per_share_4q_avg": 19.77,
            "equity": 47523638,
            "current_ratio": 205.24,
            "debt_ratio": 48.1,
            "inventory_turnover_ratio": null,
            "account_receivable_turnover_ratio": null,
            "reinvestment_rate": null,
            "research_to_sale_ratio": null,
            "price_fair": 155.4,
            "eps_avg_yearly": 4.44,
            "eps_latest_yearly": 2.52,
            "eps_growth_yearly": 66.27
        },
        "20061": {
            "year_quarter": 20061,
            "year": 2006,
            "quarter": 1,
            "eps": 0.2,
            "eps_growth_year": -75,
            "eps_4q": 3.49,
            "eps_4q_growth_year": -21.58,
            "roe": 0.95,
            "roe_4q": 17.74,
            "gross_profit": -477331,
            "gross_margin": -2.46,
            "gross_margin_4q_avg": 3.8,
            "net_income": 453576,
            "net_income_4q": null,
            "revenue": 19439332,
            "revenue_4q": null,
            "common_shares": 22898344,
            "book_valuer_per_share": 20.95,
            "book_valuer_per_share_4q_avg": 19.98,
            "equity": 47975132,
            "current_ratio": 271.77,
            "debt_ratio": 40.86,
            "inventory_turnover_ratio": null,
            "account_receivable_turnover_ratio": null,
            "reinvestment_rate": null,
            "research_to_sale_ratio": null,
            "price_fair": 144.78,
            "eps_avg_yearly": 4.14,
            "eps_latest_yearly": 0.8,
            "eps_growth_yearly": 38
        },
        "20062": {
            "year_quarter": 20062,
            "year": 2006,
            "quarter": 2,
            "eps": 0.25,
            "eps_growth_year": -81.2,
            "eps_4q": 2.39,
            "eps_4q_growth_year": -49.27,
            "roe": 1.27,
            "roe_4q": 12.219999999999999,
            "gross_profit": 818109,
            "gross_margin": 3.58,
            "gross_margin_4q_avg": 2.79,
            "net_income": 576564,
            "net_income_4q": null,
            "revenue": 22825766,
            "revenue_4q": null,
            "common_shares": 22898344,
            "book_valuer_per_share": 18.65,
            "book_valuer_per_share_4q_avg": 20.04,
            "equity": 42704926,
            "current_ratio": 167.22,
            "debt_ratio": 47.11,
            "inventory_turnover_ratio": null,
            "account_receivable_turnover_ratio": null,
            "reinvestment_rate": null,
            "research_to_sale_ratio": null,
            "price_fair": 136.34,
            "eps_avg_yearly": 3.9,
            "eps_latest_yearly": 1,
            "eps_growth_yearly": 42.77
        },
        "20063": {
            "year_quarter": 20063,
            "year": 2006,
            "quarter": 3,
            "eps": 0.02,
            "eps_growth_year": -98.53,
            "eps_4q": 0.93,
            "eps_4q_growth_year": -80.34,
            "roe": 0.13,
            "roe_4q": 5.3999999999999995,
            "gross_profit": -147209,
            "gross_margin": -0.6,
            "gross_margin_4q_avg": 0.53,
            "net_income": 53943,
            "net_income_4q": null,
            "revenue": 24573154,
            "revenue_4q": null,
            "common_shares": 22898344,
            "book_valuer_per_share": 18.74,
            "book_valuer_per_share_4q_avg": 19.74,
            "equity": 42911678,
            "current_ratio": 122.29,
            "debt_ratio": 48.09,
            "inventory_turnover_ratio": null,
            "account_receivable_turnover_ratio": null,
            "reinvestment_rate": null,
            "research_to_sale_ratio": null,
            "price_fair": 84.87,
            "eps_avg_yearly": 3.62,
            "eps_latest_yearly": 0.08,
            "eps_growth_yearly": 13.43
        },
        "20064": {
            "year_quarter": 20064,
            "year": 2006,
            "quarter": 4,
            "eps": 0.03,
            "eps_growth_year": -95.24,
            "eps_4q": 0.58,
            "eps_4q_growth_year": -85.84,
            "roe": 0.14,
            "roe_4q": 2.49,
            "gross_profit": -167612,
            "gross_margin": -0.67,
            "gross_margin_4q_avg": -0.04,
            "net_income": 59072,
            "net_income_4q": null,
            "revenue": 25201633,
            "revenue_4q": null,
            "common_shares": 22898344,
            "book_valuer_per_share": 18.71,
            "book_valuer_per_share_4q_avg": 19.26,
            "equity": 43210021,
            "current_ratio": 136.83,
            "debt_ratio": 55.08,
            "inventory_turnover_ratio": null,
            "account_receivable_turnover_ratio": null,
            "reinvestment_rate": 97.52,
            "research_to_sale_ratio": null,
            "price_fair": 118.63,
            "eps_avg_yearly": 3.39,
            "eps_latest_yearly": 0.12,
            "eps_growth_yearly": 25.86
        },
        "20071": {
            "year_quarter": 20071,
            "year": 2007,
            "quarter": 1,
            "eps": -0.18,
            "eps_growth_year": -190,
            "eps_4q": 0.13,
            "eps_4q_growth_year": -96.34,
            "roe": -0.93,
            "roe_4q": 0.61,
            "gross_profit": -740582,
            "gross_margin": -3.07,
            "gross_margin_4q_avg": -0.19,
            "net_income": -403284,
            "net_income_4q": null,
            "revenue": 24126927,
            "revenue_4q": null,
            "common_shares": 22942113,
            "book_valuer_per_share": 18.88,
            "book_valuer_per_share_4q_avg": 18.75,
            "equity": 43305063,
            "current_ratio": 108.53,
            "debt_ratio": 48.15,
            "inventory_turnover_ratio": null,
            "account_receivable_turnover_ratio": null,
            "reinvestment_rate": 19.2,
            "research_to_sale_ratio": null,
            "price_fair": 118.63,
            "eps_avg_yearly": 3.39,
            "eps_latest_yearly": 0.12,
            "eps_growth_yearly": 25.86
        },
        "20072": {
            "year_quarter": 20072,
            "year": 2007,
            "quarter": 2,
            "eps": 0.69,
            "eps_growth_year": 176,
            "eps_4q": 0.56,
            "eps_4q_growth_year": -76.4,
            "roe": 3.63,
            "roe_4q": 2.9699999999999998,
            "gross_profit": 7197,
            "gross_margin": 0.03,
            "gross_margin_4q_avg": -1.08,
            "net_income": 1579872,
            "net_income_4q": null,
            "revenue": 27517361,
            "revenue_4q": null,
            "common_shares": 22990052,
            "book_valuer_per_share": 19.01,
            "book_valuer_per_share_4q_avg": 18.84,
            "equity": 43704481,
            "current_ratio": 111.11,
            "debt_ratio": 48.28,
            "inventory_turnover_ratio": null,
            "account_receivable_turnover_ratio": null,
            "reinvestment_rate": 15.18,
            "research_to_sale_ratio": null,
            "price_fair": 10.1,
            "eps_avg_yearly": 3.37,
            "eps_latest_yearly": 0.12,
            "eps_growth_yearly": -13.64
        },
        "20073": {
            "year_quarter": 20073,
            "year": 2007,
            "quarter": 3,
            "eps": 0.97,
            "eps_growth_year": 4750,
            "eps_4q": 1.5,
            "eps_4q_growth_year": 61.49,
            "roe": 4.87,
            "roe_4q": 7.71,
            "gross_profit": 1907990,
            "gross_margin": 6.11,
            "gross_margin_4q_avg": 0.6,
            "net_income": 2255964,
            "net_income_4q": null,
            "revenue": 31251905,
            "revenue_4q": null,
            "common_shares": 23023519,
            "book_valuer_per_share": 21.29,
            "book_valuer_per_share_4q_avg": 19.47,
            "equity": 49014335,
            "current_ratio": 99.46,
            "debt_ratio": 43.72,
            "inventory_turnover_ratio": null,
            "account_receivable_turnover_ratio": null,
            "reinvestment_rate": 20.45,
            "research_to_sale_ratio": null,
            "price_fair": 9.73,
            "eps_avg_yearly": 3.24,
            "eps_latest_yearly": 3.88,
            "eps_growth_yearly": -16.49
        },
        "20074": {
            "year_quarter": 20074,
            "year": 2007,
            "quarter": 4,
            "eps": 1.12,
            "eps_growth_year": 3633.33,
            "eps_4q": 2.61,
            "eps_4q_growth_year": 348.82,
            "roe": 5.18,
            "roe_4q": 12.75,
            "gross_profit": 3038431,
            "gross_margin": 9.7,
            "gross_margin_4q_avg": 3.19,
            "net_income": 2587732,
            "net_income_4q": null,
            "revenue": 31324062,
            "revenue_4q": null,
            "common_shares": 23286982,
            "book_valuer_per_share": 21.66,
            "book_valuer_per_share_4q_avg": 20.21,
            "equity": 50894372,
            "current_ratio": 124,
            "debt_ratio": 54.94,
            "inventory_turnover_ratio": null,
            "account_receivable_turnover_ratio": null,
            "reinvestment_rate": 135.79,
            "research_to_sale_ratio": null,
            "price_fair": 9.81,
            "eps_avg_yearly": 3.27,
            "eps_latest_yearly": 4.48,
            "eps_growth_yearly": -4.31
        },
        "20081": {
            "year_quarter": 20081,
            "year": 2008,
            "quarter": 1,
            "eps": 0.23,
            "eps_growth_year": null,
            "eps_4q": 2.97,
            "eps_4q_growth_year": 2221.79,
            "roe": 1.06,
            "roe_4q": 14.739999999999998,
            "gross_profit": 1948938,
            "gross_margin": 5.76,
            "gross_margin_4q_avg": 5.4,
            "net_income": 539139,
            "net_income_4q": null,
            "revenue": 33852248,
            "revenue_4q": null,
            "common_shares": 23289621,
            "book_valuer_per_share": 21.8,
            "book_valuer_per_share_4q_avg": 20.94,
            "equity": 51229750,
            "current_ratio": 120.43,
            "debt_ratio": 53.13,
            "inventory_turnover_ratio": null,
            "account_receivable_turnover_ratio": null,
            "reinvestment_rate": 218.62,
            "research_to_sale_ratio": null,
            "price_fair": 9.32,
            "eps_avg_yearly": 3.11,
            "eps_latest_yearly": 0.92,
            "eps_growth_yearly": -21.14
        },
        "20082": {
            "year_quarter": 20082,
            "year": 2008,
            "quarter": 2,
            "eps": 0.33,
            "eps_growth_year": -52.17,
            "eps_4q": 2.63,
            "eps_4q_growth_year": 367.25,
            "roe": 1.53,
            "roe_4q": 12.64,
            "gross_profit": 2881038,
            "gross_margin": 8.51,
            "gross_margin_4q_avg": 7.52,
            "net_income": 769546,
            "net_income_4q": null,
            "revenue": 33841386,
            "revenue_4q": null,
            "common_shares": 23295611,
            "book_valuer_per_share": 20.95,
            "book_valuer_per_share_4q_avg": 21.43,
            "equity": 49243856,
            "current_ratio": 102.28,
            "debt_ratio": 57.23,
            "inventory_turnover_ratio": null,
            "account_receivable_turnover_ratio": null,
            "reinvestment_rate": 231.83,
            "research_to_sale_ratio": null,
            "price_fair": 8.55,
            "eps_avg_yearly": 2.85,
            "eps_latest_yearly": 1.32,
            "eps_growth_yearly": -23.18
        },
        "20083": {
            "year_quarter": 20083,
            "year": 2008,
            "quarter": 3,
            "eps": 0.12,
            "eps_growth_year": -87.63,
            "eps_4q": 1.6,
            "eps_4q_growth_year": 6.26,
            "roe": 0.65,
            "roe_4q": 8.42,
            "gross_profit": 2012087,
            "gross_margin": 5.21,
            "gross_margin_4q_avg": 7.3,
            "net_income": 314978,
            "net_income_4q": null,
            "revenue": 38639772,
            "revenue_4q": null,
            "common_shares": 25624665,
            "book_valuer_per_share": 18.69,
            "book_valuer_per_share_4q_avg": 20.78,
            "equity": 48349441,
            "current_ratio": 106.9,
            "debt_ratio": 58.43,
            "inventory_turnover_ratio": null,
            "account_receivable_turnover_ratio": null,
            "reinvestment_rate": 271.21,
            "research_to_sale_ratio": null,
            "price_fair": 7.44,
            "eps_avg_yearly": 2.48,
            "eps_latest_yearly": 0.48,
            "eps_growth_yearly": -46.04
        },
        "20084": {
            "year_quarter": 20084,
            "year": 2008,
            "quarter": 4,
            "eps": -0.41,
            "eps_growth_year": -136.61,
            "eps_4q": 0.2,
            "eps_4q_growth_year": -92.34,
            "roe": -2.19,
            "roe_4q": 1.05,
            "gross_profit": -66734,
            "gross_margin": -0.21,
            "gross_margin_4q_avg": 4.82,
            "net_income": -1048083,
            "net_income_4q": null,
            "revenue": 31483896,
            "revenue_4q": null,
            "common_shares": 25624665,
            "book_valuer_per_share": 18.34,
            "book_valuer_per_share_4q_avg": 19.95,
            "equity": 47464147,
            "current_ratio": 87.07,
            "debt_ratio": 57.88,
            "inventory_turnover_ratio": null,
            "account_receivable_turnover_ratio": 23.45,
            "reinvestment_rate": 215.2,
            "research_to_sale_ratio": null,
            "price_fair": 6.82,
            "eps_avg_yearly": 2.27,
            "eps_latest_yearly": 0.48,
            "eps_growth_yearly": -46.77
        },
        "20091": {
            "year_quarter": 20091,
            "year": 2009,
            "quarter": 1,
            "eps": -1.21,
            "eps_growth_year": -626.09,
            "eps_4q": -1.2,
            "eps_4q_growth_year": -140.41,
            "roe": -6.72,
            "roe_4q": -6.7299999999999995,
            "gross_profit": -1996616,
            "gross_margin": -8.56,
            "gross_margin_4q_avg": 1.24,
            "net_income": -3104385,
            "net_income_4q": null,
            "revenue": 23322009,
            "revenue_4q": null,
            "common_shares": 25624665,
            "book_valuer_per_share": 17.36,
            "book_valuer_per_share_4q_avg": 18.84,
            "equity": 44919155,
            "current_ratio": 73.48,
            "debt_ratio": 62.1,
            "inventory_turnover_ratio": null,
            "account_receivable_turnover_ratio": 7.08,
            "reinvestment_rate": 530.67,
            "research_to_sale_ratio": null,
            "price_fair": 6.59,
            "eps_avg_yearly": 2.2,
            "eps_latest_yearly": 0.48,
            "eps_growth_yearly": -38
        },
        "20092": {
            "year_quarter": 20092,
            "year": 2009,
            "quarter": 2,
            "eps": -1.5,
            "eps_growth_year": -554.55,
            "eps_4q": -3,
            "eps_4q_growth_year": -213.91,
            "roe": -8.86,
            "roe_4q": -17.12,
            "gross_profit": -3379996,
            "gross_margin": -17.78,
            "gross_margin_4q_avg": -5.34,
            "net_income": -3847861,
            "net_income_4q": null,
            "revenue": 19010885,
            "revenue_4q": null,
            "common_shares": 25624665,
            "book_valuer_per_share": 16.2,
            "book_valuer_per_share_4q_avg": 17.65,
            "equity": 41917964,
            "current_ratio": 72.83,
            "debt_ratio": 64.77,
            "inventory_turnover_ratio": null,
            "account_receivable_turnover_ratio": 6.94,
            "reinvestment_rate": 1185.42,
            "research_to_sale_ratio": null,
            "price_fair": 5.74,
            "eps_avg_yearly": 1.91,
            "eps_latest_yearly": 0.48,
            "eps_growth_yearly": -65.55
        },
        "20093": {
            "year_quarter": 20093,
            "year": 2009,
            "quarter": 3,
            "eps": -1.47,
            "eps_growth_year": -1325,
            "eps_4q": -4.59,
            "eps_4q_growth_year": -387.65,
            "roe": -9.45,
            "roe_4q": -27.22,
            "gross_profit": -3103001,
            "gross_margin": -14.22,
            "gross_margin_4q_avg": -10.19,
            "net_income": -3747317,
            "net_income_4q": null,
            "revenue": 21823547,
            "revenue_4q": null,
            "common_shares": 25624665,
            "book_valuer_per_share": 14.44,
            "book_valuer_per_share_4q_avg": 16.59,
            "equity": 37381217,
            "current_ratio": 73.95,
            "debt_ratio": 67.89,
            "inventory_turnover_ratio": null,
            "account_receivable_turnover_ratio": 7.74,
            "reinvestment_rate": null,
            "research_to_sale_ratio": null,
            "price_fair": 4.68,
            "eps_avg_yearly": 1.56,
            "eps_latest_yearly": 0.48,
            "eps_growth_yearly": -73
        },
        "20094": {
            "year_quarter": 20094,
            "year": 2009,
            "quarter": 4,
            "eps": -2,
            "eps_growth_year": null,
            "eps_4q": -6.18,
            "eps_4q_growth_year": -3195.95,
            "roe": -14.72,
            "roe_4q": -39.75,
            "gross_profit": -3011612,
            "gross_margin": -12.17,
            "gross_margin_4q_avg": -13.18,
            "net_income": -5120348,
            "net_income_4q": null,
            "revenue": 24736340,
            "revenue_4q": null,
            "common_shares": 25624665,
            "book_valuer_per_share": 12.39,
            "book_valuer_per_share_4q_avg": 15.1,
            "equity": 32206894,
            "current_ratio": 94.74,
            "debt_ratio": 71.7,
            "inventory_turnover_ratio": 13.46,
            "account_receivable_turnover_ratio": 18.38,
            "reinvestment_rate": null,
            "research_to_sale_ratio": null,
            "price_fair": 4.36,
            "eps_avg_yearly": 1.45,
            "eps_latest_yearly": 0.48,
            "eps_growth_yearly": -57.26
        },
        "20101": {
            "year_quarter": 20101,
            "year": 2010,
            "quarter": 1,
            "eps": 0.01,
            "eps_growth_year": null,
            "eps_4q": -4.97,
            "eps_4q_growth_year": null,
            "roe": 0.1,
            "roe_4q": -32.93,
            "gross_profit": 1238153,
            "gross_margin": 4.81,
            "gross_margin_4q_avg": -9.84,
            "net_income": 31525,
            "net_income_4q": null,
            "revenue": 25737831,
            "revenue_4q": null,
            "common_shares": 25624665,
            "book_valuer_per_share": 12.21,
            "book_valuer_per_share_4q_avg": 13.81,
            "equity": 31741273,
            "current_ratio": 90.3,
            "debt_ratio": 72.42,
            "inventory_turnover_ratio": 5.84,
            "account_receivable_turnover_ratio": 6.85,
            "reinvestment_rate": null,
            "research_to_sale_ratio": null,
            "price_fair": 4.61,
            "eps_avg_yearly": 1.54,
            "eps_latest_yearly": 0.48,
            "eps_growth_yearly": -30.29
        },
        "20102": {
            "year_quarter": 20102,
            "year": 2010,
            "quarter": 2,
            "eps": 1.05,
            "eps_growth_year": null,
            "eps_4q": -2.42,
            "eps_4q_growth_year": null,
            "roe": 8.24,
            "roe_4q": -15.83,
            "gross_profit": 4908979,
            "gross_margin": 16,
            "gross_margin_4q_avg": -1.4,
            "net_income": 2726272,
            "net_income_4q": null,
            "revenue": 30671485,
            "revenue_4q": null,
            "common_shares": 25624665,
            "book_valuer_per_share": 13.15,
            "book_valuer_per_share_4q_avg": 13.05,
            "equity": 34403748,
            "current_ratio": 104.1,
            "debt_ratio": 72.44,
            "inventory_turnover_ratio": 5.71,
            "account_receivable_turnover_ratio": 6.21,
            "reinvestment_rate": null,
            "research_to_sale_ratio": null,
            "price_fair": 67.73,
            "eps_avg_yearly": 1.94,
            "eps_latest_yearly": 4.2,
            "eps_growth_yearly": 5157.21
        },
        "20103": {
            "year_quarter": 20103,
            "year": 2010,
            "quarter": 3,
            "eps": 2.99,
            "eps_growth_year": null,
            "eps_4q": 2.05,
            "eps_4q_growth_year": null,
            "roe": 20.12,
            "roe_4q": 13.74,
            "gross_profit": 10439210,
            "gross_margin": 26.25,
            "gross_margin_4q_avg": 8.72,
            "net_income": 7691258,
            "net_income_4q": null,
            "revenue": 39772613,
            "revenue_4q": null,
            "common_shares": 25624665,
            "book_valuer_per_share": 16.1,
            "book_valuer_per_share_4q_avg": 13.46,
            "equity": 42031982,
            "current_ratio": 127.08,
            "debt_ratio": 69.24,
            "inventory_turnover_ratio": 6.31,
            "account_receivable_turnover_ratio": 9.01,
            "reinvestment_rate": 6193.97,
            "research_to_sale_ratio": null,
            "price_fair": 119.7,
            "eps_avg_yearly": 3.42,
            "eps_latest_yearly": 11.96,
            "eps_growth_yearly": 5295.59
        },
        "20104": {
            "year_quarter": 20104,
            "year": 2010,
            "quarter": 4,
            "eps": 0.55,
            "eps_growth_year": null,
            "eps_4q": 4.6,
            "eps_4q_growth_year": null,
            "roe": 3.33,
            "roe_4q": 31.790000000000006,
            "gross_profit": 5077465,
            "gross_margin": 14.77,
            "gross_margin_4q_avg": 15.46,
            "net_income": 1412638,
            "net_income_4q": null,
            "revenue": 34367838,
            "revenue_4q": null,
            "common_shares": 25624665,
            "book_valuer_per_share": 16.41,
            "book_valuer_per_share_4q_avg": 14.47,
            "equity": 42802866,
            "current_ratio": 106.67,
            "debt_ratio": 68.01,
            "inventory_turnover_ratio": 6.17,
            "account_receivable_turnover_ratio": 10.15,
            "reinvestment_rate": 1118.47,
            "research_to_sale_ratio": null,
            "price_fair": 128.8,
            "eps_avg_yearly": 3.68,
            "eps_latest_yearly": 2.2,
            "eps_growth_yearly": 5229.79
        },
        "20111": {
            "year_quarter": 20111,
            "year": 2011,
            "quarter": 1,
            "eps": 0.05,
            "eps_growth_year": 400,
            "eps_4q": 4.64,
            "eps_4q_growth_year": null,
            "roe": 0.35,
            "roe_4q": 32.04,
            "gross_profit": 1563180,
            "gross_margin": 5.71,
            "gross_margin_4q_avg": 15.68,
            "net_income": 147891,
            "net_income_4q": null,
            "revenue": 27365625,
            "revenue_4q": null,
            "common_shares": 25624665,
            "book_valuer_per_share": 16.33,
            "book_valuer_per_share_4q_avg": 15.5,
            "equity": 42632815,
            "current_ratio": 98.82,
            "debt_ratio": 67.39,
            "inventory_turnover_ratio": 4.9,
            "account_receivable_turnover_ratio": 8.79,
            "reinvestment_rate": 1944.35,
            "research_to_sale_ratio": null,
            "price_fair": 115.27,
            "eps_avg_yearly": 3.29,
            "eps_latest_yearly": 0.2,
            "eps_growth_yearly": 4608.3
        },
        "20112": {
            "year_quarter": 20112,
            "year": 2011,
            "quarter": 2,
            "eps": -0.97,
            "eps_growth_year": -192.12,
            "eps_4q": 2.29,
            "eps_4q_growth_year": null,
            "roe": -6.78,
            "roe_4q": 17.02,
            "gross_profit": -1211542,
            "gross_margin": -4.06,
            "gross_margin_4q_avg": 10.67,
            "net_income": -2696174,
            "net_income_4q": null,
            "revenue": 29828496,
            "revenue_4q": null,
            "common_shares": 25624665,
            "book_valuer_per_share": 13.96,
            "book_valuer_per_share_4q_avg": 15.7,
            "equity": 36855787,
            "current_ratio": 81.26,
            "debt_ratio": 71.41,
            "inventory_turnover_ratio": 5.21,
            "account_receivable_turnover_ratio": 9.12,
            "reinvestment_rate": null,
            "research_to_sale_ratio": null,
            "price_fair": 115.27,
            "eps_avg_yearly": 3.29,
            "eps_latest_yearly": 0.2,
            "eps_growth_yearly": 4608.3
        },
        "20113": {
            "year_quarter": 20113,
            "year": 2011,
            "quarter": 3,
            "eps": -0.96,
            "eps_growth_year": -131.95,
            "eps_4q": -1.38,
            "eps_4q_growth_year": -167.43,
            "roe": -7.5,
            "roe_4q": -10.600000000000001,
            "gross_profit": -1894574,
            "gross_margin": -6.15,
            "gross_margin_4q_avg": 2.57,
            "net_income": -2662628,
            "net_income_4q": null,
            "revenue": 30807994,
            "revenue_4q": null,
            "common_shares": 28187131,
            "book_valuer_per_share": 11.72,
            "book_valuer_per_share_4q_avg": 14.61,
            "equity": 34115366,
            "current_ratio": 81.8,
            "debt_ratio": 74.52,
            "inventory_turnover_ratio": 5.24,
            "account_receivable_turnover_ratio": 9.04,
            "reinvestment_rate": null,
            "research_to_sale_ratio": null,
            "price_fair": 112.7,
            "eps_avg_yearly": 3.22,
            "eps_latest_yearly": 0.2,
            "eps_growth_yearly": 5164.04
        },
        "20114": {
            "year_quarter": 20114,
            "year": 2011,
            "quarter": 4,
            "eps": -1.45,
            "eps_growth_year": -363.8,
            "eps_4q": -3.33,
            "eps_4q_growth_year": -172.49,
            "roe": -12.66,
            "roe_4q": -26.59,
            "gross_profit": -3389343,
            "gross_margin": -11.09,
            "gross_margin_4q_avg": -3.9,
            "net_income": -4084375,
            "net_income_4q": null,
            "revenue": 30552844,
            "revenue_4q": null,
            "common_shares": 28187131,
            "book_valuer_per_share": 10.41,
            "book_valuer_per_share_4q_avg": 13.11,
            "equity": 30404916,
            "current_ratio": 78.83,
            "debt_ratio": 76.5,
            "inventory_turnover_ratio": 5.38,
            "account_receivable_turnover_ratio": 10.81,
            "reinvestment_rate": null,
            "research_to_sale_ratio": null,
            "price_fair": 106.4,
            "eps_avg_yearly": 3.04,
            "eps_latest_yearly": 0.2,
            "eps_growth_yearly": 5892.93
        },
        "20121": {
            "year_quarter": 20121,
            "year": 2012,
            "quarter": 1,
            "eps": -1.91,
            "eps_growth_year": -3920,
            "eps_4q": -5.29,
            "eps_4q_growth_year": -214.01,
            "roe": -19.43,
            "roe_4q": -46.370000000000005,
            "gross_profit": -5159591,
            "gross_margin": -19.88,
            "gross_margin_4q_avg": -10.3,
            "net_income": -5371864,
            "net_income_4q": null,
            "revenue": 25960222,
            "revenue_4q": null,
            "common_shares": 28187131,
            "book_valuer_per_share": 8.45,
            "book_valuer_per_share_4q_avg": 11.14,
            "equity": 24890160,
            "current_ratio": 106.55,
            "debt_ratio": 81.52,
            "inventory_turnover_ratio": 4.82,
            "account_receivable_turnover_ratio": 10.36,
            "reinvestment_rate": null,
            "research_to_sale_ratio": null,
            "price_fair": 118.77,
            "eps_avg_yearly": 3.39,
            "eps_latest_yearly": 0.2,
            "eps_growth_yearly": 6928.06
        },
        "20122": {
            "year_quarter": 20122,
            "year": 2012,
            "quarter": 2,
            "eps": 0.07,
            "eps_growth_year": null,
            "eps_4q": -4.25,
            "eps_4q_growth_year": -285.33,
            "roe": 0.67,
            "roe_4q": -38.92,
            "gross_profit": 560590,
            "gross_margin": 1.68,
            "gross_margin_4q_avg": -8.86,
            "net_income": 184880,
            "net_income_4q": null,
            "revenue": 33433111,
            "revenue_4q": null,
            "common_shares": 28187131,
            "book_valuer_per_share": 10.06,
            "book_valuer_per_share_4q_avg": 10.16,
            "equity": 30064698,
            "current_ratio": 117.56,
            "debt_ratio": 78.72,
            "inventory_turnover_ratio": 5.3,
            "account_receivable_turnover_ratio": 10.95,
            "reinvestment_rate": null,
            "research_to_sale_ratio": null,
            "price_fair": 133.28,
            "eps_avg_yearly": 3.81,
            "eps_latest_yearly": 0.2,
            "eps_growth_yearly": 8278.89
        },
        "20123": {
            "year_quarter": 20123,
            "year": 2012,
            "quarter": 3,
            "eps": 0.96,
            "eps_growth_year": null,
            "eps_4q": -2.34,
            "eps_4q_growth_year": null,
            "roe": 8.77,
            "roe_4q": -22.65,
            "gross_profit": 4223768,
            "gross_margin": 11.39,
            "gross_margin_4q_avg": -4.48,
            "net_income": 2733697,
            "net_income_4q": null,
            "revenue": 37076095,
            "revenue_4q": null,
            "common_shares": 28187131,
            "book_valuer_per_share": 10.83,
            "book_valuer_per_share_4q_avg": 9.94,
            "equity": 32247041,
            "current_ratio": 112.04,
            "debt_ratio": 77.25,
            "inventory_turnover_ratio": 5.49,
            "account_receivable_turnover_ratio": 10.35,
            "reinvestment_rate": null,
            "research_to_sale_ratio": null,
            "price_fair": 156.8,
            "eps_avg_yearly": 4.48,
            "eps_latest_yearly": 3.84,
            "eps_growth_yearly": 9346.94
        },
        "20124": {
            "year_quarter": 20124,
            "year": 2012,
            "quarter": 4,
            "eps": 0.9,
            "eps_growth_year": null,
            "eps_4q": 0.02,
            "eps_4q_growth_year": null,
            "roe": 7.31,
            "roe_4q": -2.6799999999999997,
            "gross_profit": 1966969,
            "gross_margin": 5.58,
            "gross_margin_4q_avg": -0.31,
            "net_income": 2518526,
            "net_income_4q": null,
            "revenue": 35254756,
            "revenue_4q": null,
            "common_shares": 28187131,
            "book_valuer_per_share": 11.68,
            "book_valuer_per_share_4q_avg": 10.26,
            "equity": 36697256,
            "current_ratio": 103.07,
            "debt_ratio": 73.64,
            "inventory_turnover_ratio": 6.55,
            "account_receivable_turnover_ratio": 9.74,
            "reinvestment_rate": null,
            "research_to_sale_ratio": null,
            "price_fair": 151.67,
            "eps_avg_yearly": 4.33,
            "eps_latest_yearly": 3.6,
            "eps_growth_yearly": 7784.95
        },
        "20131": {
            "year_quarter": 20131,
            "year": 2013,
            "quarter": 1,
            "eps": -0.82,
            "eps_growth_year": null,
            "eps_4q": 0.98,
            "eps_4q_growth_year": null,
            "roe": -7.39,
            "roe_4q": 9.36,
            "gross_profit": -1448039,
            "gross_margin": -5.27,
            "gross_margin_4q_avg": 3.35,
            "net_income": -2684641,
            "net_income_4q": null,
            "revenue": 27461980,
            "revenue_4q": null,
            "common_shares": 28187131,
            "book_valuer_per_share": 11.43,
            "book_valuer_per_share_4q_avg": 11,
            "equity": 36002575,
            "current_ratio": 90.66,
            "debt_ratio": 74.72,
            "inventory_turnover_ratio": 7.52,
            "account_receivable_turnover_ratio": 6.3,
            "reinvestment_rate": null,
            "research_to_sale_ratio": null,
            "price_fair": 151.67,
            "eps_avg_yearly": 4.33,
            "eps_latest_yearly": 3.6,
            "eps_growth_yearly": 7784.95
        },
        "20132": {
            "year_quarter": 20132,
            "year": 2013,
            "quarter": 2,
            "eps": -0.81,
            "eps_growth_year": -1294.78,
            "eps_4q": -0.03,
            "eps_4q_growth_year": null,
            "roe": -7.51,
            "roe_4q": 1.1800000000000006,
            "gross_profit": -971108,
            "gross_margin": -3.24,
            "gross_margin_4q_avg": 2.12,
            "net_income": -2613748,
            "net_income_4q": null,
            "revenue": 29926232,
            "revenue_4q": null,
            "common_shares": 28187131,
            "book_valuer_per_share": 10.59,
            "book_valuer_per_share_4q_avg": 11.13,
            "equity": 33601149,
            "current_ratio": 85.98,
            "debt_ratio": 77.18,
            "inventory_turnover_ratio": 8.15,
            "account_receivable_turnover_ratio": 5,
            "reinvestment_rate": null,
            "research_to_sale_ratio": null,
            "price_fair": 151.67,
            "eps_avg_yearly": 4.33,
            "eps_latest_yearly": 3.6,
            "eps_growth_yearly": 7784.95
        },
        "20133": {
            "year_quarter": 20133,
            "year": 2013,
            "quarter": 3,
            "eps": 0.32,
            "eps_growth_year": -66.62,
            "eps_4q": -0.61,
            "eps_4q_growth_year": null,
            "roe": 3.12,
            "roe_4q": -4.47,
            "gross_profit": 578326,
            "gross_margin": 1.8,
            "gross_margin_4q_avg": -0.28,
            "net_income": 1069933,
            "net_income_4q": null,
            "revenue": 32060605,
            "revenue_4q": null,
            "common_shares": 28187131,
            "book_valuer_per_share": 11.1,
            "book_valuer_per_share_4q_avg": 11.2,
            "equity": 35008472,
            "current_ratio": 92.13,
            "debt_ratio": 76.58,
            "inventory_turnover_ratio": 7.87,
            "account_receivable_turnover_ratio": 4.78,
            "reinvestment_rate": null,
            "research_to_sale_ratio": null,
            "price_fair": 151.67,
            "eps_avg_yearly": 4.33,
            "eps_latest_yearly": 3.6,
            "eps_growth_yearly": 7784.95
        },
        "20134": {
            "year_quarter": 20134,
            "year": 2013,
            "quarter": 4,
            "eps": 0.47,
            "eps_growth_year": -47.67,
            "eps_4q": -1.05,
            "eps_4q_growth_year": -5827.74,
            "roe": 3.85,
            "roe_4q": -7.929999999999999,
            "gross_profit": -2289456,
            "gross_margin": -7.78,
            "gross_margin_4q_avg": -3.62,
            "net_income": 1318546,
            "net_income_4q": null,
            "revenue": 29425143,
            "revenue_4q": null,
            "common_shares": 28187131,
            "book_valuer_per_share": 11.59,
            "book_valuer_per_share_4q_avg": 11.18,
            "equity": 33572940,
            "current_ratio": 91.24,
            "debt_ratio": 76.4,
            "inventory_turnover_ratio": 8.48,
            "account_receivable_turnover_ratio": 4.5,
            "reinvestment_rate": null,
            "research_to_sale_ratio": null,
            "price_fair": 139.4,
            "eps_avg_yearly": 3.98,
            "eps_latest_yearly": 1.88,
            "eps_growth_yearly": 6699.6
        },
        "20141": {
            "year_quarter": 20141,
            "year": 2014,
            "quarter": 1,
            "eps": -0.48,
            "eps_growth_year": null,
            "eps_4q": -0.65,
            "eps_4q_growth_year": -166.38,
            "roe": -4.71,
            "roe_4q": -5.25,
            "gross_profit": 99011,
            "gross_margin": 0.35,
            "gross_margin_4q_avg": -2.22,
            "net_income": -1540870,
            "net_income_4q": null,
            "revenue": 28241436,
            "revenue_4q": null,
            "common_shares": 28187131,
            "book_valuer_per_share": 10.99,
            "book_valuer_per_share_4q_avg": 11.07,
            "equity": 31893875,
            "current_ratio": 90.47,
            "debt_ratio": 77.07,
            "inventory_turnover_ratio": 7.96,
            "account_receivable_turnover_ratio": 4.35,
            "reinvestment_rate": null,
            "research_to_sale_ratio": null,
            "price_fair": 139.4,
            "eps_avg_yearly": 3.98,
            "eps_latest_yearly": 1.88,
            "eps_growth_yearly": 6699.6
        },
        "20142": {
            "year_quarter": 20142,
            "year": 2014,
            "quarter": 2,
            "eps": 0.07,
            "eps_growth_year": null,
            "eps_4q": 0.37,
            "eps_4q_growth_year": null,
            "roe": 0.75,
            "roe_4q": 3.0100000000000002,
            "gross_profit": 823345,
            "gross_margin": 2.4,
            "gross_margin_4q_avg": -0.81,
            "net_income": 237761,
            "net_income_4q": null,
            "revenue": 34285724,
            "revenue_4q": null,
            "common_shares": 28187131,
            "book_valuer_per_share": 10.94,
            "book_valuer_per_share_4q_avg": 11.16,
            "equity": 31758822,
            "current_ratio": 91.09,
            "debt_ratio": 77.7,
            "inventory_turnover_ratio": 9.2,
            "account_receivable_turnover_ratio": 4.56,
            "reinvestment_rate": null,
            "research_to_sale_ratio": null,
            "price_fair": 138.13,
            "eps_avg_yearly": 3.95,
            "eps_latest_yearly": 1.88,
            "eps_growth_yearly": 882.87
        },
        "20143": {
            "year_quarter": 20143,
            "year": 2014,
            "quarter": 3,
            "eps": 0.43,
            "eps_growth_year": 34.38,
            "eps_4q": 0.49,
            "eps_4q_growth_year": null,
            "roe": 4.45,
            "roe_4q": 4.34,
            "gross_profit": 3140453,
            "gross_margin": 8.42,
            "gross_margin_4q_avg": 0.85,
            "net_income": 1448685,
            "net_income_4q": null,
            "revenue": 37311874,
            "revenue_4q": null,
            "common_shares": 28187131,
            "book_valuer_per_share": 11.49,
            "book_valuer_per_share_4q_avg": 11.25,
            "equity": 33363080,
            "current_ratio": 93.82,
            "debt_ratio": 77.09,
            "inventory_turnover_ratio": 9.14,
            "account_receivable_turnover_ratio": 4.28,
            "reinvestment_rate": null,
            "research_to_sale_ratio": null,
            "price_fair": 78.4,
            "eps_avg_yearly": 2.24,
            "eps_latest_yearly": 1.72,
            "eps_growth_yearly": 1102.55
        },
        "20144": {
            "year_quarter": 20144,
            "year": 2014,
            "quarter": 4,
            "eps": 0.12,
            "eps_growth_year": -74.24,
            "eps_4q": 0.14,
            "eps_4q_growth_year": null,
            "roe": 1.12,
            "roe_4q": 1.6100000000000003,
            "gross_profit": 1682686,
            "gross_margin": 4.82,
            "gross_margin_4q_avg": 4,
            "net_income": 381767,
            "net_income_4q": null,
            "revenue": 34938824,
            "revenue_4q": null,
            "common_shares": 28563800,
            "book_valuer_per_share": 11.78,
            "book_valuer_per_share_4q_avg": 11.3,
            "equity": 34641303,
            "current_ratio": 110,
            "debt_ratio": 76.69,
            "inventory_turnover_ratio": 9.6,
            "account_receivable_turnover_ratio": 4.02,
            "reinvestment_rate": null,
            "research_to_sale_ratio": null,
            "price_fair": 68.37,
            "eps_avg_yearly": 1.95,
            "eps_latest_yearly": 0.48,
            "eps_growth_yearly": 1108.89
        },
        "20151": {
            "year_quarter": 20151,
            "year": 2015,
            "quarter": 1,
            "eps": 0.09,
            "eps_growth_year": null,
            "eps_4q": 0.76,
            "eps_4q_growth_year": null,
            "roe": 0.67,
            "roe_4q": 6.99,
            "gross_profit": 1890332,
            "gross_margin": 5.7,
            "gross_margin_4q_avg": 5.34,
            "net_income": 238689,
            "net_income_4q": null,
            "revenue": 33154718,
            "revenue_4q": null,
            "common_shares": 29979187,
            "book_valuer_per_share": 11.88,
            "book_valuer_per_share_4q_avg": 11.52,
            "equity": 36514915,
            "current_ratio": 90.94,
            "debt_ratio": 75.23,
            "inventory_turnover_ratio": 10.2,
            "account_receivable_turnover_ratio": 4.26,
            "reinvestment_rate": null,
            "research_to_sale_ratio": null,
            "price_fair": 69.3,
            "eps_avg_yearly": 1.98,
            "eps_latest_yearly": 0.36,
            "eps_growth_yearly": 1152.83
        },
        "20152": {
            "year_quarter": 20152,
            "year": 2015,
            "quarter": 2,
            "eps": 0,
            "eps_growth_year": -100,
            "eps_4q": 0.68,
            "eps_4q_growth_year": 84.72,
            "roe": -0.07,
            "roe_4q": 6.17,
            "gross_profit": 1361171,
            "gross_margin": 4.18,
            "gross_margin_4q_avg": 5.78,
            "net_income": -26021,
            "net_income_4q": null,
            "revenue": 32589437,
            "revenue_4q": null,
            "common_shares": 30044401,
            "book_valuer_per_share": 11.76,
            "book_valuer_per_share_4q_avg": 11.73,
            "equity": 36139977,
            "current_ratio": 81.97,
            "debt_ratio": 75.86,
            "inventory_turnover_ratio": 11.08,
            "account_receivable_turnover_ratio": 4.29,
            "reinvestment_rate": null,
            "research_to_sale_ratio": null,
            "price_fair": 69.3,
            "eps_avg_yearly": 1.98,
            "eps_latest_yearly": 0.36,
            "eps_growth_yearly": 1152.83
        },
        "20153": {
            "year_quarter": 20153,
            "year": 2015,
            "quarter": 3,
            "eps": -1.22,
            "eps_growth_year": -383.72,
            "eps_4q": -1.2,
            "eps_4q_growth_year": -341.59,
            "roe": -12.31,
            "roe_4q": -10.59,
            "gross_profit": -2110981,
            "gross_margin": -6.62,
            "gross_margin_4q_avg": 2.02,
            "net_income": -4208248,
            "net_income_4q": null,
            "revenue": 31903399,
            "revenue_4q": null,
            "common_shares": 30044401,
            "book_valuer_per_share": 10.45,
            "book_valuer_per_share_4q_avg": 11.47,
            "equity": 32209754,
            "current_ratio": 77.35,
            "debt_ratio": 78.48,
            "inventory_turnover_ratio": 14.9,
            "account_receivable_turnover_ratio": 4.22,
            "reinvestment_rate": null,
            "research_to_sale_ratio": null,
            "price_fair": 69.3,
            "eps_avg_yearly": 1.98,
            "eps_latest_yearly": 0.36,
            "eps_growth_yearly": 1152.83
        },
        "20154": {
            "year_quarter": 20154,
            "year": 2015,
            "quarter": 4,
            "eps": -1.26,
            "eps_growth_year": -1134.25,
            "eps_4q": -2.57,
            "eps_4q_growth_year": -1884.59,
            "roe": -11.86,
            "roe_4q": -23.57,
            "gross_profit": -1931915,
            "gross_margin": -6.46,
            "gross_margin_4q_avg": -0.8,
            "net_income": -3792911,
            "net_income_4q": null,
            "revenue": 29911870,
            "revenue_4q": null,
            "common_shares": 30044401,
            "book_valuer_per_share": 10.33,
            "book_valuer_per_share_4q_avg": 11.11,
            "equity": 31731332,
            "current_ratio": 85.71,
            "debt_ratio": 79.52,
            "inventory_turnover_ratio": 17.73,
            "account_receivable_turnover_ratio": 4.33,
            "reinvestment_rate": null,
            "research_to_sale_ratio": null,
            "price_fair": 69.3,
            "eps_avg_yearly": 1.98,
            "eps_latest_yearly": 0.36,
            "eps_growth_yearly": 1152.83
        },
        "20161": {
            "year_quarter": 20161,
            "year": 2016,
            "quarter": 1,
            "eps": -1.06,
            "eps_growth_year": -1277.78,
            "eps_4q": -3.89,
            "eps_4q_growth_year": -611.43,
            "roe": -12.33,
            "roe_4q": -36.57,
            "gross_profit": -2103326,
            "gross_margin": -7.76,
            "gross_margin_4q_avg": -4.17,
            "net_income": -3661306,
            "net_income_4q": null,
            "revenue": 27120874,
            "revenue_4q": null,
            "common_shares": 30044401,
            "book_valuer_per_share": 9.01,
            "book_valuer_per_share_4q_avg": 10.39,
            "equity": 27679439,
            "current_ratio": 69.32,
            "debt_ratio": 81.22,
            "inventory_turnover_ratio": 20.46,
            "account_receivable_turnover_ratio": 4.3,
            "reinvestment_rate": null,
            "research_to_sale_ratio": null,
            "price_fair": 69.3,
            "eps_avg_yearly": 1.98,
            "eps_latest_yearly": 0.36,
            "eps_growth_yearly": 1152.83
        },
        "20162": {
            "year_quarter": 20162,
            "year": 2016,
            "quarter": 2,
            "eps": -1.39,
            "eps_growth_year": null,
            "eps_4q": -5.48,
            "eps_4q_growth_year": -906.49,
            "roe": -19.04,
            "roe_4q": -55.54,
            "gross_profit": -3229098,
            "gross_margin": -11.63,
            "gross_margin_4q_avg": -8.12,
            "net_income": -4789244,
            "net_income_4q": null,
            "revenue": 27771367,
            "revenue_4q": null,
            "common_shares": 30044401,
            "book_valuer_per_share": 7.36,
            "book_valuer_per_share_4q_avg": 9.29,
            "equity": 22634365,
            "current_ratio": 60.51,
            "debt_ratio": 84.14,
            "inventory_turnover_ratio": 22.04,
            "account_receivable_turnover_ratio": 4.19,
            "reinvestment_rate": null,
            "research_to_sale_ratio": null,
            "price_fair": 69.3,
            "eps_avg_yearly": 1.98,
            "eps_latest_yearly": 0.36,
            "eps_growth_yearly": 1152.83
        },
        "20163": {
            "year_quarter": 20163,
            "year": 2016,
            "quarter": 3,
            "eps": -1.32,
            "eps_growth_year": null,
            "eps_4q": -5.59,
            "eps_4q_growth_year": null,
            "roe": -22.38,
            "roe_4q": -65.61,
            "gross_profit": -3238266,
            "gross_margin": -11.17,
            "gross_margin_4q_avg": -9.26,
            "net_income": -4529624,
            "net_income_4q": null,
            "revenue": 28995500,
            "revenue_4q": null,
            "common_shares": 30044401,
            "book_valuer_per_share": 5.76,
            "book_valuer_per_share_4q_avg": 8.12,
            "equity": 17848717,
            "current_ratio": 54.41,
            "debt_ratio": 87.14,
            "inventory_turnover_ratio": 20.38,
            "account_receivable_turnover_ratio": 4.16,
            "reinvestment_rate": null,
            "research_to_sale_ratio": null,
            "price_fair": 56.28,
            "eps_avg_yearly": 1.61,
            "eps_latest_yearly": 0.36,
            "eps_growth_yearly": 366.25
        },
        "20164": {
            "year_quarter": 20164,
            "year": 2016,
            "quarter": 4,
            "eps": -0.63,
            "eps_growth_year": null,
            "eps_4q": -4.96,
            "eps_4q_growth_year": null,
            "roe": -11.19,
            "roe_4q": -64.94,
            "gross_profit": -493069,
            "gross_margin": -1.56,
            "gross_margin_4q_avg": -8.03,
            "net_income": -1909325,
            "net_income_4q": null,
            "revenue": 31512409,
            "revenue_4q": null,
            "common_shares": 30044401,
            "book_valuer_per_share": 5.26,
            "book_valuer_per_share_4q_avg": 6.85,
            "equity": 16278505,
            "current_ratio": 59.43,
            "debt_ratio": 88.03,
            "inventory_turnover_ratio": 18.47,
            "account_receivable_turnover_ratio": 4.31,
            "reinvestment_rate": null,
            "research_to_sale_ratio": null,
            "price_fair": 38.85,
            "eps_avg_yearly": 1.11,
            "eps_latest_yearly": 0.36,
            "eps_growth_yearly": 464.07
        },
        "20171": {
            "year_quarter": 20171,
            "year": 2017,
            "quarter": 1,
            "eps": -0.53,
            "eps_growth_year": null,
            "eps_4q": -7.77,
            "eps_4q_growth_year": null,
            "roe": -5.32,
            "roe_4q": -57.93,
            "gross_profit": 181716,
            "gross_margin": 0.6,
            "gross_margin_4q_avg": -5.94,
            "net_income": -875277,
            "net_income_4q": null,
            "revenue": 30254854,
            "revenue_4q": null,
            "common_shares": 15652713,
            "book_valuer_per_share": 10.38,
            "book_valuer_per_share_4q_avg": 7.19,
            "equity": 16614814,
            "current_ratio": 55.65,
            "debt_ratio": 87.39,
            "inventory_turnover_ratio": 14.37,
            "account_receivable_turnover_ratio": 4.31,
            "reinvestment_rate": null,
            "research_to_sale_ratio": null,
            "price_fair": 38.85,
            "eps_avg_yearly": 1.11,
            "eps_latest_yearly": 0.36,
            "eps_growth_yearly": 464.07
        },
        "20172": {
            "year_quarter": 20172,
            "year": 2017,
            "quarter": 2,
            "eps": -0.25,
            "eps_growth_year": null,
            "eps_4q": -4.98,
            "eps_4q_growth_year": null,
            "roe": -2.48,
            "roe_4q": -41.370000000000005,
            "gross_profit": 1612896,
            "gross_margin": 4.85,
            "gross_margin_4q_avg": -1.82,
            "net_income": -407173,
            "net_income_4q": null,
            "revenue": 33227692,
            "revenue_4q": null,
            "common_shares": 15652713,
            "book_valuer_per_share": 10.13,
            "book_valuer_per_share_4q_avg": 7.88,
            "equity": 16259558,
            "current_ratio": 59.32,
            "debt_ratio": 87.75,
            "inventory_turnover_ratio": 14.13,
            "account_receivable_turnover_ratio": 4.68,
            "reinvestment_rate": null,
            "research_to_sale_ratio": null,
            "price_fair": 38.85,
            "eps_avg_yearly": 1.11,
            "eps_latest_yearly": 0.36,
            "eps_growth_yearly": 464.07
        },
        "20173": {
            "year_quarter": 20173,
            "year": 2017,
            "quarter": 3,
            "eps": 0.7,
            "eps_growth_year": null,
            "eps_4q": -1.26,
            "eps_4q_growth_year": null,
            "roe": 7.92,
            "roe_4q": -11.07,
            "gross_profit": 3022386,
            "gross_margin": 8.45,
            "gross_margin_4q_avg": 3.09,
            "net_income": 1343664,
            "net_income_4q": null,
            "revenue": 35780550,
            "revenue_4q": null,
            "common_shares": 15652713,
            "book_valuer_per_share": 11,
            "book_valuer_per_share_4q_avg": 9.19,
            "equity": 17670317,
            "current_ratio": 55.45,
            "debt_ratio": 86.52,
            "inventory_turnover_ratio": 15.19,
            "account_receivable_turnover_ratio": 4.49,
            "reinvestment_rate": null,
            "research_to_sale_ratio": null,
            "price_fair": 38.85,
            "eps_avg_yearly": 1.11,
            "eps_latest_yearly": 0.36,
            "eps_growth_yearly": 464.07
        },
        "20174": {
            "year_quarter": 20174,
            "year": 2017,
            "quarter": 4,
            "eps": 0.17,
            "eps_growth_year": null,
            "eps_4q": 0.14,
            "eps_4q_growth_year": null,
            "roe": 1.95,
            "roe_4q": 2.0699999999999985,
            "gross_profit": 1678227,
            "gross_margin": 5.28,
            "gross_margin_4q_avg": 4.8,
            "net_income": 430652,
            "net_income_4q": null,
            "revenue": 31814716,
            "revenue_4q": null,
            "common_shares": 23230248,
            "book_valuer_per_share": 11.21,
            "book_valuer_per_share_4q_avg": 10.68,
            "equity": 26509600,
            "current_ratio": 60.64,
            "debt_ratio": 80.05,
            "inventory_turnover_ratio": 12.53,
            "account_receivable_turnover_ratio": 3.92,
            "reinvestment_rate": null,
            "research_to_sale_ratio": null,
            "price_fair": 28.35,
            "eps_avg_yearly": 0.81,
            "eps_latest_yearly": 0.68,
            "eps_growth_yearly": 341.48
        },
        "20181": {
            "year_quarter": 20181,
            "year": 2018,
            "quarter": 1,
            "eps": -0.75,
            "eps_growth_year": null,
            "eps_4q": -0.31,
            "eps_4q_growth_year": null,
            "roe": -7.4,
            "roe_4q": -0.010000000000000231,
            "gross_profit": -736997,
            "gross_margin": -2.37,
            "gross_margin_4q_avg": 4.05,
            "net_income": -1880121,
            "net_income_4q": null,
            "revenue": 31034874,
            "revenue_4q": null,
            "common_shares": 23230248,
            "book_valuer_per_share": 10.23,
            "book_valuer_per_share_4q_avg": 10.64,
            "equity": 24320332,
            "current_ratio": 51.91,
            "debt_ratio": 81.42,
            "inventory_turnover_ratio": 11.25,
            "account_receivable_turnover_ratio": 4.27,
            "reinvestment_rate": null,
            "research_to_sale_ratio": null,
            "price_fair": 28.35,
            "eps_avg_yearly": 0.81,
            "eps_latest_yearly": 0.68,
            "eps_growth_yearly": 341.48
        },
        "20182": {
            "year_quarter": 20182,
            "year": 2018,
            "quarter": 2,
            "eps": -1.47,
            "eps_growth_year": null,
            "eps_4q": -1.76,
            "eps_4q_growth_year": null,
            "roe": -16.41,
            "roe_4q": -13.940000000000003,
            "gross_profit": -2031912,
            "gross_margin": -6.05,
            "gross_margin_4q_avg": 1.33,
            "net_income": -3727305,
            "net_income_4q": null,
            "revenue": 33599210,
            "revenue_4q": null,
            "common_shares": 23230248,
            "book_valuer_per_share": 8.89,
            "book_valuer_per_share_4q_avg": 10.33,
            "equity": 21111154,
            "current_ratio": 71.36,
            "debt_ratio": 84.58,
            "inventory_turnover_ratio": 11.35,
            "account_receivable_turnover_ratio": 4.56,
            "reinvestment_rate": null,
            "research_to_sale_ratio": null,
            "price_fair": 28.35,
            "eps_avg_yearly": 0.81,
            "eps_latest_yearly": 0.68,
            "eps_growth_yearly": 341.48
        },
        "20183": {
            "year_quarter": 20183,
            "year": 2018,
            "quarter": 3,
            "eps": -0.35,
            "eps_growth_year": -150,
            "eps_4q": -2.7,
            "eps_4q_growth_year": null,
            "roe": -3.87,
            "roe_4q": -25.73,
            "gross_profit": 789521,
            "gross_margin": 2.04,
            "gross_margin_4q_avg": -0.28,
            "net_income": -804006,
            "net_income_4q": null,
            "revenue": 38715201,
            "revenue_4q": null,
            "common_shares": 23230248,
            "book_valuer_per_share": 8.58,
            "book_valuer_per_share_4q_avg": 9.73,
            "equity": 20449462,
            "current_ratio": 70.04,
            "debt_ratio": 85.41,
            "inventory_turnover_ratio": 10.46,
            "account_receivable_turnover_ratio": 4.14,
            "reinvestment_rate": null,
            "research_to_sale_ratio": null,
            "price_fair": 1.52,
            "eps_avg_yearly": 0.51,
            "eps_latest_yearly": 0.68,
            "eps_growth_yearly": -230.41
        },
        "20184": {
            "year_quarter": 20184,
            "year": 2018,
            "quarter": 4,
            "eps": 0.04,
            "eps_growth_year": -79.41,
            "eps_4q": -2.84,
            "eps_4q_growth_year": -2154.22,
            "roe": 0.52,
            "roe_4q": -27.160000000000004,
            "gross_profit": 2021611,
            "gross_margin": 5.25,
            "gross_margin_4q_avg": -0.28,
            "net_income": 105076,
            "net_income_4q": null,
            "revenue": 38483644,
            "revenue_4q": null,
            "common_shares": 23230248,
            "book_valuer_per_share": 8.54,
            "book_valuer_per_share_4q_avg": 9.06,
            "equity": 20294744,
            "current_ratio": 72.93,
            "debt_ratio": 85.5,
            "inventory_turnover_ratio": 9.19,
            "account_receivable_turnover_ratio": 4.12,
            "reinvestment_rate": null,
            "research_to_sale_ratio": null,
            "price_fair": 1.56,
            "eps_avg_yearly": 0.52,
            "eps_latest_yearly": 0.68,
            "eps_growth_yearly": -201.43
        },
        "20191": {
            "year_quarter": 20191,
            "year": 2019,
            "quarter": 1,
            "eps": -0.26,
            "eps_growth_year": null,
            "eps_4q": -2.29,
            "eps_4q_growth_year": null,
            "roe": -3.05,
            "roe_4q": -22.810000000000002,
            "gross_profit": 1553979,
            "gross_margin": 4.43,
            "gross_margin_4q_avg": 1.42,
            "net_income": -612926,
            "net_income_4q": null,
            "revenue": 35076481,
            "revenue_4q": null,
            "common_shares": 23230248,
            "book_valuer_per_share": 8.29,
            "book_valuer_per_share_4q_avg": 8.58,
            "equity": 19857986,
            "current_ratio": 60,
            "debt_ratio": 90,
            "inventory_turnover_ratio": 8.31,
            "account_receivable_turnover_ratio": 4.34,
            "reinvestment_rate": null,
            "research_to_sale_ratio": null,
            "price_fair": 2.04,
            "eps_avg_yearly": 0.68,
            "eps_latest_yearly": 0.68,
            "eps_growth_yearly": -302.86
        },
        "20192": {
            "year_quarter": 20192,
            "year": 2019,
            "quarter": 2,
            "eps": -0.49,
            "eps_growth_year": null,
            "eps_4q": -1.07,
            "eps_4q_growth_year": null,
            "roe": -6.19,
            "roe_4q": -12.59,
            "gross_profit": 1158026,
            "gross_margin": 2.87,
            "gross_margin_4q_avg": 3.65,
            "net_income": -1175530,
            "net_income_4q": null,
            "revenue": 40398532,
            "revenue_4q": null,
            "common_shares": 26013357,
            "book_valuer_per_share": 6.77,
            "book_valuer_per_share_4q_avg": 8.05,
            "equity": 18109535,
            "current_ratio": 63.5,
            "debt_ratio": 91.05,
            "inventory_turnover_ratio": 10.25,
            "account_receivable_turnover_ratio": 4.56,
            "reinvestment_rate": null,
            "research_to_sale_ratio": null,
            "price_fair": 2.04,
            "eps_avg_yearly": 0.68,
            "eps_latest_yearly": 0.68,
            "eps_growth_yearly": -302.86
        },
        "20193": {
            "year_quarter": 20193,
            "year": 2019,
            "quarter": 3,
            "eps": -0.53,
            "eps_growth_year": null,
            "eps_4q": -1.25,
            "eps_4q_growth_year": null,
            "roe": -7.44,
            "roe_4q": -16.16,
            "gross_profit": 2226713,
            "gross_margin": 5.89,
            "gross_margin_4q_avg": 4.61,
            "net_income": -1294246,
            "net_income_4q": null,
            "revenue": 37784598,
            "revenue_4q": null,
            "common_shares": 26013357,
            "book_valuer_per_share": 6.2,
            "book_valuer_per_share_4q_avg": 7.45,
            "equity": 16678669,
            "current_ratio": 57.75,
            "debt_ratio": 91.39,
            "inventory_turnover_ratio": 10.32,
            "account_receivable_turnover_ratio": 3.82,
            "reinvestment_rate": null,
            "research_to_sale_ratio": null,
            "price_fair": 2.04,
            "eps_avg_yearly": 0.68,
            "eps_latest_yearly": 0.68,
            "eps_growth_yearly": -302.86
        },
        "20194": {
            "year_quarter": 20194,
            "year": 2019,
            "quarter": 4,
            "eps": -0.38,
            "eps_growth_year": -1159.97,
            "eps_4q": -1.66,
            "eps_4q_growth_year": null,
            "roe": -5.42,
            "roe_4q": -22.1,
            "gross_profit": 1136048,
            "gross_margin": 3.16,
            "gross_margin_4q_avg": 4.09,
            "net_income": -915194,
            "net_income_4q": null,
            "revenue": 35921651,
            "revenue_4q": null,
            "common_shares": 26013357,
            "book_valuer_per_share": 6.33,
            "book_valuer_per_share_4q_avg": 6.9,
            "equity": 17082199,
            "current_ratio": 58.48,
            "debt_ratio": 91.06,
            "inventory_turnover_ratio": 9.92,
            "account_receivable_turnover_ratio": 3.61,
            "reinvestment_rate": null,
            "research_to_sale_ratio": null,
            "price_fair": 2.04,
            "eps_avg_yearly": 0.68,
            "eps_latest_yearly": 0.68,
            "eps_growth_yearly": -302.86
        },
        "20201": {
            "year_quarter": 20201,
            "year": 2020,
            "quarter": 1,
            "eps": -0.31,
            "eps_growth_year": null,
            "eps_4q": -1.71,
            "eps_4q_growth_year": null,
            "roe": -4.64,
            "roe_4q": -23.69,
            "gross_profit": 1645153,
            "gross_margin": 4.75,
            "gross_margin_4q_avg": 4.17,
            "net_income": -755335,
            "net_income_4q": null,
            "revenue": 34642179,
            "revenue_4q": null,
            "common_shares": 26013357,
            "book_valuer_per_share": 5.7,
            "book_valuer_per_share_4q_avg": 6.25,
            "equity": 15473837,
            "current_ratio": 63.21,
            "debt_ratio": 91.84,
            "inventory_turnover_ratio": 8.94,
            "account_receivable_turnover_ratio": 3.38,
            "reinvestment_rate": null,
            "research_to_sale_ratio": null,
            "price_fair": 2.04,
            "eps_avg_yearly": 0.68,
            "eps_latest_yearly": 0.68,
            "eps_growth_yearly": -302.86
        },
        "20202": {
            "year_quarter": 20202,
            "year": 2020,
            "quarter": 2,
            "eps": -0.03,
            "eps_growth_year": null,
            "eps_4q": -1.25,
            "eps_4q_growth_year": null,
            "roe": -0.14,
            "roe_4q": -17.64,
            "gross_profit": 2090461,
            "gross_margin": 6.58,
            "gross_margin_4q_avg": 5.1,
            "net_income": -22790,
            "net_income_4q": null,
            "revenue": 31750285,
            "revenue_4q": null,
            "common_shares": 26013357,
            "book_valuer_per_share": 6.04,
            "book_valuer_per_share_4q_avg": 6.07,
            "equity": 16368503,
            "current_ratio": 50.93,
            "debt_ratio": 90.96,
            "inventory_turnover_ratio": 9.82,
            "account_receivable_turnover_ratio": 3.33,
            "reinvestment_rate": null,
            "research_to_sale_ratio": null,
            "price_fair": 2.04,
            "eps_avg_yearly": 0.68,
            "eps_latest_yearly": 0.68,
            "eps_growth_yearly": -302.86
        },
        "20203": {
            "year_quarter": 20203,
            "year": 2020,
            "quarter": 3,
            "eps": 1.05,
            "eps_growth_year": null,
            "eps_4q": 0.33,
            "eps_4q_growth_year": null,
            "roe": 15.48,
            "roe_4q": 5.279999999999999,
            "gross_profit": 5687388,
            "gross_margin": 14.64,
            "gross_margin_4q_avg": 7.28,
            "net_income": 2818557,
            "net_income_4q": null,
            "revenue": 38854605,
            "revenue_4q": null,
            "common_shares": 26226242,
            "book_valuer_per_share": 7.4,
            "book_valuer_per_share_4q_avg": 6.37,
            "equity": 20053482,
            "current_ratio": 59.43,
            "debt_ratio": 89.66,
            "inventory_turnover_ratio": 14.12,
            "account_receivable_turnover_ratio": 4,
            "reinvestment_rate": null,
            "research_to_sale_ratio": null,
            "price_fair": 2.04,
            "eps_avg_yearly": 0.68,
            "eps_latest_yearly": 0.68,
            "eps_growth_yearly": -302.86
        },
        "20204": {
            "year_quarter": 20204,
            "year": 2020,
            "quarter": 4,
            "eps": 3.2,
            "eps_growth_year": null,
            "eps_4q": 3.78,
            "eps_4q_growth_year": null,
            "roe": 35.99,
            "roe_4q": 46.69,
            "gross_profit": 16661314,
            "gross_margin": 36.2,
            "gross_margin_4q_avg": 15.54,
            "net_income": 10146356,
            "net_income_4q": null,
            "revenue": 46029614,
            "revenue_4q": null,
            "common_shares": 31676622,
            "book_valuer_per_share": 11.26,
            "book_valuer_per_share_4q_avg": 7.6,
            "equity": 36334852,
            "current_ratio": 77.43,
            "debt_ratio": 81.36,
            "inventory_turnover_ratio": 13.23,
            "account_receivable_turnover_ratio": 4.2,
            "reinvestment_rate": -1051.09,
            "research_to_sale_ratio": null,
            "price_fair": 235.9,
            "eps_avg_yearly": 6.74,
            "eps_latest_yearly": 12.8,
            "eps_growth_yearly": 258.1
        },
        "20211": {
            "year_quarter": 20211,
            "year": 2021,
            "quarter": 1,
            "eps": 7.49,
            "eps_growth_year": null,
            "eps_4q": 11.2,
            "eps_4q_growth_year": null,
            "roe": 49.78,
            "roe_4q": 101.11000000000001,
            "gross_profit": 31730626,
            "gross_margin": 50.95,
            "gross_margin_4q_avg": 27.09,
            "net_income": 24586944,
            "net_income_4q": null,
            "revenue": 62282455,
            "revenue_4q": null,
            "common_shares": 33321043,
            "book_valuer_per_share": 18.56,
            "book_valuer_per_share_4q_avg": 10.82,
            "equity": 62449834,
            "current_ratio": 106.95,
            "debt_ratio": 70.1,
            "inventory_turnover_ratio": 12.31,
            "account_receivable_turnover_ratio": 4.83,
            "reinvestment_rate": -47.56,
            "research_to_sale_ratio": null,
            "price_fair": 506.8,
            "eps_avg_yearly": 14.48,
            "eps_latest_yearly": 29.96,
            "eps_growth_yearly": 350.81
        },
        "20212": {
            "year_quarter": 20212,
            "year": 2021,
            "quarter": 2,
            "eps": 10.36,
            "eps_growth_year": null,
            "eps_4q": 21.58,
            "eps_4q_growth_year": null,
            "roe": 42.61,
            "roe_4q": 143.85999999999999,
            "gross_profit": 44086932,
            "gross_margin": 60.17,
            "gross_margin_4q_avg": 40.49,
            "net_income": 34618765,
            "net_income_4q": null,
            "revenue": 73271250,
            "revenue_4q": null,
            "common_shares": 33321043,
            "book_valuer_per_share": 29.85,
            "book_valuer_per_share_4q_avg": 16.77,
            "equity": 100055972,
            "current_ratio": 172.74,
            "debt_ratio": 58.33,
            "inventory_turnover_ratio": 10.46,
            "account_receivable_turnover_ratio": 4.32,
            "reinvestment_rate": -18.67,
            "research_to_sale_ratio": null,
            "price_fair": 742.7,
            "eps_avg_yearly": 21.22,
            "eps_latest_yearly": 41.44,
            "eps_growth_yearly": 301.43
        },
        "20213": {
            "year_quarter": 20213,
            "year": 2021,
            "quarter": 3,
            "eps": 14.66,
            "eps_growth_year": 1296.19,
            "eps_4q": 34.36,
            "eps_4q_growth_year": 10318.17,
            "roe": 36.47,
            "roe_4q": 164.85000000000002,
            "gross_profit": 64765213,
            "gross_margin": 67.85,
            "gross_margin_4q_avg": 53.79,
            "net_income": 50894352,
            "net_income_4q": null,
            "revenue": 95452440,
            "revenue_4q": null,
            "common_shares": 34921043,
            "book_valuer_per_share": 51.12,
            "book_valuer_per_share_4q_avg": 27.7,
            "equity": 179083701,
            "current_ratio": 275.81,
            "debt_ratio": 45.33,
            "inventory_turnover_ratio": 10.14,
            "account_receivable_turnover_ratio": 4.7,
            "reinvestment_rate": -5.45,
            "research_to_sale_ratio": null,
            "price_fair": 1004.64,
            "eps_avg_yearly": 28.7,
            "eps_latest_yearly": 58.64,
            "eps_growth_yearly": 274.35
        },
        "20214": {
            "year_quarter": 20214,
            "year": 2021,
            "quarter": 4,
            "eps": 15.86,
            "eps_growth_year": 396.18,
            "eps_4q": 47.33,
            "eps_4q_growth_year": 1151.68,
            "roe": 26.85,
            "roe_4q": 155.71,
            "gross_profit": 72548289,
            "gross_margin": 70.65,
            "gross_margin_4q_avg": 62.41,
            "net_income": 55501820,
            "net_income_4q": null,
            "revenue": 102681250,
            "revenue_4q": null,
            "common_shares": 34921043,
            "book_valuer_per_share": 66.92,
            "book_valuer_per_share_4q_avg": 41.61,
            "equity": 234322666,
            "current_ratio": 309.35,
            "debt_ratio": 39.04,
            "inventory_turnover_ratio": 9.06,
            "account_receivable_turnover_ratio": 4.74,
            "reinvestment_rate": -3.4,
            "research_to_sale_ratio": null,
            "price_fair": 1443.96,
            "eps_avg_yearly": 41.26,
            "eps_latest_yearly": 63.44,
            "eps_growth_yearly": 341.47
        },
        "20221": {
            "year_quarter": 20221,
            "year": 2022,
            "quarter": 1,
            "eps": 17.35,
            "eps_growth_year": 131.64,
            "eps_4q": 57.65,
            "eps_4q_growth_year": 414.85,
            "roe": 22.94,
            "roe_4q": 128.87,
            "gross_profit": 75315072,
            "gross_margin": 70.58,
            "gross_margin_4q_avg": 67.31,
            "net_income": 60682493,
            "net_income_4q": null,
            "revenue": 106704172,
            "revenue_4q": null,
            "common_shares": 34921043,
            "book_valuer_per_share": 84.17,
            "book_valuer_per_share_4q_avg": 58.02,
            "equity": 294668082,
            "current_ratio": 343.64,
            "debt_ratio": 36.17,
            "inventory_turnover_ratio": 8.09,
            "account_receivable_turnover_ratio": 4.65,
            "reinvestment_rate": -2.28,
            "research_to_sale_ratio": null,
            "price_fair": 1608.13,
            "eps_avg_yearly": 45.95,
            "eps_latest_yearly": 69.4,
            "eps_growth_yearly": 290.82
        },
        "20222": {
            "year_quarter": 20222,
            "year": 2022,
            "quarter": 2,
            "eps": 15.9,
            "eps_growth_year": 53.47,
            "eps_4q": 63.67,
            "eps_4q_growth_year": 194.99,
            "roe": 19.37,
            "roe_4q": 105.63,
            "gross_profit": 72472950,
            "gross_margin": 66.22,
            "gross_margin_4q_avg": 68.83,
            "net_income": 55641459,
            "net_income_4q": null,
            "revenue": 109447578,
            "revenue_4q": null,
            "common_shares": 34921043,
            "book_valuer_per_share": 79.92,
            "book_valuer_per_share_4q_avg": 70.53,
            "equity": 279881984,
            "current_ratio": 236.3,
            "debt_ratio": 45.39,
            "inventory_turnover_ratio": 7.3,
            "account_receivable_turnover_ratio": 4.54,
            "reinvestment_rate": -1.16,
            "research_to_sale_ratio": null,
            "price_fair": 1696.4,
            "eps_avg_yearly": 48.47,
            "eps_latest_yearly": 63.6,
            "eps_growth_yearly": 244.5
        },
        "20223": {
            "year_quarter": 20223,
            "year": 2022,
            "quarter": 3,
            "eps": 14.25,
            "eps_growth_year": -2.8,
            "eps_4q": 63.36,
            "eps_4q_growth_year": 84.37,
            "roe": 16.3,
            "roe_4q": 85.46000000000001,
            "gross_profit": 60257175,
            "gross_margin": 60.37,
            "gross_margin_4q_avg": 66.96,
            "net_income": 49869981,
            "net_income_4q": null,
            "revenue": 99812731,
            "revenue_4q": null,
            "common_shares": 34921043,
            "book_valuer_per_share": 94.82,
            "book_valuer_per_share_4q_avg": 81.46,
            "equity": 332021219,
            "current_ratio": 454.68,
            "debt_ratio": 34.09,
            "inventory_turnover_ratio": 6.88,
            "account_receivable_turnover_ratio": 4.26,
            "reinvestment_rate": -1.04,
            "research_to_sale_ratio": null,
            "price_fair": 1733.73,
            "eps_avg_yearly": 49.54,
            "eps_latest_yearly": 57,
            "eps_growth_yearly": 208.75
        },
        "20224": {
            "year_quarter": 20224,
            "year": 2022,
            "quarter": 4,
            "eps": 4.22,
            "eps_growth_year": -73.4,
            "eps_4q": 51.71,
            "eps_4q_growth_year": 9.27,
            "roe": 4.39,
            "roe_4q": 63,
            "gross_profit": 22124922,
            "gross_margin": 36.91,
            "gross_margin_4q_avg": 58.52,
            "net_income": 14821636,
            "net_income_4q": null,
            "revenue": 59935393,
            "revenue_4q": null,
            "common_shares": 34921043,
            "book_valuer_per_share": 98.21,
            "book_valuer_per_share_4q_avg": 89.28,
            "equity": 343785963,
            "current_ratio": 445.91,
            "debt_ratio": 32.35,
            "inventory_turnover_ratio": 7.4,
            "account_receivable_turnover_ratio": 3.63,
            "reinvestment_rate": -0.91,
            "research_to_sale_ratio": null,
            "price_fair": 1606.73,
            "eps_avg_yearly": 45.91,
            "eps_latest_yearly": 16.88,
            "eps_growth_yearly": 154.27
        },
        "20231": {
            "year_quarter": 20231,
            "year": 2023,
            "quarter": 1,
            "eps": 0.97,
            "eps_growth_year": -94.41,
            "eps_4q": 35.34,
            "eps_4q_growth_year": -38.7,
            "roe": 1,
            "roe_4q": 41.06,
            "gross_profit": 3416527,
            "gross_margin": 9.25,
            "gross_margin_4q_avg": 43.19,
            "net_income": 3461700,
            "net_income_4q": null,
            "revenue": 36953438,
            "revenue_4q": null,
            "common_shares": 34921043,
            "book_valuer_per_share": 99.02,
            "book_valuer_per_share_4q_avg": 92.99,
            "equity": 346612417,
            "current_ratio": 461.28,
            "debt_ratio": 31.2,
            "inventory_turnover_ratio": 7.38,
            "account_receivable_turnover_ratio": 3.89,
            "reinvestment_rate": -0.3,
            "research_to_sale_ratio": null,
            "price_fair": 1459.64,
            "eps_avg_yearly": 41.7,
            "eps_latest_yearly": 3.88,
            "eps_growth_yearly": 108.04
        },
        "20232": {
            "year_quarter": 20232,
            "year": 2023,
            "quarter": 2,
            "eps": -0.04,
            "eps_growth_year": -100.25,
            "eps_4q": 19.4,
            "eps_4q_growth_year": -69.53,
            "roe": -0,
            "roe_4q": 21.69,
            "gross_profit": 3550284,
            "gross_margin": 10.13,
            "gross_margin_4q_avg": 29.17,
            "net_income": -13115,
            "net_income_4q": null,
            "revenue": 35046373,
            "revenue_4q": null,
            "common_shares": 34921043,
            "book_valuer_per_share": 79.4,
            "book_valuer_per_share_4q_avg": 92.86,
            "equity": 278039170,
            "current_ratio": 267.2,
            "debt_ratio": 42.06,
            "inventory_turnover_ratio": 6.97,
            "account_receivable_turnover_ratio": 4.03,
            "reinvestment_rate": -0.49,
            "research_to_sale_ratio": null,
            "price_fair": 1459.64,
            "eps_avg_yearly": 41.7,
            "eps_latest_yearly": 3.88,
            "eps_growth_yearly": 108.04
        },
        "20233": {
            "year_quarter": 20233,
            "year": 2023,
            "quarter": 3,
            "eps": 0.8,
            "eps_growth_year": -94.39,
            "eps_4q": 5.96,
            "eps_4q_growth_year": -90.59,
            "roe": 1.03,
            "roe_4q": 6.42,
            "gross_profit": 610723,
            "gross_margin": 1.7,
            "gross_margin_4q_avg": 14.5,
            "net_income": 2880087,
            "net_income_4q": null,
            "revenue": 35901113,
            "revenue_4q": null,
            "common_shares": 34921043,
            "book_valuer_per_share": 80.83,
            "book_valuer_per_share_4q_avg": 89.37,
            "equity": 282967648,
            "current_ratio": 435.18,
            "debt_ratio": 31.9,
            "inventory_turnover_ratio": 7.78,
            "account_receivable_turnover_ratio": 4.21,
            "reinvestment_rate": 1.2,
            "research_to_sale_ratio": null,
            "price_fair": 1459.64,
            "eps_avg_yearly": 41.7,
            "eps_latest_yearly": 3.88,
            "eps_growth_yearly": 108.04
        }
    },
    "months": {
        "2001-06": {
            "month": "2001-06",
            "price": "9.14",
            "revenue": 4251046
        },
        "2001-07": {
            "month": "2001-07",
            "price": "7.67",
            "revenue": 3619897
        },
        "2001-08": {
            "month": "2001-08",
            "price": "8.68",
            "revenue": 3709420
        },
        "2001-09": {
            "month": "2001-09",
            "price": "7.51",
            "revenue": 3903871
        },
        "2001-10": {
            "month": "2001-10",
            "price": "6.69",
            "revenue": 3450733
        },
        "2001-11": {
            "month": "2001-11",
            "price": "7.15",
            "revenue": 3589634
        },
        "2001-12": {
            "month": "2001-12",
            "price": "7.77",
            "revenue": 3723990
        },
        "2002-01": {
            "month": "2002-01",
            "price": "8.07",
            "revenue": 3004750
        },
        "2002-02": {
            "month": "2002-02",
            "price": "8.93",
            "revenue": 3310488
        },
        "2002-03": {
            "month": "2002-03",
            "price": "9.22",
            "revenue": 3279470
        },
        "2002-04": {
            "month": "2002-04",
            "price": "9.17",
            "revenue": 3648144
        },
        "2002-05": {
            "month": "2002-05",
            "price": "9.02",
            "revenue": 4144293
        },
        "2002-06": {
            "month": "2002-06",
            "price": "8.54",
            "revenue": 4441742
        },
        "2002-07": {
            "month": "2002-07",
            "price": "8.05",
            "revenue": 3476574
        },
        "2002-08": {
            "month": "2002-08",
            "price": "7.23",
            "revenue": 3769959
        },
        "2002-09": {
            "month": "2002-09",
            "price": "6.99",
            "revenue": 4318357
        },
        "2002-10": {
            "month": "2002-10",
            "price": "7.42",
            "revenue": 3434943
        },
        "2002-11": {
            "month": "2002-11",
            "price": "8.48",
            "revenue": 4429950
        },
        "2002-12": {
            "month": "2002-12",
            "price": "10.17",
            "revenue": 4409921
        },
        "2003-01": {
            "month": "2003-01",
            "price": "18.80",
            "revenue": 3842727
        },
        "2003-02": {
            "month": "2003-02",
            "price": "17.60",
            "revenue": 4341448
        },
        "2003-03": {
            "month": "2003-03",
            "price": "18.10",
            "revenue": 4399749
        },
        "2003-04": {
            "month": "2003-04",
            "price": "18.18",
            "revenue": 4717762
        },
        "2003-05": {
            "month": "2003-05",
            "price": "17.72",
            "revenue": 5093279
        },
        "2003-06": {
            "month": "2003-06",
            "price": "21.30",
            "revenue": 5625584
        },
        "2003-07": {
            "month": "2003-07",
            "price": "25.94",
            "revenue": 5731471
        },
        "2003-08": {
            "month": "2003-08",
            "price": "27.05",
            "revenue": 6261549
        },
        "2003-09": {
            "month": "2003-09",
            "price": "29.48",
            "revenue": 5874577
        },
        "2003-10": {
            "month": "2003-10",
            "price": "32.89",
            "revenue": 5890996
        },
        "2003-11": {
            "month": "2003-11",
            "price": "32.38",
            "revenue": 5782960
        },
        "2003-12": {
            "month": "2003-12",
            "price": "32.84",
            "revenue": 5331554
        },
        "2004-01": {
            "month": "2004-01",
            "price": "37.52",
            "revenue": 5649094
        },
        "2004-02": {
            "month": "2004-02",
            "price": "37.44",
            "revenue": 5232758
        },
        "2004-03": {
            "month": "2004-03",
            "price": "40.53",
            "revenue": 5352454
        },
        "2004-04": {
            "month": "2004-04",
            "price": "35.34",
            "revenue": 5828587
        },
        "2004-05": {
            "month": "2004-05",
            "price": "28.43",
            "revenue": 6507990
        },
        "2004-06": {
            "month": "2004-06",
            "price": "28.84",
            "revenue": 6710326
        },
        "2004-07": {
            "month": "2004-07",
            "price": "29.65",
            "revenue": 7193579
        },
        "2004-08": {
            "month": "2004-08",
            "price": "28.08",
            "revenue": 7404432
        },
        "2004-09": {
            "month": "2004-09",
            "price": "31.09",
            "revenue": 7361645
        },
        "2004-10": {
            "month": "2004-10",
            "price": "32.15",
            "revenue": 7399722
        },
        "2004-11": {
            "month": "2004-11",
            "price": "29.68",
            "revenue": 7226894
        },
        "2004-12": {
            "month": "2004-12",
            "price": "29.97",
            "revenue": 6359897
        },
        "2005-01": {
            "month": "2005-01",
            "price": "29.12",
            "revenue": 6780938
        },
        "2005-02": {
            "month": "2005-02",
            "price": "29.50",
            "revenue": 6463549
        },
        "2005-03": {
            "month": "2005-03",
            "price": "31.65",
            "revenue": 5464779
        },
        "2005-04": {
            "month": "2005-04",
            "price": "31.36",
            "revenue": 6721294
        },
        "2005-05": {
            "month": "2005-05",
            "price": "29.80",
            "revenue": 7188427
        },
        "2005-06": {
            "month": "2005-06",
            "price": "28.73",
            "revenue": 6940813
        },
        "2005-07": {
            "month": "2005-07",
            "price": "27.59",
            "revenue": 7194318
        },
        "2005-08": {
            "month": "2005-08",
            "price": "26.24",
            "revenue": 7502878
        },
        "2005-09": {
            "month": "2005-09",
            "price": "22.05",
            "revenue": 8000371
        },
        "2005-10": {
            "month": "2005-10",
            "price": "19.82",
            "revenue": 7635311
        },
        "2005-11": {
            "month": "2005-11",
            "price": "19.92",
            "revenue": 7467066
        },
        "2005-12": {
            "month": "2005-12",
            "price": "20.89",
            "revenue": 6873250
        },
        "2006-01": {
            "month": "2006-01",
            "price": "20.02",
            "revenue": 6953894
        },
        "2006-02": {
            "month": "2006-02",
            "price": "20.36",
            "revenue": 6622627
        },
        "2006-03": {
            "month": "2006-03",
            "price": "19.56",
            "revenue": 5859622
        },
        "2006-04": {
            "month": "2006-04",
            "price": "20.66",
            "revenue": 7507936
        },
        "2006-05": {
            "month": "2006-05",
            "price": "20.72",
            "revenue": 7651358
        },
        "2006-06": {
            "month": "2006-06",
            "price": "19.62",
            "revenue": 7666183
        },
        "2006-07": {
            "month": "2006-07",
            "price": "19.77",
            "revenue": 7643644
        },
        "2006-08": {
            "month": "2006-08",
            "price": "19.15",
            "revenue": 8379165
        },
        "2006-09": {
            "month": "2006-09",
            "price": "16.49",
            "revenue": 8550346
        },
        "2006-10": {
            "month": "2006-10",
            "price": "17.29",
            "revenue": 8292046
        },
        "2006-11": {
            "month": "2006-11",
            "price": "16.65",
            "revenue": 8279447
        },
        "2006-12": {
            "month": "2006-12",
            "price": "17.85",
            "revenue": 8414194
        },
        "2007-01": {
            "month": "2007-01",
            "price": "17.66",
            "revenue": 8426723
        },
        "2007-02": {
            "month": "2007-02",
            "price": "20.41",
            "revenue": 8212262
        },
        "2007-03": {
            "month": "2007-03",
            "price": "22.56",
            "revenue": 7481761
        },
        "2007-04": {
            "month": "2007-04",
            "price": "24.11",
            "revenue": 8596978
        },
        "2007-05": {
            "month": "2007-05",
            "price": "22.48",
            "revenue": 9112741
        },
        "2007-06": {
            "month": "2007-06",
            "price": "23.70",
            "revenue": 9807641
        },
        "2007-07": {
            "month": "2007-07",
            "price": "25.95",
            "revenue": 9559314
        },
        "2007-08": {
            "month": "2007-08",
            "price": "23.09",
            "revenue": 10826871
        },
        "2007-09": {
            "month": "2007-09",
            "price": "24.93",
            "revenue": 10865722
        },
        "2007-10": {
            "month": "2007-10",
            "price": "27.91",
            "revenue": 10557139
        },
        "2007-11": {
            "month": "2007-11",
            "price": "25.54",
            "revenue": 10634028
        },
        "2007-12": {
            "month": "2007-12",
            "price": "23.88",
            "revenue": 10088179
        },
        "2008-01": {
            "month": "2008-01",
            "price": "22.52",
            "revenue": 9979454
        },
        "2008-02": {
            "month": "2008-02",
            "price": "20.18",
            "revenue": 10572324
        },
        "2008-03": {
            "month": "2008-03",
            "price": "22.12",
            "revenue": 7997734
        },
        "2008-04": {
            "month": "2008-04",
            "price": "24.01",
            "revenue": 9418677
        },
        "2008-05": {
            "month": "2008-05",
            "price": "23.86",
            "revenue": 9538328
        },
        "2008-06": {
            "month": "2008-06",
            "price": "22.01",
            "revenue": 10569049
        },
        "2008-07": {
            "month": "2008-07",
            "price": "19.03",
            "revenue": 10655823
        },
        "2008-08": {
            "month": "2008-08",
            "price": "18.03",
            "revenue": 10393910
        },
        "2008-09": {
            "month": "2008-09",
            "price": "12.58",
            "revenue": 10799391
        },
        "2008-10": {
            "month": "2008-10",
            "price": "8.95",
            "revenue": 10276128
        },
        "2008-11": {
            "month": "2008-11",
            "price": "10.74",
            "revenue": 9050083
        },
        "2008-12": {
            "month": "2008-12",
            "price": "10.67",
            "revenue": 7864160
        },
        "2009-01": {
            "month": "2009-01",
            "price": "9.91",
            "revenue": 6855796
        },
        "2009-02": {
            "month": "2009-02",
            "price": "9.21",
            "revenue": 5971103
        },
        "2009-03": {
            "month": "2009-03",
            "price": "9.95",
            "revenue": 5023698
        },
        "2009-04": {
            "month": "2009-04",
            "price": "11.98",
            "revenue": 5883564
        },
        "2009-05": {
            "month": "2009-05",
            "price": "12.66",
            "revenue": 5889820
        },
        "2009-06": {
            "month": "2009-06",
            "price": "12.47",
            "revenue": 5359782
        },
        "2009-07": {
            "month": "2009-07",
            "price": "12.39",
            "revenue": 5739501
        },
        "2009-08": {
            "month": "2009-08",
            "price": "12.67",
            "revenue": 6235618
        },
        "2009-09": {
            "month": "2009-09",
            "price": "12.75",
            "revenue": 6808922
        },
        "2009-10": {
            "month": "2009-10",
            "price": "12.25",
            "revenue": 6859221
        },
        "2009-11": {
            "month": "2009-11",
            "price": "11.60",
            "revenue": 6961983
        },
        "2009-12": {
            "month": "2009-12",
            "price": "11.67",
            "revenue": 6914189
        },
        "2010-01": {
            "month": "2010-01",
            "price": "12.33",
            "revenue": 7222258
        },
        "2010-02": {
            "month": "2010-02",
            "price": "10.86",
            "revenue": 7537842
        },
        "2010-03": {
            "month": "2010-03",
            "price": "12.12",
            "revenue": 7072275
        },
        "2010-04": {
            "month": "2010-04",
            "price": "12.25",
            "revenue": 8211439
        },
        "2010-05": {
            "month": "2010-05",
            "price": "12.63",
            "revenue": 8372095
        },
        "2010-06": {
            "month": "2010-06",
            "price": "13.98",
            "revenue": 9968593
        },
        "2010-07": {
            "month": "2010-07",
            "price": "19.32",
            "revenue": 10902311
        },
        "2010-08": {
            "month": "2010-08",
            "price": "21.43",
            "revenue": 12003714
        },
        "2010-09": {
            "month": "2010-09",
            "price": "19.97",
            "revenue": 11429190
        },
        "2010-10": {
            "month": "2010-10",
            "price": "21.27",
            "revenue": 10056119
        },
        "2010-11": {
            "month": "2010-11",
            "price": "23.27",
            "revenue": 9835258
        },
        "2010-12": {
            "month": "2010-12",
            "price": "25.05",
            "revenue": 9270336
        },
        "2011-01": {
            "month": "2011-01",
            "price": "29.37",
            "revenue": 8688604
        },
        "2011-02": {
            "month": "2011-02",
            "price": "26.51",
            "revenue": 7675241
        },
        "2011-03": {
            "month": "2011-03",
            "price": "24.28",
            "revenue": 6575044
        },
        "2011-04": {
            "month": "2011-04",
            "price": "24.36",
            "revenue": 8154527
        },
        "2011-05": {
            "month": "2011-05",
            "price": "25.09",
            "revenue": 8315199
        },
        "2011-06": {
            "month": "2011-06",
            "price": "22.29",
            "revenue": 8633817
        },
        "2011-07": {
            "month": "2011-07",
            "price": "19.80",
            "revenue": 8469883
        },
        "2011-08": {
            "month": "2011-08",
            "price": "16.65",
            "revenue": 8759907
        },
        "2011-09": {
            "month": "2011-09",
            "price": "14.82",
            "revenue": 8202013
        },
        "2011-10": {
            "month": "2011-10",
            "price": "12.18",
            "revenue": 8529435
        },
        "2011-11": {
            "month": "2011-11",
            "price": "11.82",
            "revenue": 8368826
        },
        "2011-12": {
            "month": "2011-12",
            "price": "11.14",
            "revenue": 7655817
        },
        "2012-01": {
            "month": "2012-01",
            "price": "12.83",
            "revenue": 7624382
        },
        "2012-02": {
            "month": "2012-02",
            "price": "16.26",
            "revenue": 7101570
        },
        "2012-03": {
            "month": "2012-03",
            "price": "16.77",
            "revenue": 6562046
        },
        "2012-04": {
            "month": "2012-04",
            "price": "14.02",
            "revenue": 8894340
        },
        "2012-05": {
            "month": "2012-05",
            "price": "12.41",
            "revenue": 8750712
        },
        "2012-06": {
            "month": "2012-06",
            "price": "12.43",
            "revenue": 9922199
        },
        "2012-07": {
            "month": "2012-07",
            "price": "12.84",
            "revenue": 10267227
        },
        "2012-08": {
            "month": "2012-08",
            "price": "12.71",
            "revenue": 10654406
        },
        "2012-09": {
            "month": "2012-09",
            "price": "12.13",
            "revenue": 10178910
        },
        "2012-10": {
            "month": "2012-10",
            "price": "11.85",
            "revenue": 9555558
        },
        "2012-11": {
            "month": "2012-11",
            "price": "11.59",
            "revenue": 8164666
        },
        "2012-12": {
            "month": "2012-12",
            "price": "12.93",
            "revenue": 8272552
        },
        "2013-01": {
            "month": "2013-01",
            "price": "14.48",
            "revenue": 10321004
        },
        "2013-02": {
            "month": "2013-02",
            "price": "14.19",
            "revenue": 7949795
        },
        "2013-03": {
            "month": "2013-03",
            "price": "14.24",
            "revenue": 9192650
        },
        "2013-04": {
            "month": "2013-04",
            "price": "13.37",
            "revenue": 9112818
        },
        "2013-05": {
            "month": "2013-05",
            "price": "13.00",
            "revenue": 9787238
        },
        "2013-06": {
            "month": "2013-06",
            "price": "12.34",
            "revenue": 11033826
        },
        "2013-07": {
            "month": "2013-07",
            "price": "12.54",
            "revenue": 9724528
        },
        "2013-08": {
            "month": "2013-08",
            "price": "13.04",
            "revenue": 11257539
        },
        "2013-09": {
            "month": "2013-09",
            "price": "13.64",
            "revenue": 11070888
        },
        "2013-10": {
            "month": "2013-10",
            "price": "13.29",
            "revenue": 8925060
        },
        "2013-11": {
            "month": "2013-11",
            "price": "12.65",
            "revenue": 9916274
        },
        "2013-12": {
            "month": "2013-12",
            "price": "13.17",
            "revenue": 10339174
        },
        "2014-01": {
            "month": "2014-01",
            "price": "13.57",
            "revenue": 10324781
        },
        "2014-02": {
            "month": "2014-02",
            "price": "12.84",
            "revenue": 7966961
        },
        "2014-03": {
            "month": "2014-03",
            "price": "12.61",
            "revenue": 9949693
        },
        "2014-04": {
            "month": "2014-04",
            "price": "12.77",
            "revenue": 10508815
        },
        "2014-05": {
            "month": "2014-05",
            "price": "12.46",
            "revenue": 11549400
        },
        "2014-06": {
            "month": "2014-06",
            "price": "12.22",
            "revenue": 12227509
        },
        "2014-07": {
            "month": "2014-07",
            "price": "12.28",
            "revenue": 12388324
        },
        "2014-08": {
            "month": "2014-08",
            "price": "12.84",
            "revenue": 12314652
        },
        "2014-09": {
            "month": "2014-09",
            "price": "13.60",
            "revenue": 12608897
        },
        "2014-10": {
            "month": "2014-10",
            "price": "13.41",
            "revenue": 11607571
        },
        "2014-11": {
            "month": "2014-11",
            "price": "13.74",
            "revenue": 11169293
        },
        "2014-12": {
            "month": "2014-12",
            "price": "14.83",
            "revenue": 12283001
        },
        "2015-01": {
            "month": "2015-01",
            "price": "16.98",
            "revenue": 11725044
        },
        "2015-02": {
            "month": "2015-02",
            "price": "16.32",
            "revenue": 10449227
        },
        "2015-03": {
            "month": "2015-03",
            "price": "17.89",
            "revenue": 10980447
        },
        "2015-04": {
            "month": "2015-04",
            "price": "17.18",
            "revenue": 10486095
        },
        "2015-05": {
            "month": "2015-05",
            "price": "13.85",
            "revenue": 10738229
        },
        "2015-06": {
            "month": "2015-06",
            "price": "10.99",
            "revenue": 11366642
        },
        "2015-07": {
            "month": "2015-07",
            "price": "11.38",
            "revenue": 10078131
        },
        "2015-08": {
            "month": "2015-08",
            "price": "10.58",
            "revenue": 11196414
        },
        "2015-09": {
            "month": "2015-09",
            "price": "10.08",
            "revenue": 10627325
        },
        "2015-10": {
            "month": "2015-10",
            "price": "10.00",
            "revenue": 9717595
        },
        "2015-11": {
            "month": "2015-11",
            "price": "9.17",
            "revenue": 9909044
        },
        "2015-12": {
            "month": "2015-12",
            "price": "8.16",
            "revenue": 10278908
        },
        "2016-01": {
            "month": "2016-01",
            "price": "7.88",
            "revenue": 9678224
        },
        "2016-02": {
            "month": "2016-02",
            "price": "8.30",
            "revenue": 8832008
        },
        "2016-03": {
            "month": "2016-03",
            "price": "8.82",
            "revenue": 8609057
        },
        "2016-04": {
            "month": "2016-04",
            "price": "8.54",
            "revenue": 8784786
        },
        "2016-05": {
            "month": "2016-05",
            "price": "7.90",
            "revenue": 9548493
        },
        "2016-06": {
            "month": "2016-06",
            "price": "7.75",
            "revenue": 9439672
        },
        "2016-07": {
            "month": "2016-07",
            "price": "7.64",
            "revenue": 9307908
        },
        "2016-08": {
            "month": "2016-08",
            "price": "7.27",
            "revenue": 10104670
        },
        "2016-09": {
            "month": "2016-09",
            "price": "7.22",
            "revenue": 9582922
        },
        "2016-10": {
            "month": "2016-10",
            "price": "6.98",
            "revenue": 9426691
        },
        "2016-11": {
            "month": "2016-11",
            "price": "6.10",
            "revenue": 10773181
        },
        "2016-12": {
            "month": "2016-12",
            "price": "4.93",
            "revenue": 11258598
        },
        "2017-01": {
            "month": "2017-01",
            "price": "5.26",
            "revenue": 11640587
        },
        "2017-02": {
            "month": "2017-02",
            "price": "6.21",
            "revenue": 9408923
        },
        "2017-03": {
            "month": "2017-03",
            "price": "7.10",
            "revenue": 9205344
        },
        "2017-04": {
            "month": "2017-04",
            "price": "6.75",
            "revenue": 9932266
        },
        "2017-05": {
            "month": "2017-05",
            "price": "11.89",
            "revenue": 11697402
        },
        "2017-06": {
            "month": "2017-06",
            "price": "12.59",
            "revenue": 11598024
        },
        "2017-07": {
            "month": "2017-07",
            "price": "13.43",
            "revenue": 12030869
        },
        "2017-08": {
            "month": "2017-08",
            "price": "15.29",
            "revenue": 12585841
        },
        "2017-09": {
            "month": "2017-09",
            "price": "14.70",
            "revenue": 11163840
        },
        "2017-10": {
            "month": "2017-10",
            "price": "12.45",
            "revenue": 10732876
        },
        "2017-11": {
            "month": "2017-11",
            "price": "12.15",
            "revenue": 10266535
        },
        "2017-12": {
            "month": "2017-12",
            "price": "11.42",
            "revenue": 10775897
        },
        "2018-01": {
            "month": "2018-01",
            "price": "11.93",
            "revenue": 10745665
        },
        "2018-02": {
            "month": "2018-02",
            "price": "10.51",
            "revenue": 10433920
        },
        "2018-03": {
            "month": "2018-03",
            "price": "10.75",
            "revenue": 9855290
        },
        "2018-04": {
            "month": "2018-04",
            "price": "10.31",
            "revenue": 9759959
        },
        "2018-05": {
            "month": "2018-05",
            "price": "9.77",
            "revenue": 11759030
        },
        "2018-06": {
            "month": "2018-06",
            "price": "9.49",
            "revenue": 12080221
        },
        "2018-07": {
            "month": "2018-07",
            "price": "9.04",
            "revenue": 12908340
        },
        "2018-08": {
            "month": "2018-08",
            "price": "8.89",
            "revenue": 13061264
        },
        "2018-09": {
            "month": "2018-09",
            "price": "8.68",
            "revenue": 12745597
        },
        "2018-10": {
            "month": "2018-10",
            "price": "8.29",
            "revenue": 12025638
        },
        "2018-11": {
            "month": "2018-11",
            "price": "8.53",
            "revenue": 12942309
        },
        "2018-12": {
            "month": "2018-12",
            "price": "8.97",
            "revenue": 13462125
        },
        "2019-01": {
            "month": "2019-01",
            "price": "8.83",
            "revenue": 12870206
        },
        "2019-02": {
            "month": "2019-02",
            "price": "8.93",
            "revenue": 10527099
        },
        "2019-03": {
            "month": "2019-03",
            "price": "8.86",
            "revenue": 11679177
        },
        "2019-04": {
            "month": "2019-04",
            "price": "8.77",
            "revenue": 11789274
        },
        "2019-05": {
            "month": "2019-05",
            "price": "8.30",
            "revenue": 13105222
        },
        "2019-06": {
            "month": "2019-06",
            "price": "8.08",
            "revenue": 15504036
        },
        "2019-07": {
            "month": "2019-07",
            "price": "8.71",
            "revenue": 13003004
        },
        "2019-08": {
            "month": "2019-08",
            "price": "8.14",
            "revenue": 12631351
        },
        "2019-09": {
            "month": "2019-09",
            "price": "7.96",
            "revenue": 12150242
        },
        "2019-10": {
            "month": "2019-10",
            "price": "7.65",
            "revenue": 11687288
        },
        "2019-11": {
            "month": "2019-11",
            "price": "7.30",
            "revenue": 11833422
        },
        "2019-12": {
            "month": "2019-12",
            "price": "7.30",
            "revenue": 12476858
        },
        "2020-01": {
            "month": "2020-01",
            "price": "7.17",
            "revenue": 14152198
        },
        "2020-02": {
            "month": "2020-02",
            "price": "6.74",
            "revenue": 9454224
        },
        "2020-03": {
            "month": "2020-03",
            "price": "5.74",
            "revenue": 11035757
        },
        "2020-04": {
            "month": "2020-04",
            "price": "5.55",
            "revenue": 10669681
        },
        "2020-05": {
            "month": "2020-05",
            "price": "6.48",
            "revenue": 10160559
        },
        "2020-06": {
            "month": "2020-06",
            "price": "6.61",
            "revenue": 10920044
        },
        "2020-07": {
            "month": "2020-07",
            "price": "6.37",
            "revenue": 12252479
        },
        "2020-08": {
            "month": "2020-08",
            "price": "7.93",
            "revenue": 13044917
        },
        "2020-09": {
            "month": "2020-09",
            "price": "10.30",
            "revenue": 13557209
        },
        "2020-10": {
            "month": "2020-10",
            "price": "10.71",
            "revenue": 14503826
        },
        "2020-11": {
            "month": "2020-11",
            "price": "12.89",
            "revenue": 15265361
        },
        "2020-12": {
            "month": "2020-12",
            "price": "17.93",
            "revenue": 16867489
        },
        "2021-01": {
            "month": "2021-01",
            "price": "24.44",
            "revenue": 20446252
        },
        "2021-02": {
            "month": "2021-02",
            "price": "24.74",
            "revenue": 20828733
        },
        "2021-03": {
            "month": "2021-03",
            "price": "31.01",
            "revenue": 21007470
        },
        "2021-04": {
            "month": "2021-04",
            "price": "54.80",
            "revenue": 21697633
        },
        "2021-05": {
            "month": "2021-05",
            "price": "88.65",
            "revenue": 24035492
        },
        "2021-06": {
            "month": "2021-06",
            "price": "134.62",
            "revenue": 27536541
        },
        "2021-07": {
            "month": "2021-07",
            "price": "170.23",
            "revenue": 29447429
        },
        "2021-08": {
            "month": "2021-08",
            "price": "131.30",
            "revenue": 32786329
        },
        "2021-09": {
            "month": "2021-09",
            "price": "121.28",
            "revenue": 33220266
        },
        "2021-10": {
            "month": "2021-10",
            "price": "92.39",
            "revenue": 33880099
        },
        "2021-11": {
            "month": "2021-11",
            "price": "109.25",
            "revenue": 34482336
        },
        "2021-12": {
            "month": "2021-12",
            "price": "123.39",
            "revenue": 35106734
        },
        "2022-01": {
            "month": "2022-01",
            "price": "107.20",
            "revenue": 35590304
        },
        "2022-02": {
            "month": "2022-02",
            "price": "113.20",
            "revenue": 33251041
        },
        "2022-03": {
            "month": "2022-03",
            "price": "126.35",
            "revenue": 37862827
        },
        "2022-04": {
            "month": "2022-04",
            "price": "122.84",
            "revenue": 36864512
        },
        "2022-05": {
            "month": "2022-05",
            "price": "124.21",
            "revenue": 33872528
        },
        "2022-06": {
            "month": "2022-06",
            "price": "112.05",
            "revenue": 38710538
        },
        "2022-07": {
            "month": "2022-07",
            "price": "85.31",
            "revenue": 36749405
        },
        "2022-08": {
            "month": "2022-08",
            "price": "86.34",
            "revenue": 35089619
        },
        "2022-09": {
            "month": "2022-09",
            "price": "68.24",
            "revenue": 27973707
        },
        "2022-10": {
            "month": "2022-10",
            "price": "62.34",
            "revenue": 23990181
        },
        "2022-11": {
            "month": "2022-11",
            "price": "63.35",
            "revenue": 19611827
        },
        "2022-12": {
            "month": "2022-12",
            "price": "64.05",
            "revenue": 16360098
        },
        "2023-01": {
            "month": "2023-01",
            "price": "62.74",
            "revenue": 12717561
        },
        "2023-02": {
            "month": "2023-02",
            "price": "61.76",
            "revenue": 11308551
        },
        "2023-03": {
            "month": "2023-03",
            "price": "65.67",
            "revenue": 12927326
        },
        "2023-04": {
            "month": "2023-04",
            "price": "65.14",
            "revenue": 11043398
        },
        "2023-05": {
            "month": "2023-05",
            "price": "61.15",
            "revenue": 11578380
        },
        "2023-06": {
            "month": "2023-06",
            "price": "62.32",
            "revenue": 12424596
        },
        "2023-07": {
            "month": "2023-07",
            "price": "48.68",
            "revenue": 11455953
        },
        "2023-08": {
            "month": "2023-08",
            "price": "44.02",
            "revenue": 12237199
        },
        "2023-09": {
            "month": "2023-09",
            "price": "44.42",
            "revenue": 12207961
        },
        "2023-10": {
            "month": "2023-10",
            "price": "43.02",
            "revenue": 11301611
        },
        "2023-11": {
            "month": "2023-11",
            "price": "42.02",
            "revenue": 10919002
        },
        "2023-12": {
            "month": "2023-12",
            "price": "47.80",
            "revenue": 10646168
        }
    }
}
