{
    "summary": {
        "stock_name": "華航",
        "stock_id": "2610",
        "category": "航運",
        "main_business": "客運、貨運、郵運<br>代理業務(包括營業、運務)及代理修護<br>倉儲業務之經營",
        "website_url": "http://www.china-airlines.com",
        "ceo": "高星潢",
        "pe_ratio": 30,
        "report_year_from": 2001,
        "report_year_to": 2023,
        "age": 22,
        "eps_negative_percentage": 36,
        "eps_growth_avg": {
            "last_all": -26.5,
            "last_2y": 15.19,
            "last_4y": -22.41,
            "last_8y": -13.36,
            "last_12y": -25.74,
            "last_16y": -31.66,
            "last_20y": null,
            "at_2006_last_3y": -9.44,
            "at_2007_last_3y": -22.44,
            "at_2008_last_3y": -63.25,
            "at_2009_last_3y": -52.38,
            "at_2010_last_3y": -100,
            "at_2011_last_3y": -100,
            "at_2012_last_3y": -100,
            "at_2013_last_3y": -100,
            "at_2014_last_3y": -100,
            "at_2015_last_3y": null,
            "at_2016_last_3y": -90.57,
            "at_2017_last_3y": 4.72,
            "at_2018_last_3y": -3.52,
            "at_2019_last_3y": -27.64,
            "at_2020_last_3y": -6.67,
            "at_2021_last_3y": -6.67,
            "at_2022_last_3y": -23.21,
            "at_2023_last_3y": -23.21,
            "at_2006_last_all": -9.44,
            "at_2007_last_all": -27.55,
            "at_2008_last_all": -27.55,
            "at_2009_last_all": -27.55,
            "at_2010_last_all": -27.55,
            "at_2011_last_all": -39.63,
            "at_2012_last_all": -39.63,
            "at_2013_last_all": -39.63,
            "at_2014_last_all": -39.63,
            "at_2015_last_all": -39.63,
            "at_2016_last_all": -46.9,
            "at_2017_last_all": -28.54,
            "at_2018_last_all": -27.59,
            "at_2019_last_all": -34.83,
            "at_2020_last_all": -34.83,
            "at_2021_last_all": -22.58,
            "at_2022_last_all": -26.5,
            "at_2023_last_all": -26.5
        },
        "latest_eps": 0.66,
        "latest_price": 19.65,
        "latest_roe": 5.31,
        "latest_gross_margin": 16.96,
        "latest_equity": 74695874,
        "latest_revenue": 47193097,
        "latest_gross_profit": 8006309,
        "latest_net_income": 3464501,
        "latest_debt_ratio": 74.87,
        "latest_current_ratio": 82.09,
        "latest_account_receivable_turnover_ratio": 4.64,
        "latest_inventory_turnover_ratio": 3.58,
        "latest_reinvestment_rate": -193.17,
        "latest_research_to_sale_ratio": null
    },
    "eps_dividends": {
        "1992": {
            "cash": 0,
            "stock": 3.33,
            "eps": 0
        },
        "1993": {
            "cash": 1.5,
            "stock": 1.5,
            "eps": 0
        },
        "1994": {
            "cash": 1.5,
            "stock": 1.5,
            "eps": 0
        },
        "1995": {
            "cash": 0,
            "stock": 1.5,
            "eps": 0
        },
        "1996": {
            "cash": 0.3,
            "stock": 1.2,
            "eps": 0
        },
        "1998": {
            "cash": 0.5,
            "stock": 1,
            "eps": 0
        },
        "2000": {
            "cash": 0,
            "stock": 1,
            "eps": 0
        },
        "2001": {
            "cash": 0.3,
            "stock": 0.7,
            "eps": 0
        },
        "2002": {
            "cash": 0.15,
            "stock": 0.45,
            "eps": 1.25
        },
        "2003": {
            "cash": 0,
            "stock": 1,
            "eps": 0.65
        },
        "2004": {
            "cash": 0.1,
            "stock": 0.5,
            "eps": 1.4
        },
        "2005": {
            "cash": 0.2,
            "stock": 1.01,
            "eps": 0.21
        },
        "2006": {
            "cash": 0,
            "stock": 0.49,
            "eps": 0.2
        },
        "2007": {
            "cash": 0.12,
            "stock": 0.3,
            "eps": -0.64
        },
        "2008": {
            "cash": 0,
            "stock": 0,
            "eps": -7.15
        },
        "2009": {
            "cash": 0,
            "stock": 0,
            "eps": -0.9
        },
        "2010": {
            "cash": 0,
            "stock": 0,
            "eps": 2.31
        },
        "2011": {
            "cash": 0.4,
            "stock": 0,
            "eps": -0.42
        },
        "2012": {
            "cash": 0,
            "stock": 0,
            "eps": -0.04
        },
        "2013": {
            "cash": 0,
            "stock": 0,
            "eps": -0.24
        },
        "2014": {
            "cash": 0,
            "stock": 0,
            "eps": -0.15
        },
        "2015": {
            "cash": 0,
            "stock": 0,
            "eps": 1.06
        },
        "2016": {
            "cash": 0.46,
            "stock": 0,
            "eps": 0.1
        },
        "2017": {
            "cash": 0,
            "stock": 0,
            "eps": 0.4
        },
        "2018": {
            "cash": 0.22,
            "stock": 0,
            "eps": 0.32
        },
        "2019": {
            "cash": 0.21,
            "stock": 0,
            "eps": -0.22
        },
        "2020": {
            "cash": 0,
            "stock": 0,
            "eps": 0.02
        },
        "2021": {
            "cash": 0,
            "stock": 0,
            "eps": 1.58
        },
        "2022": {
            "cash": 0.84,
            "stock": 0,
            "eps": 0.48
        },
        "2023": {
            "cash": 0.46,
            "stock": 0,
            "eps": 0.77
        }
    },
    "dividends": {
        "1992-05-16": {
            "cash": 0,
            "stock": 3.33
        },
        "1993-06-05": {
            "cash": 1.5,
            "stock": 1.5
        },
        "1994-05-28": {
            "cash": 1.5,
            "stock": 1.5
        },
        "1995-05-27": {
            "cash": 0,
            "stock": 1.5
        },
        "1996-06-05": {
            "cash": 0.3,
            "stock": 1.2
        },
        "1998-05-28": {
            "cash": 0.5,
            "stock": 1
        },
        "2000-06-01": {
            "cash": 0,
            "stock": 1
        },
        "2001-06-01": {
            "cash": 0.3,
            "stock": 0.7
        },
        "2002-06-28": {
            "cash": 0.15,
            "stock": 0.45
        },
        "2003-03-10": {
            "cash": 0,
            "stock": 1
        },
        "2004-03-23": {
            "cash": 0.1,
            "stock": 0.5
        },
        "2005-03-16": {
            "cash": 0.2,
            "stock": 1.01
        },
        "2006-04-04": {
            "cash": 0,
            "stock": 0.49
        },
        "2007-04-02": {
            "cash": 0.12,
            "stock": 0.3
        },
        "2011-04-29": {
            "cash": 0.4,
            "stock": 0
        },
        "2016-08-24": {
            "cash": 0.46,
            "stock": 0
        },
        "2018-09-12": {
            "cash": 0.22,
            "stock": 0
        },
        "2019-08-27": {
            "cash": 0.21,
            "stock": 0
        },
        "2022-08-09": {
            "cash": 0.84,
            "stock": 0
        },
        "2023-08-11": {
            "cash": 0.46,
            "stock": 0
        }
    },
    "prices": {
        "200101": "21.31",
        "200102": "20.87",
        "200103": "19.35",
        "200104": "18.22",
        "200105": "17.05",
        "200106": "16.32",
        "200107": "14.03",
        "200108": "16.22",
        "200109": "14.21",
        "200110": "10.56",
        "200111": "12.19",
        "200112": "12.93",
        "200201": "13.62",
        "200202": "14.90",
        "200203": "15.76",
        "200204": "15.05",
        "200205": "14.66",
        "200206": "12.83",
        "200207": "12.84",
        "200208": "12.15",
        "200209": "11.35",
        "200210": "12.43",
        "200211": "15.39",
        "200212": "15.53",
        "200301": "16.66",
        "200302": "14.32",
        "200303": "13.45",
        "200304": "12.28",
        "200305": "12.32",
        "200306": "13.74",
        "200307": "14.22",
        "200308": "13.90",
        "200309": "13.96",
        "200310": "14.85",
        "200311": "15.48",
        "200312": "14.97",
        "200401": "16.38",
        "200402": "18.84",
        "200403": "21.24",
        "200404": "19.27",
        "200405": "17.17",
        "200406": "17.40",
        "200407": "17.79",
        "200408": "16.70",
        "200409": "17.40",
        "200410": "17.83",
        "200411": "17.95",
        "200412": "18.18",
        "200501": "18.03",
        "200502": "17.86",
        "200503": "17.70",
        "200504": "16.82",
        "200505": "17.38",
        "200506": "17.94",
        "200507": "17.14",
        "200508": "16.48",
        "200509": "15.49",
        "200510": "14.81",
        "200511": "15.01",
        "200512": "15.54",
        "200601": "15.13",
        "200602": "14.59",
        "200603": "14.18",
        "200604": "14.95",
        "200605": "15.18",
        "200606": "15.05",
        "200607": "14.70",
        "200608": "14.21",
        "200609": "14.23",
        "200610": "14.52",
        "200611": "14.68",
        "200612": "15.08",
        "200701": "15.60",
        "200702": "15.80",
        "200703": "14.83",
        "200704": "15.04",
        "200705": "14.53",
        "200706": "14.62",
        "200707": "15.58",
        "200708": "13.65",
        "200709": "13.02",
        "200710": "14.37",
        "200711": "14.34",
        "200712": "14.12",
        "200801": "15.92",
        "200802": "16.54",
        "200803": "17.80",
        "200804": "17.39",
        "200805": "15.70",
        "200806": "14.27",
        "200807": "11.18",
        "200808": "10.84",
        "200809": "8.99",
        "200810": "6.25",
        "200811": "7.47",
        "200812": "8.05",
        "200901": "6.98",
        "200902": "6.53",
        "200903": "7.46",
        "200904": "9.18",
        "200905": "8.89",
        "200906": "8.30",
        "200907": "8.70",
        "200908": "8.34",
        "200909": "11.83",
        "200910": "10.83",
        "200911": "10.29",
        "200912": "10.68",
        "201001": "11.10",
        "201002": "10.40",
        "201003": "10.98",
        "201004": "12.54",
        "201005": "13.24",
        "201006": "15.33",
        "201007": "17.58",
        "201008": "19.89",
        "201009": "21.07",
        "201010": "23.84",
        "201011": "23.40",
        "201012": "24.53",
        "201101": "23.40",
        "201102": "19.86",
        "201103": "17.82",
        "201104": "18.51",
        "201105": "18.74",
        "201106": "18.77",
        "201107": "18.20",
        "201108": "15.75",
        "201109": "14.34",
        "201110": "14.93",
        "201111": "13.94",
        "201112": "12.65",
        "201201": "13.62",
        "201202": "14.20",
        "201203": "13.36",
        "201204": "11.41",
        "201205": "11.88",
        "201206": "12.76",
        "201207": "12.66",
        "201208": "12.19",
        "201209": "11.82",
        "201210": "11.89",
        "201211": "11.42",
        "201212": "12.02",
        "201301": "12.75",
        "201302": "12.44",
        "201303": "12.16",
        "201304": "11.25",
        "201305": "11.61",
        "201306": "11.36",
        "201307": "11.29",
        "201308": "10.74",
        "201309": "10.80",
        "201310": "10.72",
        "201311": "10.68",
        "201312": "10.71",
        "201401": "10.78",
        "201402": "10.37",
        "201403": "10.18",
        "201404": "10.20",
        "201405": "10.21",
        "201406": "10.12",
        "201407": "10.23",
        "201408": "10.04",
        "201409": "10.13",
        "201410": "10.52",
        "201411": "12.35",
        "201412": "14.21",
        "201501": "15.86",
        "201502": "15.07",
        "201503": "15.46",
        "201504": "16.84",
        "201505": "14.85",
        "201506": "13.03",
        "201507": "14.02",
        "201508": "12.89",
        "201509": "11.35",
        "201510": "11.59",
        "201511": "11.39",
        "201512": "11.35",
        "201601": "11.28",
        "201602": "11.38",
        "201603": "11.57",
        "201604": "10.89",
        "201605": "10.20",
        "201606": "10.12",
        "201607": "9.56",
        "201608": "9.40",
        "201609": "9.44",
        "201610": "9.41",
        "201611": "9.42",
        "201612": "9.42",
        "201701": "9.36",
        "201702": "9.74",
        "201703": "10.35",
        "201704": "9.36",
        "201705": "9.22",
        "201706": "9.16",
        "201707": "9.25",
        "201708": "10.60",
        "201709": "12.24",
        "201710": "11.73",
        "201711": "11.42",
        "201712": "11.94",
        "201801": "12.42",
        "201802": "11.60",
        "201803": "11.00",
        "201804": "10.53",
        "201805": "10.15",
        "201806": "9.95",
        "201807": "9.60",
        "201808": "9.44",
        "201809": "9.28",
        "201810": "9.18",
        "201811": "10.09",
        "201812": "10.84",
        "201901": "10.84",
        "201902": "10.12",
        "201903": "9.89",
        "201904": "9.82",
        "201905": "9.52",
        "201906": "9.88",
        "201907": "9.74",
        "201908": "9.20",
        "201909": "9.18",
        "201910": "9.11",
        "201911": "9.05",
        "201912": "9.07",
        "202001": "8.90",
        "202002": "8.34",
        "202003": "7.14",
        "202004": "7.18",
        "202005": "8.12",
        "202006": "8.44",
        "202007": "8.06",
        "202008": "8.13",
        "202009": "8.74",
        "202010": "8.63",
        "202011": "9.09",
        "202012": "11.41",
        "202101": "10.70",
        "202102": "11.94",
        "202103": "14.54",
        "202104": "18.46",
        "202105": "16.45",
        "202106": "19.38",
        "202107": "18.21",
        "202108": "17.25",
        "202109": "16.24",
        "202110": "16.69",
        "202111": "24.68",
        "202112": "26.96",
        "202201": "25.43",
        "202202": "28.19",
        "202203": "27.17",
        "202204": "28.07",
        "202205": "26.46",
        "202206": "24.72",
        "202207": "22.91",
        "202208": "21.73",
        "202209": "21.52",
        "202210": "17.96",
        "202211": "17.37",
        "202212": "19.01",
        "202301": "19.04",
        "202302": "19.93",
        "202303": "19.67",
        "202304": "19.23",
        "202305": "19.86",
        "202306": "25.06",
        "202307": "25.78",
        "202308": "24.17",
        "202309": "22.36",
        "202310": "20.16"
    },
    "quarters": {
        "20011": {
            "year_quarter": 20011,
            "year": 2001,
            "quarter": 1,
            "eps": null,
            "eps_growth_year": null,
            "eps_4q": null,
            "eps_4q_growth_year": null,
            "roe": null,
            "roe_4q": 0,
            "gross_profit": null,
            "gross_margin": null,
            "gross_margin_4q_avg": 0,
            "net_income": null,
            "net_income_4q": null,
            "revenue": null,
            "revenue_4q": null,
            "common_shares": null,
            "book_valuer_per_share": null,
            "book_valuer_per_share_4q_avg": 0,
            "equity": null,
            "current_ratio": null,
            "debt_ratio": null,
            "inventory_turnover_ratio": null,
            "account_receivable_turnover_ratio": null,
            "reinvestment_rate": null,
            "research_to_sale_ratio": null,
            "price_fair": 0,
            "eps_avg_yearly": 0,
            "eps_latest_yearly": 0,
            "eps_growth_yearly": 0
        },
        "20012": {
            "year_quarter": 20012,
            "year": 2001,
            "quarter": 2,
            "eps": null,
            "eps_growth_year": null,
            "eps_4q": null,
            "eps_4q_growth_year": null,
            "roe": null,
            "roe_4q": 0,
            "gross_profit": null,
            "gross_margin": null,
            "gross_margin_4q_avg": 0,
            "net_income": null,
            "net_income_4q": null,
            "revenue": null,
            "revenue_4q": null,
            "common_shares": null,
            "book_valuer_per_share": null,
            "book_valuer_per_share_4q_avg": 0,
            "equity": null,
            "current_ratio": null,
            "debt_ratio": null,
            "inventory_turnover_ratio": null,
            "account_receivable_turnover_ratio": null,
            "reinvestment_rate": null,
            "research_to_sale_ratio": null,
            "price_fair": 0,
            "eps_avg_yearly": 0,
            "eps_latest_yearly": 0,
            "eps_growth_yearly": 0
        },
        "20013": {
            "year_quarter": 20013,
            "year": 2001,
            "quarter": 3,
            "eps": null,
            "eps_growth_year": null,
            "eps_4q": null,
            "eps_4q_growth_year": null,
            "roe": null,
            "roe_4q": 0,
            "gross_profit": null,
            "gross_margin": null,
            "gross_margin_4q_avg": 0,
            "net_income": null,
            "net_income_4q": null,
            "revenue": null,
            "revenue_4q": null,
            "common_shares": null,
            "book_valuer_per_share": null,
            "book_valuer_per_share_4q_avg": 0,
            "equity": null,
            "current_ratio": null,
            "debt_ratio": null,
            "inventory_turnover_ratio": null,
            "account_receivable_turnover_ratio": null,
            "reinvestment_rate": null,
            "research_to_sale_ratio": null,
            "price_fair": 0,
            "eps_avg_yearly": 0,
            "eps_latest_yearly": 0,
            "eps_growth_yearly": 0
        },
        "20014": {
            "year_quarter": 20014,
            "year": 2001,
            "quarter": 4,
            "eps": null,
            "eps_growth_year": null,
            "eps_4q": null,
            "eps_4q_growth_year": null,
            "roe": null,
            "roe_4q": 0,
            "gross_profit": null,
            "gross_margin": null,
            "gross_margin_4q_avg": 0,
            "net_income": null,
            "net_income_4q": null,
            "revenue": null,
            "revenue_4q": null,
            "common_shares": 24238993,
            "book_valuer_per_share": 18.41,
            "book_valuer_per_share_4q_avg": 4.6,
            "equity": 44620359,
            "current_ratio": 78.22,
            "debt_ratio": 69.89,
            "inventory_turnover_ratio": null,
            "account_receivable_turnover_ratio": null,
            "reinvestment_rate": null,
            "research_to_sale_ratio": null,
            "price_fair": 0,
            "eps_avg_yearly": 0,
            "eps_latest_yearly": 0,
            "eps_growth_yearly": 0
        },
        "20021": {
            "year_quarter": 20021,
            "year": 2002,
            "quarter": 1,
            "eps": 0.36,
            "eps_growth_year": null,
            "eps_4q": null,
            "eps_4q_growth_year": null,
            "roe": 1.94,
            "roe_4q": 1.94,
            "gross_profit": 2940263,
            "gross_margin": 16.14,
            "gross_margin_4q_avg": 4.04,
            "net_income": 870542,
            "net_income_4q": null,
            "revenue": 18216398,
            "revenue_4q": null,
            "common_shares": 24238993,
            "book_valuer_per_share": 18.57,
            "book_valuer_per_share_4q_avg": 9.25,
            "equity": 45014660,
            "current_ratio": 75.03,
            "debt_ratio": 71.61,
            "inventory_turnover_ratio": null,
            "account_receivable_turnover_ratio": null,
            "reinvestment_rate": null,
            "research_to_sale_ratio": null,
            "price_fair": 0,
            "eps_avg_yearly": 0,
            "eps_latest_yearly": 0,
            "eps_growth_yearly": 0
        },
        "20022": {
            "year_quarter": 20022,
            "year": 2002,
            "quarter": 2,
            "eps": 0.19,
            "eps_growth_year": null,
            "eps_4q": null,
            "eps_4q_growth_year": null,
            "roe": 1.04,
            "roe_4q": 2.98,
            "gross_profit": 5779156,
            "gross_margin": 27.93,
            "gross_margin_4q_avg": 11.02,
            "net_income": 464810,
            "net_income_4q": null,
            "revenue": 20690955,
            "revenue_4q": null,
            "common_shares": 24238993,
            "book_valuer_per_share": 18.35,
            "book_valuer_per_share_4q_avg": 13.83,
            "equity": 44476321,
            "current_ratio": 95.62,
            "debt_ratio": 71.98,
            "inventory_turnover_ratio": null,
            "account_receivable_turnover_ratio": null,
            "reinvestment_rate": null,
            "research_to_sale_ratio": null,
            "price_fair": 2.28,
            "eps_avg_yearly": 0.76,
            "eps_latest_yearly": 0.76,
            "eps_growth_yearly": -188.89
        },
        "20023": {
            "year_quarter": 20023,
            "year": 2002,
            "quarter": 3,
            "eps": 0.36,
            "eps_growth_year": null,
            "eps_4q": null,
            "eps_4q_growth_year": null,
            "roe": 2.03,
            "roe_4q": 5.01,
            "gross_profit": 4245972,
            "gross_margin": 21.93,
            "gross_margin_4q_avg": 16.5,
            "net_income": 918948,
            "net_income_4q": null,
            "revenue": 19365841,
            "revenue_4q": null,
            "common_shares": 25426144,
            "book_valuer_per_share": 18.04,
            "book_valuer_per_share_4q_avg": 18.34,
            "equity": 45856578,
            "current_ratio": 72.29,
            "debt_ratio": 71.81,
            "inventory_turnover_ratio": null,
            "account_receivable_turnover_ratio": null,
            "reinvestment_rate": null,
            "research_to_sale_ratio": null,
            "price_fair": 38.5,
            "eps_avg_yearly": 1.1,
            "eps_latest_yearly": 1.44,
            "eps_growth_yearly": 84.5
        },
        "20024": {
            "year_quarter": 20024,
            "year": 2002,
            "quarter": 4,
            "eps": 0.34,
            "eps_growth_year": null,
            "eps_4q": 1.23,
            "eps_4q_growth_year": null,
            "roe": 1.87,
            "roe_4q": 6.879999999999999,
            "gross_profit": 4852093,
            "gross_margin": 23.48,
            "gross_margin_4q_avg": 22.37,
            "net_income": 865144,
            "net_income_4q": null,
            "revenue": 20664547,
            "revenue_4q": null,
            "common_shares": 25427956,
            "book_valuer_per_share": 18.4,
            "book_valuer_per_share_4q_avg": 18.34,
            "equity": 46788159,
            "current_ratio": 55.71,
            "debt_ratio": 71.42,
            "inventory_turnover_ratio": null,
            "account_receivable_turnover_ratio": null,
            "reinvestment_rate": null,
            "research_to_sale_ratio": null,
            "price_fair": 41.53,
            "eps_avg_yearly": 1.19,
            "eps_latest_yearly": 1.36,
            "eps_growth_yearly": 48.93
        },
        "20031": {
            "year_quarter": 20031,
            "year": 2003,
            "quarter": 1,
            "eps": 0.18,
            "eps_growth_year": -50,
            "eps_4q": 1.07,
            "eps_4q_growth_year": null,
            "roe": 0.97,
            "roe_4q": 5.909999999999999,
            "gross_profit": 3484862,
            "gross_margin": 18.19,
            "gross_margin_4q_avg": 22.88,
            "net_income": 456938,
            "net_income_4q": null,
            "revenue": 19160201,
            "revenue_4q": null,
            "common_shares": 25427956,
            "book_valuer_per_share": 18.55,
            "book_valuer_per_share_4q_avg": 18.34,
            "equity": 47168989,
            "current_ratio": 48.28,
            "debt_ratio": 71.96,
            "inventory_turnover_ratio": null,
            "account_receivable_turnover_ratio": null,
            "reinvestment_rate": null,
            "research_to_sale_ratio": null,
            "price_fair": 3.21,
            "eps_avg_yearly": 1.07,
            "eps_latest_yearly": 0.72,
            "eps_growth_yearly": -10.36
        },
        "20032": {
            "year_quarter": 20032,
            "year": 2003,
            "quarter": 2,
            "eps": -0.49,
            "eps_growth_year": -357.89,
            "eps_4q": 0.35,
            "eps_4q_growth_year": null,
            "roe": -2.93,
            "roe_4q": 1.9399999999999997,
            "gross_profit": 1751859,
            "gross_margin": 12.62,
            "gross_margin_4q_avg": 19.06,
            "net_income": -1361961,
            "net_income_4q": null,
            "revenue": 13885972,
            "revenue_4q": null,
            "common_shares": 25427956,
            "book_valuer_per_share": 17.95,
            "book_valuer_per_share_4q_avg": 18.24,
            "equity": 45655345,
            "current_ratio": 72.67,
            "debt_ratio": 74.07,
            "inventory_turnover_ratio": null,
            "account_receivable_turnover_ratio": null,
            "reinvestment_rate": null,
            "research_to_sale_ratio": null,
            "price_fair": 3.21,
            "eps_avg_yearly": 1.07,
            "eps_latest_yearly": 0.72,
            "eps_growth_yearly": -10.36
        },
        "20033": {
            "year_quarter": 20033,
            "year": 2003,
            "quarter": 3,
            "eps": 0.47,
            "eps_growth_year": 30.56,
            "eps_4q": 0.46,
            "eps_4q_growth_year": null,
            "roe": 2.85,
            "roe_4q": 2.76,
            "gross_profit": 4804086,
            "gross_margin": 23.44,
            "gross_margin_4q_avg": 19.43,
            "net_income": 1313173,
            "net_income_4q": null,
            "revenue": 20492808,
            "revenue_4q": null,
            "common_shares": 28139723,
            "book_valuer_per_share": 16.51,
            "book_valuer_per_share_4q_avg": 17.85,
            "equity": 46459963,
            "current_ratio": 72.25,
            "debt_ratio": 74.29,
            "inventory_turnover_ratio": null,
            "account_receivable_turnover_ratio": null,
            "reinvestment_rate": null,
            "research_to_sale_ratio": null,
            "price_fair": 3.21,
            "eps_avg_yearly": 1.07,
            "eps_latest_yearly": 0.72,
            "eps_growth_yearly": -10.36
        },
        "20034": {
            "year_quarter": 20034,
            "year": 2003,
            "quarter": 4,
            "eps": 0.49,
            "eps_growth_year": 44.12,
            "eps_4q": 0.64,
            "eps_4q_growth_year": -48.13,
            "roe": 2.89,
            "roe_4q": 3.7800000000000002,
            "gross_profit": 5348103,
            "gross_margin": 23.96,
            "gross_margin_4q_avg": 19.55,
            "net_income": 1371316,
            "net_income_4q": null,
            "revenue": 22320155,
            "revenue_4q": null,
            "common_shares": 28489288,
            "book_valuer_per_share": 16.98,
            "book_valuer_per_share_4q_avg": 17.5,
            "equity": 48369452,
            "current_ratio": 84.99,
            "debt_ratio": 74.66,
            "inventory_turnover_ratio": null,
            "account_receivable_turnover_ratio": null,
            "reinvestment_rate": null,
            "research_to_sale_ratio": null,
            "price_fair": 3.74,
            "eps_avg_yearly": 1.25,
            "eps_latest_yearly": 1.96,
            "eps_growth_yearly": -4.89
        },
        "20041": {
            "year_quarter": 20041,
            "year": 2004,
            "quarter": 1,
            "eps": 0.24,
            "eps_growth_year": 33.33,
            "eps_4q": 0.7,
            "eps_4q_growth_year": -34.67,
            "roe": 1.43,
            "roe_4q": 4.24,
            "gross_profit": 4262715,
            "gross_margin": 19.75,
            "gross_margin_4q_avg": 19.94,
            "net_income": 695581,
            "net_income_4q": null,
            "revenue": 21582449,
            "revenue_4q": null,
            "common_shares": 28489288,
            "book_valuer_per_share": 17.13,
            "book_valuer_per_share_4q_avg": 17.14,
            "equity": 48812442,
            "current_ratio": 84.3,
            "debt_ratio": 75.62,
            "inventory_turnover_ratio": null,
            "account_receivable_turnover_ratio": null,
            "reinvestment_rate": null,
            "research_to_sale_ratio": null,
            "price_fair": 3.6,
            "eps_avg_yearly": 1.2,
            "eps_latest_yearly": 0.96,
            "eps_growth_yearly": -38.09
        },
        "20042": {
            "year_quarter": 20042,
            "year": 2004,
            "quarter": 2,
            "eps": 0.18,
            "eps_growth_year": null,
            "eps_4q": 1.32,
            "eps_4q_growth_year": 283.02,
            "roe": 1.09,
            "roe_4q": 8.26,
            "gross_profit": 3826806,
            "gross_margin": 17.23,
            "gross_margin_4q_avg": 21.1,
            "net_income": 531769,
            "net_income_4q": null,
            "revenue": 22207473,
            "revenue_4q": null,
            "common_shares": 28489288,
            "book_valuer_per_share": 17.17,
            "book_valuer_per_share_4q_avg": 16.95,
            "equity": 48922851,
            "current_ratio": 74.11,
            "debt_ratio": 76.96,
            "inventory_turnover_ratio": null,
            "account_receivable_turnover_ratio": null,
            "reinvestment_rate": null,
            "research_to_sale_ratio": null,
            "price_fair": 3.39,
            "eps_avg_yearly": 1.13,
            "eps_latest_yearly": 0.72,
            "eps_growth_yearly": -46.93
        },
        "20043": {
            "year_quarter": 20043,
            "year": 2004,
            "quarter": 3,
            "eps": 0.72,
            "eps_growth_year": 53.19,
            "eps_4q": 1.58,
            "eps_4q_growth_year": 247.43,
            "roe": 4.31,
            "roe_4q": 9.719999999999999,
            "gross_profit": 6161455,
            "gross_margin": 23.46,
            "gross_margin_4q_avg": 21.1,
            "net_income": 2167213,
            "net_income_4q": null,
            "revenue": 26263145,
            "revenue_4q": null,
            "common_shares": 30065180,
            "book_valuer_per_share": 17.18,
            "book_valuer_per_share_4q_avg": 17.12,
            "equity": 51639741,
            "current_ratio": 71.74,
            "debt_ratio": 76.12,
            "inventory_turnover_ratio": null,
            "account_receivable_turnover_ratio": null,
            "reinvestment_rate": null,
            "research_to_sale_ratio": null,
            "price_fair": 47.25,
            "eps_avg_yearly": 1.35,
            "eps_latest_yearly": 2.88,
            "eps_growth_yearly": 108.94
        },
        "20044": {
            "year_quarter": 20044,
            "year": 2004,
            "quarter": 4,
            "eps": 0.26,
            "eps_growth_year": -46.94,
            "eps_4q": 1.38,
            "eps_4q_growth_year": 117,
            "roe": 1.51,
            "roe_4q": 8.34,
            "gross_profit": 5650749,
            "gross_margin": 21.63,
            "gross_margin_4q_avg": 20.52,
            "net_income": 788164,
            "net_income_4q": null,
            "revenue": 26121995,
            "revenue_4q": null,
            "common_shares": 31036983,
            "book_valuer_per_share": 16.96,
            "book_valuer_per_share_4q_avg": 17.11,
            "equity": 52650742,
            "current_ratio": 69.54,
            "debt_ratio": 75.77,
            "inventory_turnover_ratio": null,
            "account_receivable_turnover_ratio": null,
            "reinvestment_rate": null,
            "research_to_sale_ratio": null,
            "price_fair": 46.04,
            "eps_avg_yearly": 1.32,
            "eps_latest_yearly": 1.04,
            "eps_growth_yearly": 68.44
        },
        "20051": {
            "year_quarter": 20051,
            "year": 2005,
            "quarter": 1,
            "eps": 0.26,
            "eps_growth_year": 8.33,
            "eps_4q": 1.37,
            "eps_4q_growth_year": 96.34,
            "roe": 1.54,
            "roe_4q": 8.45,
            "gross_profit": 4571542,
            "gross_margin": 18.97,
            "gross_margin_4q_avg": 20.32,
            "net_income": 818923,
            "net_income_4q": null,
            "revenue": 24099339,
            "revenue_4q": null,
            "common_shares": 31406078,
            "book_valuer_per_share": 17.11,
            "book_valuer_per_share_4q_avg": 17.11,
            "equity": 53748699,
            "current_ratio": 62.8,
            "debt_ratio": 75.69,
            "inventory_turnover_ratio": null,
            "account_receivable_turnover_ratio": null,
            "reinvestment_rate": null,
            "research_to_sale_ratio": null,
            "price_fair": 45.08,
            "eps_avg_yearly": 1.29,
            "eps_latest_yearly": 1.04,
            "eps_growth_yearly": 61.59
        },
        "20052": {
            "year_quarter": 20052,
            "year": 2005,
            "quarter": 2,
            "eps": -0.04,
            "eps_growth_year": -122.22,
            "eps_4q": 1.16,
            "eps_4q_growth_year": -12.36,
            "roe": -0.23,
            "roe_4q": 7.13,
            "gross_profit": 3940648,
            "gross_margin": 15.32,
            "gross_margin_4q_avg": 19.85,
            "net_income": -124091,
            "net_income_4q": null,
            "revenue": 25714308,
            "revenue_4q": null,
            "common_shares": 31455777,
            "book_valuer_per_share": 16.81,
            "book_valuer_per_share_4q_avg": 17.02,
            "equity": 52874543,
            "current_ratio": 61.08,
            "debt_ratio": 77.16,
            "inventory_turnover_ratio": null,
            "account_receivable_turnover_ratio": null,
            "reinvestment_rate": null,
            "research_to_sale_ratio": null,
            "price_fair": 45.08,
            "eps_avg_yearly": 1.29,
            "eps_latest_yearly": 1.04,
            "eps_growth_yearly": 61.59
        },
        "20053": {
            "year_quarter": 20053,
            "year": 2005,
            "quarter": 3,
            "eps": 0.09,
            "eps_growth_year": -87.5,
            "eps_4q": 0.52,
            "eps_4q_growth_year": -67.34,
            "roe": 0.58,
            "roe_4q": 3.4000000000000004,
            "gross_profit": 4644130,
            "gross_margin": 15.9,
            "gross_margin_4q_avg": 17.96,
            "net_income": 312512,
            "net_income_4q": null,
            "revenue": 29211148,
            "revenue_4q": null,
            "common_shares": 34995695,
            "book_valuer_per_share": 15.74,
            "book_valuer_per_share_4q_avg": 16.66,
            "equity": 55097785,
            "current_ratio": 72.18,
            "debt_ratio": 77.96,
            "inventory_turnover_ratio": null,
            "account_receivable_turnover_ratio": null,
            "reinvestment_rate": null,
            "research_to_sale_ratio": null,
            "price_fair": 45.08,
            "eps_avg_yearly": 1.29,
            "eps_latest_yearly": 1.04,
            "eps_growth_yearly": 61.59
        },
        "20054": {
            "year_quarter": 20054,
            "year": 2005,
            "quarter": 4,
            "eps": -0.1,
            "eps_growth_year": -138.46,
            "eps_4q": 0.11,
            "eps_4q_growth_year": -91.84,
            "roe": -0.64,
            "roe_4q": 1.25,
            "gross_profit": 4139496,
            "gross_margin": 13.96,
            "gross_margin_4q_avg": 16.04,
            "net_income": -362112,
            "net_income_4q": null,
            "revenue": 29662809,
            "revenue_4q": null,
            "common_shares": 35138362,
            "book_valuer_per_share": 15.42,
            "book_valuer_per_share_4q_avg": 16.27,
            "equity": 57684889,
            "current_ratio": 63.98,
            "debt_ratio": 77.13,
            "inventory_turnover_ratio": null,
            "account_receivable_turnover_ratio": null,
            "reinvestment_rate": 945.04,
            "research_to_sale_ratio": null,
            "price_fair": 45.08,
            "eps_avg_yearly": 1.29,
            "eps_latest_yearly": 1.04,
            "eps_growth_yearly": 61.59
        },
        "20061": {
            "year_quarter": 20061,
            "year": 2006,
            "quarter": 1,
            "eps": 0.11,
            "eps_growth_year": -57.69,
            "eps_4q": 0.06,
            "eps_4q_growth_year": -95.58,
            "roe": 0.69,
            "roe_4q": 0.3999999999999999,
            "gross_profit": 3771073,
            "gross_margin": 13.57,
            "gross_margin_4q_avg": 14.69,
            "net_income": 385181,
            "net_income_4q": null,
            "revenue": 27783355,
            "revenue_4q": null,
            "common_shares": 35281428,
            "book_valuer_per_share": 15.28,
            "book_valuer_per_share_4q_avg": 15.81,
            "equity": 53912830,
            "current_ratio": 43.24,
            "debt_ratio": 77.91,
            "inventory_turnover_ratio": null,
            "account_receivable_turnover_ratio": null,
            "reinvestment_rate": 863.07,
            "research_to_sale_ratio": null,
            "price_fair": 45.08,
            "eps_avg_yearly": 1.29,
            "eps_latest_yearly": 1.04,
            "eps_growth_yearly": 61.59
        },
        "20062": {
            "year_quarter": 20062,
            "year": 2006,
            "quarter": 2,
            "eps": -0.07,
            "eps_growth_year": null,
            "eps_4q": 0.02,
            "eps_4q_growth_year": -98.11,
            "roe": -0.47,
            "roe_4q": 0.15999999999999992,
            "gross_profit": 3192000,
            "gross_margin": 11.06,
            "gross_margin_4q_avg": 13.62,
            "net_income": -257114,
            "net_income_4q": null,
            "revenue": 28864618,
            "revenue_4q": null,
            "common_shares": 35738580,
            "book_valuer_per_share": 15.35,
            "book_valuer_per_share_4q_avg": 15.45,
            "equity": 54870341,
            "current_ratio": 45.97,
            "debt_ratio": 77.49,
            "inventory_turnover_ratio": null,
            "account_receivable_turnover_ratio": null,
            "reinvestment_rate": 951.42,
            "research_to_sale_ratio": null,
            "price_fair": 47.13,
            "eps_avg_yearly": 1.35,
            "eps_latest_yearly": 1.04,
            "eps_growth_yearly": 89.42
        },
        "20063": {
            "year_quarter": 20063,
            "year": 2006,
            "quarter": 3,
            "eps": 0.03,
            "eps_growth_year": -66.67,
            "eps_4q": -0.03,
            "eps_4q_growth_year": -105.81,
            "roe": 0.21,
            "roe_4q": -0.21000000000000008,
            "gross_profit": 4930624,
            "gross_margin": 15.31,
            "gross_margin_4q_avg": 13.48,
            "net_income": 116970,
            "net_income_4q": null,
            "revenue": 32202532,
            "revenue_4q": null,
            "common_shares": 37553007,
            "book_valuer_per_share": 14.72,
            "book_valuer_per_share_4q_avg": 15.19,
            "equity": 55289108,
            "current_ratio": 62.18,
            "debt_ratio": 77.54,
            "inventory_turnover_ratio": null,
            "account_receivable_turnover_ratio": null,
            "reinvestment_rate": 922.16,
            "research_to_sale_ratio": null,
            "price_fair": 46.73,
            "eps_avg_yearly": 1.34,
            "eps_latest_yearly": 1.04,
            "eps_growth_yearly": 55.87
        },
        "20064": {
            "year_quarter": 20064,
            "year": 2006,
            "quarter": 4,
            "eps": 0.13,
            "eps_growth_year": null,
            "eps_4q": 0.19,
            "eps_4q_growth_year": 72.88,
            "roe": 0.86,
            "roe_4q": 1.29,
            "gross_profit": 5771377,
            "gross_margin": 17.41,
            "gross_margin_4q_avg": 14.34,
            "net_income": 493317,
            "net_income_4q": null,
            "revenue": 33144089,
            "revenue_4q": null,
            "common_shares": 37644643,
            "book_valuer_per_share": 14.73,
            "book_valuer_per_share_4q_avg": 15.02,
            "equity": 58955037,
            "current_ratio": 75.3,
            "debt_ratio": 76.47,
            "inventory_turnover_ratio": null,
            "account_receivable_turnover_ratio": null,
            "reinvestment_rate": 838.02,
            "research_to_sale_ratio": null,
            "price_fair": 43.05,
            "eps_avg_yearly": 1.23,
            "eps_latest_yearly": 0.52,
            "eps_growth_yearly": 225.31
        },
        "20071": {
            "year_quarter": 20071,
            "year": 2007,
            "quarter": 1,
            "eps": -0.21,
            "eps_growth_year": -290.91,
            "eps_4q": -0.12,
            "eps_4q_growth_year": -295.31,
            "roe": -1.39,
            "roe_4q": -0.7899999999999999,
            "gross_profit": 4177106,
            "gross_margin": 14.63,
            "gross_margin_4q_avg": 14.6,
            "net_income": -805826,
            "net_income_4q": null,
            "revenue": 28554338,
            "revenue_4q": null,
            "common_shares": 39055305,
            "book_valuer_per_share": 14.64,
            "book_valuer_per_share_4q_avg": 14.86,
            "equity": 57190464,
            "current_ratio": 58.54,
            "debt_ratio": 75.72,
            "inventory_turnover_ratio": null,
            "account_receivable_turnover_ratio": null,
            "reinvestment_rate": 859.54,
            "research_to_sale_ratio": null,
            "price_fair": 45.6,
            "eps_avg_yearly": 1.3,
            "eps_latest_yearly": 0.52,
            "eps_growth_yearly": 284.39
        },
        "20072": {
            "year_quarter": 20072,
            "year": 2007,
            "quarter": 2,
            "eps": -0.02,
            "eps_growth_year": null,
            "eps_4q": -0.07,
            "eps_4q_growth_year": -400.85,
            "roe": -0.11,
            "roe_4q": -0.43000000000000005,
            "gross_profit": 4257473,
            "gross_margin": 13.73,
            "gross_margin_4q_avg": 15.27,
            "net_income": -62436,
            "net_income_4q": null,
            "revenue": 31005386,
            "revenue_4q": null,
            "common_shares": 39055441,
            "book_valuer_per_share": 14.52,
            "book_valuer_per_share_4q_avg": 14.65,
            "equity": 56711509,
            "current_ratio": 51.87,
            "debt_ratio": 76.2,
            "inventory_turnover_ratio": null,
            "account_receivable_turnover_ratio": null,
            "reinvestment_rate": 799.28,
            "research_to_sale_ratio": null,
            "price_fair": 45.6,
            "eps_avg_yearly": 1.3,
            "eps_latest_yearly": 0.52,
            "eps_growth_yearly": 284.39
        },
        "20073": {
            "year_quarter": 20073,
            "year": 2007,
            "quarter": 3,
            "eps": 0.19,
            "eps_growth_year": 533.33,
            "eps_4q": 0.1,
            "eps_4q_growth_year": null,
            "roe": 1.36,
            "roe_4q": 0.7200000000000001,
            "gross_profit": 5408800,
            "gross_margin": 15.92,
            "gross_margin_4q_avg": 15.42,
            "net_income": 775088,
            "net_income_4q": null,
            "revenue": 33981210,
            "revenue_4q": null,
            "common_shares": 40487575,
            "book_valuer_per_share": 14.25,
            "book_valuer_per_share_4q_avg": 14.54,
            "equity": 57692674,
            "current_ratio": 44.67,
            "debt_ratio": 75.77,
            "inventory_turnover_ratio": null,
            "account_receivable_turnover_ratio": null,
            "reinvestment_rate": 749.77,
            "research_to_sale_ratio": null,
            "price_fair": 45.6,
            "eps_avg_yearly": 1.3,
            "eps_latest_yearly": 0.52,
            "eps_growth_yearly": 284.39
        },
        "20074": {
            "year_quarter": 20074,
            "year": 2007,
            "quarter": 4,
            "eps": -0.6,
            "eps_growth_year": -561.54,
            "eps_4q": -0.72,
            "eps_4q_growth_year": -468.62,
            "roe": -4.17,
            "roe_4q": -4.31,
            "gross_profit": 2908284,
            "gross_margin": 8.69,
            "gross_margin_4q_avg": 13.24,
            "net_income": -2425476,
            "net_income_4q": null,
            "revenue": 33452086,
            "revenue_4q": null,
            "common_shares": 40736322,
            "book_valuer_per_share": 13.54,
            "book_valuer_per_share_4q_avg": 14.24,
            "equity": 58577142,
            "current_ratio": 60.83,
            "debt_ratio": 75.34,
            "inventory_turnover_ratio": null,
            "account_receivable_turnover_ratio": null,
            "reinvestment_rate": 1324.21,
            "research_to_sale_ratio": null,
            "price_fair": 41.77,
            "eps_avg_yearly": 1.19,
            "eps_latest_yearly": 0.52,
            "eps_growth_yearly": 328.95
        },
        "20081": {
            "year_quarter": 20081,
            "year": 2008,
            "quarter": 1,
            "eps": -0.68,
            "eps_growth_year": null,
            "eps_4q": -1.09,
            "eps_4q_growth_year": null,
            "roe": -4.92,
            "roe_4q": -7.84,
            "gross_profit": 1869432,
            "gross_margin": 5.74,
            "gross_margin_4q_avg": 11.02,
            "net_income": -2913589,
            "net_income_4q": null,
            "revenue": 32558850,
            "revenue_4q": null,
            "common_shares": 45609255,
            "book_valuer_per_share": 12.39,
            "book_valuer_per_share_4q_avg": 13.68,
            "equity": 59972413,
            "current_ratio": 55.08,
            "debt_ratio": 74,
            "inventory_turnover_ratio": null,
            "account_receivable_turnover_ratio": null,
            "reinvestment_rate": null,
            "research_to_sale_ratio": null,
            "price_fair": 43.4,
            "eps_avg_yearly": 1.24,
            "eps_latest_yearly": 0.52,
            "eps_growth_yearly": 435.56
        },
        "20082": {
            "year_quarter": 20082,
            "year": 2008,
            "quarter": 2,
            "eps": -0.79,
            "eps_growth_year": null,
            "eps_4q": -1.77,
            "eps_4q_growth_year": null,
            "roe": -6,
            "roe_4q": -13.73,
            "gross_profit": -1098628,
            "gross_margin": -3.24,
            "gross_margin_4q_avg": 6.78,
            "net_income": -3532183,
            "net_income_4q": null,
            "revenue": 33877134,
            "revenue_4q": null,
            "common_shares": 46251703,
            "book_valuer_per_share": 11.78,
            "book_valuer_per_share_4q_avg": 12.99,
            "equity": 57716772,
            "current_ratio": 54.36,
            "debt_ratio": 74.82,
            "inventory_turnover_ratio": null,
            "account_receivable_turnover_ratio": null,
            "reinvestment_rate": null,
            "research_to_sale_ratio": null,
            "price_fair": 47.95,
            "eps_avg_yearly": 1.37,
            "eps_latest_yearly": 0.52,
            "eps_growth_yearly": 569.44
        },
        "20083": {
            "year_quarter": 20083,
            "year": 2008,
            "quarter": 3,
            "eps": -1.3,
            "eps_growth_year": -784.21,
            "eps_4q": -3.21,
            "eps_4q_growth_year": -3370.17,
            "roe": -10.54,
            "roe_4q": -25.630000000000003,
            "gross_profit": 1141696,
            "gross_margin": 3.23,
            "gross_margin_4q_avg": 3.61,
            "net_income": -5849981,
            "net_income_4q": null,
            "revenue": 35303015,
            "revenue_4q": null,
            "common_shares": 46251703,
            "book_valuer_per_share": 10.82,
            "book_valuer_per_share_4q_avg": 12.13,
            "equity": 53321623,
            "current_ratio": 44.82,
            "debt_ratio": 76.41,
            "inventory_turnover_ratio": null,
            "account_receivable_turnover_ratio": null,
            "reinvestment_rate": null,
            "research_to_sale_ratio": null,
            "price_fair": 30.33,
            "eps_avg_yearly": 0.87,
            "eps_latest_yearly": 0.52,
            "eps_growth_yearly": 359.26
        },
        "20084": {
            "year_quarter": 20084,
            "year": 2008,
            "quarter": 4,
            "eps": -4.38,
            "eps_growth_year": null,
            "eps_4q": -7.13,
            "eps_4q_growth_year": null,
            "roe": -45.75,
            "roe_4q": -67.21,
            "gross_profit": 3505199,
            "gross_margin": 11.87,
            "gross_margin_4q_avg": 4.4,
            "net_income": -19965164,
            "net_income_4q": null,
            "revenue": 29541863,
            "revenue_4q": null,
            "common_shares": 46251703,
            "book_valuer_per_share": 6.63,
            "book_valuer_per_share_4q_avg": 10.41,
            "equity": 33959853,
            "current_ratio": 36.44,
            "debt_ratio": 84.89,
            "inventory_turnover_ratio": null,
            "account_receivable_turnover_ratio": 6.83,
            "reinvestment_rate": null,
            "research_to_sale_ratio": null,
            "price_fair": 27.3,
            "eps_avg_yearly": 0.78,
            "eps_latest_yearly": 0.52,
            "eps_growth_yearly": 666.67
        },
        "20091": {
            "year_quarter": 20091,
            "year": 2009,
            "quarter": 1,
            "eps": -0.62,
            "eps_growth_year": null,
            "eps_4q": -6.66,
            "eps_4q_growth_year": null,
            "roe": -8.77,
            "roe_4q": -71.06,
            "gross_profit": 2976190,
            "gross_margin": 12.74,
            "gross_margin_4q_avg": 6.15,
            "net_income": -2983847,
            "net_income_4q": null,
            "revenue": 23369555,
            "revenue_4q": null,
            "common_shares": 48595141,
            "book_valuer_per_share": 6.35,
            "book_valuer_per_share_4q_avg": 8.9,
            "equity": 34121986,
            "current_ratio": 37.89,
            "debt_ratio": 84.74,
            "inventory_turnover_ratio": null,
            "account_receivable_turnover_ratio": 2.77,
            "reinvestment_rate": null,
            "research_to_sale_ratio": null,
            "price_fair": 18.2,
            "eps_avg_yearly": 0.52,
            "eps_latest_yearly": 0.52,
            "eps_growth_yearly": 1333.33
        },
        "20092": {
            "year_quarter": 20092,
            "year": 2009,
            "quarter": 2,
            "eps": 0.18,
            "eps_growth_year": null,
            "eps_4q": -8.55,
            "eps_4q_growth_year": null,
            "roe": 1.75,
            "roe_4q": -63.309999999999995,
            "gross_profit": 282551,
            "gross_margin": 1.3,
            "gross_margin_4q_avg": 7.29,
            "net_income": 593765,
            "net_income_4q": null,
            "revenue": 21708890,
            "revenue_4q": null,
            "common_shares": 33693384,
            "book_valuer_per_share": 9.14,
            "book_valuer_per_share_4q_avg": 8.24,
            "equity": 33875975,
            "current_ratio": 44.59,
            "debt_ratio": 84.46,
            "inventory_turnover_ratio": null,
            "account_receivable_turnover_ratio": 2.58,
            "reinvestment_rate": null,
            "research_to_sale_ratio": null,
            "price_fair": 18.2,
            "eps_avg_yearly": 0.52,
            "eps_latest_yearly": 0.52,
            "eps_growth_yearly": 1333.33
        },
        "20093": {
            "year_quarter": 20093,
            "year": 2009,
            "quarter": 3,
            "eps": -0.78,
            "eps_growth_year": null,
            "eps_4q": -5.45,
            "eps_4q_growth_year": null,
            "roe": -6.64,
            "roe_4q": -59.41,
            "gross_profit": 1611646,
            "gross_margin": 5.84,
            "gross_margin_4q_avg": 7.94,
            "net_income": -2566458,
            "net_income_4q": null,
            "revenue": 27597226,
            "revenue_4q": null,
            "common_shares": 45722490,
            "book_valuer_per_share": 8.82,
            "book_valuer_per_share_4q_avg": 7.74,
            "equity": 43450624,
            "current_ratio": 55.34,
            "debt_ratio": 80.6,
            "inventory_turnover_ratio": null,
            "account_receivable_turnover_ratio": 2.93,
            "reinvestment_rate": null,
            "research_to_sale_ratio": null,
            "price_fair": 18.2,
            "eps_avg_yearly": 0.52,
            "eps_latest_yearly": 0.52,
            "eps_growth_yearly": 1333.33
        },
        "20094": {
            "year_quarter": 20094,
            "year": 2009,
            "quarter": 4,
            "eps": 0.32,
            "eps_growth_year": null,
            "eps_4q": -0.83,
            "eps_4q_growth_year": null,
            "roe": 2.74,
            "roe_4q": -10.919999999999998,
            "gross_profit": 4141096,
            "gross_margin": 12.8,
            "gross_margin_4q_avg": 8.17,
            "net_income": 1202076,
            "net_income_4q": null,
            "revenue": 32354351,
            "revenue_4q": null,
            "common_shares": 45722490,
            "book_valuer_per_share": 9.03,
            "book_valuer_per_share_4q_avg": 8.34,
            "equity": 44373708,
            "current_ratio": 53.99,
            "debt_ratio": 79.93,
            "inventory_turnover_ratio": 10.16,
            "account_receivable_turnover_ratio": 5.05,
            "reinvestment_rate": null,
            "research_to_sale_ratio": null,
            "price_fair": 18.2,
            "eps_avg_yearly": 0.52,
            "eps_latest_yearly": 0.52,
            "eps_growth_yearly": 1333.33
        },
        "20101": {
            "year_quarter": 20101,
            "year": 2010,
            "quarter": 1,
            "eps": 0.56,
            "eps_growth_year": null,
            "eps_4q": 0.38,
            "eps_4q_growth_year": null,
            "roe": 5.77,
            "roe_4q": 3.62,
            "gross_profit": 5948628,
            "gross_margin": 17.82,
            "gross_margin_4q_avg": 9.44,
            "net_income": 2631938,
            "net_income_4q": null,
            "revenue": 33387059,
            "revenue_4q": null,
            "common_shares": 45722490,
            "book_valuer_per_share": 9.56,
            "book_valuer_per_share_4q_avg": 9.14,
            "equity": 46893436,
            "current_ratio": 61.16,
            "debt_ratio": 78.84,
            "inventory_turnover_ratio": 4.74,
            "account_receivable_turnover_ratio": 2.65,
            "reinvestment_rate": null,
            "research_to_sale_ratio": null,
            "price_fair": 48.3,
            "eps_avg_yearly": 1.38,
            "eps_latest_yearly": 2.24,
            "eps_growth_yearly": 816.67
        },
        "20102": {
            "year_quarter": 20102,
            "year": 2010,
            "quarter": 2,
            "eps": 0.81,
            "eps_growth_year": 351.44,
            "eps_4q": 1.06,
            "eps_4q_growth_year": null,
            "roe": 7.78,
            "roe_4q": 9.649999999999999,
            "gross_profit": 7449310,
            "gross_margin": 19.56,
            "gross_margin_4q_avg": 14.01,
            "net_income": 3792351,
            "net_income_4q": null,
            "revenue": 38074869,
            "revenue_4q": null,
            "common_shares": 45722490,
            "book_valuer_per_share": 10.4,
            "book_valuer_per_share_4q_avg": 9.45,
            "equity": 50632734,
            "current_ratio": 71.91,
            "debt_ratio": 77.61,
            "inventory_turnover_ratio": 5.08,
            "account_receivable_turnover_ratio": 2.86,
            "reinvestment_rate": null,
            "research_to_sale_ratio": null,
            "price_fair": 70,
            "eps_avg_yearly": 2,
            "eps_latest_yearly": 3.24,
            "eps_growth_yearly": 603.97
        },
        "20103": {
            "year_quarter": 20103,
            "year": 2010,
            "quarter": 3,
            "eps": 0.81,
            "eps_growth_year": null,
            "eps_4q": 2.42,
            "eps_4q_growth_year": null,
            "roe": 7.32,
            "roe_4q": 23.61,
            "gross_profit": 9151309,
            "gross_margin": 23.37,
            "gross_margin_4q_avg": 18.39,
            "net_income": 3872468,
            "net_income_4q": null,
            "revenue": 39160671,
            "revenue_4q": null,
            "common_shares": 46316224,
            "book_valuer_per_share": 11.21,
            "book_valuer_per_share_4q_avg": 10.05,
            "equity": 55122057,
            "current_ratio": 75.03,
            "debt_ratio": 75.31,
            "inventory_turnover_ratio": 4.85,
            "account_receivable_turnover_ratio": 2.9,
            "reinvestment_rate": null,
            "research_to_sale_ratio": null,
            "price_fair": 80.85,
            "eps_avg_yearly": 2.31,
            "eps_latest_yearly": 3.24,
            "eps_growth_yearly": 452.98
        },
        "20104": {
            "year_quarter": 20104,
            "year": 2010,
            "quarter": 4,
            "eps": 0.13,
            "eps_growth_year": -60.32,
            "eps_4q": 2.29,
            "eps_4q_growth_year": null,
            "roe": 1.03,
            "roe_4q": 21.9,
            "gross_profit": 4513085,
            "gross_margin": 12.18,
            "gross_margin_4q_avg": 18.23,
            "net_income": 550617,
            "net_income_4q": null,
            "revenue": 37043408,
            "revenue_4q": null,
            "common_shares": 46316224,
            "book_valuer_per_share": 10.51,
            "book_valuer_per_share_4q_avg": 10.42,
            "equity": 51835213,
            "current_ratio": 71.69,
            "debt_ratio": 75.74,
            "inventory_turnover_ratio": 4.95,
            "account_receivable_turnover_ratio": 2.98,
            "reinvestment_rate": null,
            "research_to_sale_ratio": null,
            "price_fair": 80.85,
            "eps_avg_yearly": 2.31,
            "eps_latest_yearly": 0.52,
            "eps_growth_yearly": 35.69
        },
        "20111": {
            "year_quarter": 20111,
            "year": 2011,
            "quarter": 1,
            "eps": -0.08,
            "eps_growth_year": -114.29,
            "eps_4q": 1.66,
            "eps_4q_growth_year": 341.83,
            "roe": -0.66,
            "roe_4q": 15.47,
            "gross_profit": 2672331,
            "gross_margin": 7.91,
            "gross_margin_4q_avg": 15.76,
            "net_income": -342552,
            "net_income_4q": null,
            "revenue": 33791797,
            "revenue_4q": null,
            "common_shares": 46316224,
            "book_valuer_per_share": 10.54,
            "book_valuer_per_share_4q_avg": 10.67,
            "equity": 52003512,
            "current_ratio": 74.31,
            "debt_ratio": 75.49,
            "inventory_turnover_ratio": 4.22,
            "account_receivable_turnover_ratio": 2.88,
            "reinvestment_rate": null,
            "research_to_sale_ratio": null,
            "price_fair": 80.85,
            "eps_avg_yearly": 2.31,
            "eps_latest_yearly": 0.52,
            "eps_growth_yearly": 35.69
        },
        "20112": {
            "year_quarter": 20112,
            "year": 2011,
            "quarter": 2,
            "eps": -0.06,
            "eps_growth_year": -107.51,
            "eps_4q": 0.8,
            "eps_4q_growth_year": -24.7,
            "roe": -0.43,
            "roe_4q": 7.26,
            "gross_profit": 2302862,
            "gross_margin": 6.55,
            "gross_margin_4q_avg": 12.5,
            "net_income": -220277,
            "net_income_4q": null,
            "revenue": 35159619,
            "revenue_4q": null,
            "common_shares": 46316224,
            "book_valuer_per_share": 10.01,
            "book_valuer_per_share_4q_avg": 10.57,
            "equity": 49447419,
            "current_ratio": 62.42,
            "debt_ratio": 76.44,
            "inventory_turnover_ratio": 4.03,
            "account_receivable_turnover_ratio": 3.16,
            "reinvestment_rate": null,
            "research_to_sale_ratio": null,
            "price_fair": 80.85,
            "eps_avg_yearly": 2.31,
            "eps_latest_yearly": 0.52,
            "eps_growth_yearly": 35.69
        },
        "20113": {
            "year_quarter": 20113,
            "year": 2011,
            "quarter": 3,
            "eps": 0.19,
            "eps_growth_year": -76.72,
            "eps_4q": 0.17,
            "eps_4q_growth_year": -92.85,
            "roe": 1.88,
            "roe_4q": 1.8199999999999998,
            "gross_profit": 4434156,
            "gross_margin": 11.87,
            "gross_margin_4q_avg": 9.63,
            "net_income": 952721,
            "net_income_4q": null,
            "revenue": 37365477,
            "revenue_4q": null,
            "common_shares": 46316224,
            "book_valuer_per_share": 10.57,
            "book_valuer_per_share_4q_avg": 10.41,
            "equity": 52151073,
            "current_ratio": 59.02,
            "debt_ratio": 75.17,
            "inventory_turnover_ratio": 3.95,
            "account_receivable_turnover_ratio": 3.42,
            "reinvestment_rate": null,
            "research_to_sale_ratio": null,
            "price_fair": 80.85,
            "eps_avg_yearly": 2.31,
            "eps_latest_yearly": 0.52,
            "eps_growth_yearly": 35.69
        },
        "20114": {
            "year_quarter": 20114,
            "year": 2011,
            "quarter": 4,
            "eps": -0.47,
            "eps_growth_year": -468.98,
            "eps_4q": -0.42,
            "eps_4q_growth_year": -118.4,
            "roe": -4.21,
            "roe_4q": -3.4200000000000004,
            "gross_profit": -64177,
            "gross_margin": -0.18,
            "gross_margin_4q_avg": 6.54,
            "net_income": -2156304,
            "net_income_4q": null,
            "revenue": 35993787,
            "revenue_4q": null,
            "common_shares": 46316224,
            "book_valuer_per_share": 10.17,
            "book_valuer_per_share_4q_avg": 10.32,
            "equity": 50246911,
            "current_ratio": 66.97,
            "debt_ratio": 76.39,
            "inventory_turnover_ratio": 4.24,
            "account_receivable_turnover_ratio": 3.37,
            "reinvestment_rate": null,
            "research_to_sale_ratio": null,
            "price_fair": 80.85,
            "eps_avg_yearly": 2.31,
            "eps_latest_yearly": 0.52,
            "eps_growth_yearly": 35.69
        },
        "20121": {
            "year_quarter": 20121,
            "year": 2012,
            "quarter": 1,
            "eps": -0.23,
            "eps_growth_year": null,
            "eps_4q": -0.48,
            "eps_4q_growth_year": -129.18,
            "roe": -1.7,
            "roe_4q": -4.46,
            "gross_profit": 1885190,
            "gross_margin": 5.46,
            "gross_margin_4q_avg": 5.93,
            "net_income": -894225,
            "net_income_4q": null,
            "revenue": 34547605,
            "revenue_4q": null,
            "common_shares": 52000000,
            "book_valuer_per_share": 10.01,
            "book_valuer_per_share_4q_avg": 10.19,
            "equity": 55237318,
            "current_ratio": 80.71,
            "debt_ratio": 74.22,
            "inventory_turnover_ratio": 3.71,
            "account_receivable_turnover_ratio": 3.42,
            "reinvestment_rate": null,
            "research_to_sale_ratio": null,
            "price_fair": 80.85,
            "eps_avg_yearly": 2.31,
            "eps_latest_yearly": 0.52,
            "eps_growth_yearly": 35.69
        },
        "20122": {
            "year_quarter": 20122,
            "year": 2012,
            "quarter": 2,
            "eps": -0.02,
            "eps_growth_year": null,
            "eps_4q": -0.45,
            "eps_4q_growth_year": -156.35,
            "roe": -0.06,
            "roe_4q": -4.09,
            "gross_profit": 2464242,
            "gross_margin": 6.82,
            "gross_margin_4q_avg": 5.99,
            "net_income": -35018,
            "net_income_4q": null,
            "revenue": 36148135,
            "revenue_4q": null,
            "common_shares": 52000000,
            "book_valuer_per_share": 10.02,
            "book_valuer_per_share_4q_avg": 10.19,
            "equity": 55192547,
            "current_ratio": 73.9,
            "debt_ratio": 73.24,
            "inventory_turnover_ratio": 3.86,
            "account_receivable_turnover_ratio": 4.02,
            "reinvestment_rate": null,
            "research_to_sale_ratio": null,
            "price_fair": 80.85,
            "eps_avg_yearly": 2.31,
            "eps_latest_yearly": 0.52,
            "eps_growth_yearly": 35.69
        },
        "20123": {
            "year_quarter": 20123,
            "year": 2012,
            "quarter": 3,
            "eps": 0.27,
            "eps_growth_year": 44.89,
            "eps_4q": -0.34,
            "eps_4q_growth_year": -298.17,
            "roe": 2.66,
            "roe_4q": -3.3099999999999996,
            "gross_profit": 5481026,
            "gross_margin": 14.46,
            "gross_margin_4q_avg": 6.64,
            "net_income": 1482363,
            "net_income_4q": null,
            "revenue": 37914077,
            "revenue_4q": null,
            "common_shares": 52000000,
            "book_valuer_per_share": 10.24,
            "book_valuer_per_share_4q_avg": 10.11,
            "equity": 56376048,
            "current_ratio": 70.44,
            "debt_ratio": 71.9,
            "inventory_turnover_ratio": 3.77,
            "account_receivable_turnover_ratio": 5.02,
            "reinvestment_rate": null,
            "research_to_sale_ratio": null,
            "price_fair": 80.85,
            "eps_avg_yearly": 2.31,
            "eps_latest_yearly": 0.52,
            "eps_growth_yearly": 35.69
        },
        "20124": {
            "year_quarter": 20124,
            "year": 2012,
            "quarter": 4,
            "eps": -0.06,
            "eps_growth_year": null,
            "eps_4q": 0.01,
            "eps_4q_growth_year": null,
            "roe": -0.56,
            "roe_4q": 0.3400000000000001,
            "gross_profit": 1636875,
            "gross_margin": 4.7,
            "gross_margin_4q_avg": 7.86,
            "net_income": -310348,
            "net_income_4q": null,
            "revenue": 34842885,
            "revenue_4q": null,
            "common_shares": 52000000,
            "book_valuer_per_share": 10.03,
            "book_valuer_per_share_4q_avg": 10.08,
            "equity": 55279539,
            "current_ratio": 71.81,
            "debt_ratio": 72.33,
            "inventory_turnover_ratio": 3.84,
            "account_receivable_turnover_ratio": 4.77,
            "reinvestment_rate": -512.45,
            "research_to_sale_ratio": null,
            "price_fair": 80.85,
            "eps_avg_yearly": 2.31,
            "eps_latest_yearly": 0.52,
            "eps_growth_yearly": 35.69
        },
        "20131": {
            "year_quarter": 20131,
            "year": 2013,
            "quarter": 1,
            "eps": -0.21,
            "eps_growth_year": null,
            "eps_4q": -0.02,
            "eps_4q_growth_year": null,
            "roe": -2.05,
            "roe_4q": -0.009999999999999731,
            "gross_profit": 1943039,
            "gross_margin": 5.87,
            "gross_margin_4q_avg": 7.96,
            "net_income": -1100256,
            "net_income_4q": null,
            "revenue": 33075918,
            "revenue_4q": null,
            "common_shares": 52000000,
            "book_valuer_per_share": 9.7,
            "book_valuer_per_share_4q_avg": 10,
            "equity": 52256519,
            "current_ratio": 68.35,
            "debt_ratio": 76.21,
            "inventory_turnover_ratio": 4.01,
            "account_receivable_turnover_ratio": 4.35,
            "reinvestment_rate": -163.36,
            "research_to_sale_ratio": null,
            "price_fair": 80.85,
            "eps_avg_yearly": 2.31,
            "eps_latest_yearly": 0.52,
            "eps_growth_yearly": 35.69
        },
        "20132": {
            "year_quarter": 20132,
            "year": 2013,
            "quarter": 2,
            "eps": -0.03,
            "eps_growth_year": null,
            "eps_4q": -0.02,
            "eps_4q_growth_year": null,
            "roe": -0.14,
            "roe_4q": -0.08999999999999986,
            "gross_profit": 2883507,
            "gross_margin": 8.43,
            "gross_margin_4q_avg": 8.37,
            "net_income": -71413,
            "net_income_4q": null,
            "revenue": 34187617,
            "revenue_4q": null,
            "common_shares": 52000000,
            "book_valuer_per_share": 9.68,
            "book_valuer_per_share_4q_avg": 9.91,
            "equity": 52075516,
            "current_ratio": 58.96,
            "debt_ratio": 76.32,
            "inventory_turnover_ratio": 4.7,
            "account_receivable_turnover_ratio": 4.48,
            "reinvestment_rate": -147.72,
            "research_to_sale_ratio": null,
            "price_fair": 80.85,
            "eps_avg_yearly": 2.31,
            "eps_latest_yearly": 0.52,
            "eps_growth_yearly": 35.69
        },
        "20133": {
            "year_quarter": 20133,
            "year": 2013,
            "quarter": 3,
            "eps": 0.28,
            "eps_growth_year": 2.15,
            "eps_4q": -0.02,
            "eps_4q_growth_year": null,
            "roe": 2.77,
            "roe_4q": 0.020000000000000018,
            "gross_profit": 4078100,
            "gross_margin": 10.92,
            "gross_margin_4q_avg": 7.48,
            "net_income": 1464025,
            "net_income_4q": null,
            "revenue": 37343853,
            "revenue_4q": null,
            "common_shares": 52000000,
            "book_valuer_per_share": 9.95,
            "book_valuer_per_share_4q_avg": 9.84,
            "equity": 53552128,
            "current_ratio": 59.19,
            "debt_ratio": 75.47,
            "inventory_turnover_ratio": 5,
            "account_receivable_turnover_ratio": 4.99,
            "reinvestment_rate": -100.05,
            "research_to_sale_ratio": null,
            "price_fair": 80.85,
            "eps_avg_yearly": 2.31,
            "eps_latest_yearly": 0.52,
            "eps_growth_yearly": 35.69
        },
        "20134": {
            "year_quarter": 20134,
            "year": 2013,
            "quarter": 4,
            "eps": -0.28,
            "eps_growth_year": null,
            "eps_4q": -0.25,
            "eps_4q_growth_year": -2266.55,
            "roe": -2.33,
            "roe_4q": -1.75,
            "gross_profit": 634644,
            "gross_margin": 1.71,
            "gross_margin_4q_avg": 6.73,
            "net_income": -1241236,
            "net_income_4q": null,
            "revenue": 37095157,
            "revenue_4q": null,
            "common_shares": 52000000,
            "book_valuer_per_share": 9.78,
            "book_valuer_per_share_4q_avg": 9.78,
            "equity": 52890360,
            "current_ratio": 59.91,
            "debt_ratio": 76.07,
            "inventory_turnover_ratio": 5.36,
            "account_receivable_turnover_ratio": 4.94,
            "reinvestment_rate": -190.57,
            "research_to_sale_ratio": null,
            "price_fair": 80.85,
            "eps_avg_yearly": 2.31,
            "eps_latest_yearly": 0.52,
            "eps_growth_yearly": 35.69
        },
        "20141": {
            "year_quarter": 20141,
            "year": 2014,
            "quarter": 1,
            "eps": -0.52,
            "eps_growth_year": null,
            "eps_4q": -0.56,
            "eps_4q_growth_year": null,
            "roe": -5.25,
            "roe_4q": -4.95,
            "gross_profit": 1673978,
            "gross_margin": 4.75,
            "gross_margin_4q_avg": 6.45,
            "net_income": -2702431,
            "net_income_4q": null,
            "revenue": 35246873,
            "revenue_4q": null,
            "common_shares": 52000000,
            "book_valuer_per_share": 9.24,
            "book_valuer_per_share_4q_avg": 9.66,
            "equity": 50150956,
            "current_ratio": 58.61,
            "debt_ratio": 77.21,
            "inventory_turnover_ratio": 4.88,
            "account_receivable_turnover_ratio": 4.51,
            "reinvestment_rate": -669.74,
            "research_to_sale_ratio": null,
            "price_fair": 7,
            "eps_avg_yearly": 2.33,
            "eps_latest_yearly": 0.52,
            "eps_growth_yearly": -52.41
        },
        "20142": {
            "year_quarter": 20142,
            "year": 2014,
            "quarter": 2,
            "eps": -0.2,
            "eps_growth_year": null,
            "eps_4q": -0.73,
            "eps_4q_growth_year": null,
            "roe": -1.93,
            "roe_4q": -6.74,
            "gross_profit": 2638897,
            "gross_margin": 7.14,
            "gross_margin_4q_avg": 6.13,
            "net_income": -959539,
            "net_income_4q": null,
            "revenue": 36947737,
            "revenue_4q": null,
            "common_shares": 52000000,
            "book_valuer_per_share": 9.05,
            "book_valuer_per_share_4q_avg": 9.51,
            "equity": 49286604,
            "current_ratio": 57.2,
            "debt_ratio": 77.85,
            "inventory_turnover_ratio": 5,
            "account_receivable_turnover_ratio": 4.68,
            "reinvestment_rate": null,
            "research_to_sale_ratio": null,
            "price_fair": 5.64,
            "eps_avg_yearly": 1.88,
            "eps_latest_yearly": 0.52,
            "eps_growth_yearly": -167.9
        },
        "20143": {
            "year_quarter": 20143,
            "year": 2014,
            "quarter": 3,
            "eps": 0.22,
            "eps_growth_year": -21.43,
            "eps_4q": -0.78,
            "eps_4q_growth_year": null,
            "roe": 2.49,
            "roe_4q": -7.02,
            "gross_profit": 4547469,
            "gross_margin": 11.3,
            "gross_margin_4q_avg": 6.23,
            "net_income": 1239019,
            "net_income_4q": null,
            "revenue": 40244398,
            "revenue_4q": null,
            "common_shares": 52000000,
            "book_valuer_per_share": 9.22,
            "book_valuer_per_share_4q_avg": 9.32,
            "equity": 50279347,
            "current_ratio": 61.52,
            "debt_ratio": 77.28,
            "inventory_turnover_ratio": 5.09,
            "account_receivable_turnover_ratio": 5.03,
            "reinvestment_rate": null,
            "research_to_sale_ratio": null,
            "price_fair": 1.56,
            "eps_avg_yearly": 0.52,
            "eps_latest_yearly": 0.52,
            "eps_growth_yearly": -335.8
        },
        "20144": {
            "year_quarter": 20144,
            "year": 2014,
            "quarter": 4,
            "eps": 0.35,
            "eps_growth_year": null,
            "eps_4q": -0.14,
            "eps_4q_growth_year": null,
            "roe": 3.6,
            "roe_4q": -1.0899999999999999,
            "gross_profit": 4767133,
            "gross_margin": 12.5,
            "gross_margin_4q_avg": 8.92,
            "net_income": 1821547,
            "net_income_4q": null,
            "revenue": 38142734,
            "revenue_4q": null,
            "common_shares": 52491666,
            "book_valuer_per_share": 9.28,
            "book_valuer_per_share_4q_avg": 9.2,
            "equity": 50997108,
            "current_ratio": 66.68,
            "debt_ratio": 77.74,
            "inventory_turnover_ratio": 4.6,
            "account_receivable_turnover_ratio": 4.36,
            "reinvestment_rate": null,
            "research_to_sale_ratio": null,
            "price_fair": 49,
            "eps_avg_yearly": 1.4,
            "eps_latest_yearly": 1.4,
            "eps_growth_yearly": 236.36
        },
        "20151": {
            "year_quarter": 20151,
            "year": 2015,
            "quarter": 1,
            "eps": 0.35,
            "eps_growth_year": null,
            "eps_4q": 0.71,
            "eps_4q_growth_year": null,
            "roe": 3.56,
            "roe_4q": 7.720000000000001,
            "gross_profit": 5716576,
            "gross_margin": 15.38,
            "gross_margin_4q_avg": 11.58,
            "net_income": 1882204,
            "net_income_4q": null,
            "revenue": 37163905,
            "revenue_4q": null,
            "common_shares": 53700079,
            "book_valuer_per_share": 9.77,
            "book_valuer_per_share_4q_avg": 9.33,
            "equity": 54789521,
            "current_ratio": 72.89,
            "debt_ratio": 76.1,
            "inventory_turnover_ratio": 4.36,
            "account_receivable_turnover_ratio": 3.95,
            "reinvestment_rate": null,
            "research_to_sale_ratio": null,
            "price_fair": 49,
            "eps_avg_yearly": 1.4,
            "eps_latest_yearly": 1.4,
            "eps_growth_yearly": 118.18
        },
        "20152": {
            "year_quarter": 20152,
            "year": 2015,
            "quarter": 2,
            "eps": 0.2,
            "eps_growth_year": null,
            "eps_4q": 1.09,
            "eps_4q_growth_year": null,
            "roe": 2.08,
            "roe_4q": 11.73,
            "gross_profit": 4564806,
            "gross_margin": 12.81,
            "gross_margin_4q_avg": 13,
            "net_income": 1168311,
            "net_income_4q": null,
            "revenue": 35621247,
            "revenue_4q": null,
            "common_shares": 54700732,
            "book_valuer_per_share": 10.16,
            "book_valuer_per_share_4q_avg": 9.61,
            "equity": 57799099,
            "current_ratio": 76.86,
            "debt_ratio": 74.63,
            "inventory_turnover_ratio": 4.2,
            "account_receivable_turnover_ratio": 4.03,
            "reinvestment_rate": null,
            "research_to_sale_ratio": null,
            "price_fair": 37.97,
            "eps_avg_yearly": 1.2,
            "eps_latest_yearly": 0.8,
            "eps_growth_yearly": 21.65
        },
        "20153": {
            "year_quarter": 20153,
            "year": 2015,
            "quarter": 3,
            "eps": 0.39,
            "eps_growth_year": 77.27,
            "eps_4q": 1.27,
            "eps_4q_growth_year": null,
            "roe": 3.74,
            "roe_4q": 12.98,
            "gross_profit": 5290604,
            "gross_margin": 14.26,
            "gross_margin_4q_avg": 13.74,
            "net_income": 2213274,
            "net_income_4q": null,
            "revenue": 37089144,
            "revenue_4q": null,
            "common_shares": 54708901,
            "book_valuer_per_share": 10.65,
            "book_valuer_per_share_4q_avg": 9.97,
            "equity": 60539780,
            "current_ratio": 72.01,
            "debt_ratio": 73.03,
            "inventory_turnover_ratio": 4.13,
            "account_receivable_turnover_ratio": 4.67,
            "reinvestment_rate": -2091.81,
            "research_to_sale_ratio": null,
            "price_fair": 45.15,
            "eps_avg_yearly": 1.29,
            "eps_latest_yearly": 1.56,
            "eps_growth_yearly": 111.23
        },
        "20154": {
            "year_quarter": 20154,
            "year": 2015,
            "quarter": 4,
            "eps": 0.12,
            "eps_growth_year": -65.28,
            "eps_4q": 1.05,
            "eps_4q_growth_year": null,
            "roe": 1.09,
            "roe_4q": 10.47,
            "gross_profit": 4696388,
            "gross_margin": 13.35,
            "gross_margin_4q_avg": 13.95,
            "net_income": 662421,
            "net_income_4q": null,
            "revenue": 35181921,
            "revenue_4q": null,
            "common_shares": 54708901,
            "book_valuer_per_share": 10.66,
            "book_valuer_per_share_4q_avg": 10.31,
            "equity": 60556543,
            "current_ratio": 66.9,
            "debt_ratio": 72.71,
            "inventory_turnover_ratio": 3.79,
            "account_receivable_turnover_ratio": 4.63,
            "reinvestment_rate": -558.26,
            "research_to_sale_ratio": null,
            "price_fair": 39.48,
            "eps_avg_yearly": 1.13,
            "eps_latest_yearly": 0.48,
            "eps_growth_yearly": 33.6
        },
        "20161": {
            "year_quarter": 20161,
            "year": 2016,
            "quarter": 1,
            "eps": 0.27,
            "eps_growth_year": -22.86,
            "eps_4q": 0.98,
            "eps_4q_growth_year": 37.95,
            "roe": 2.46,
            "roe_4q": 9.370000000000001,
            "gross_profit": 5748765,
            "gross_margin": 16.43,
            "gross_margin_4q_avg": 14.21,
            "net_income": 1507465,
            "net_income_4q": null,
            "revenue": 34999023,
            "revenue_4q": null,
            "common_shares": 54708901,
            "book_valuer_per_share": 10.91,
            "book_valuer_per_share_4q_avg": 10.6,
            "equity": 61986622,
            "current_ratio": 68.11,
            "debt_ratio": 71.63,
            "inventory_turnover_ratio": 3.57,
            "account_receivable_turnover_ratio": 4.74,
            "reinvestment_rate": -302.32,
            "research_to_sale_ratio": null,
            "price_fair": 39.2,
            "eps_avg_yearly": 1.12,
            "eps_latest_yearly": 1.08,
            "eps_growth_yearly": 111.34
        },
        "20162": {
            "year_quarter": 20162,
            "year": 2016,
            "quarter": 2,
            "eps": -0.03,
            "eps_growth_year": -115,
            "eps_4q": 0.75,
            "eps_4q_growth_year": -31.55,
            "roe": -0.16,
            "roe_4q": 7.13,
            "gross_profit": 3879073,
            "gross_margin": 11.46,
            "gross_margin_4q_avg": 13.88,
            "net_income": -95277,
            "net_income_4q": null,
            "revenue": 33834966,
            "revenue_4q": null,
            "common_shares": 54708901,
            "book_valuer_per_share": 10.43,
            "book_valuer_per_share_4q_avg": 10.66,
            "equity": 59237837,
            "current_ratio": 65.5,
            "debt_ratio": 72.93,
            "inventory_turnover_ratio": 3.67,
            "account_receivable_turnover_ratio": 4.61,
            "reinvestment_rate": -323.02,
            "research_to_sale_ratio": null,
            "price_fair": 39.2,
            "eps_avg_yearly": 1.12,
            "eps_latest_yearly": 1.08,
            "eps_growth_yearly": 111.34
        },
        "20163": {
            "year_quarter": 20163,
            "year": 2016,
            "quarter": 3,
            "eps": 0.09,
            "eps_growth_year": -76.92,
            "eps_4q": 0.45,
            "eps_4q_growth_year": -64.36,
            "roe": 0.99,
            "roe_4q": 4.38,
            "gross_profit": 4924994,
            "gross_margin": 13.47,
            "gross_margin_4q_avg": 13.68,
            "net_income": 586881,
            "net_income_4q": null,
            "revenue": 36552871,
            "revenue_4q": null,
            "common_shares": 54708901,
            "book_valuer_per_share": 10.51,
            "book_valuer_per_share_4q_avg": 10.63,
            "equity": 59747325,
            "current_ratio": 67.06,
            "debt_ratio": 72.41,
            "inventory_turnover_ratio": 3.81,
            "account_receivable_turnover_ratio": 4.98,
            "reinvestment_rate": -325.21,
            "research_to_sale_ratio": null,
            "price_fair": 39.2,
            "eps_avg_yearly": 1.12,
            "eps_latest_yearly": 1.08,
            "eps_growth_yearly": 111.34
        },
        "20164": {
            "year_quarter": 20164,
            "year": 2016,
            "quarter": 4,
            "eps": -0.23,
            "eps_growth_year": -286.44,
            "eps_4q": 0.1,
            "eps_4q_growth_year": -90.08,
            "roe": -2.19,
            "roe_4q": 1.1,
            "gross_profit": 3453074,
            "gross_margin": 9.67,
            "gross_margin_4q_avg": 12.76,
            "net_income": -1288129,
            "net_income_4q": null,
            "revenue": 35692247,
            "revenue_4q": null,
            "common_shares": 54708901,
            "book_valuer_per_share": 10.2,
            "book_valuer_per_share_4q_avg": 10.51,
            "equity": 57867198,
            "current_ratio": 69,
            "debt_ratio": 74.22,
            "inventory_turnover_ratio": 3.84,
            "account_receivable_turnover_ratio": 4.6,
            "reinvestment_rate": -81.12,
            "research_to_sale_ratio": null,
            "price_fair": 39.2,
            "eps_avg_yearly": 1.12,
            "eps_latest_yearly": 1.08,
            "eps_growth_yearly": 111.34
        },
        "20171": {
            "year_quarter": 20171,
            "year": 2017,
            "quarter": 1,
            "eps": -0.69,
            "eps_growth_year": -355.56,
            "eps_4q": -0.85,
            "eps_4q_growth_year": -186.54,
            "roe": -6.65,
            "roe_4q": -8.01,
            "gross_profit": 2799380,
            "gross_margin": 7.82,
            "gross_margin_4q_avg": 10.61,
            "net_income": -3713367,
            "net_income_4q": null,
            "revenue": 35796465,
            "revenue_4q": null,
            "common_shares": 54708901,
            "book_valuer_per_share": 9.46,
            "book_valuer_per_share_4q_avg": 10.15,
            "equity": 53807097,
            "current_ratio": 63.42,
            "debt_ratio": 75.56,
            "inventory_turnover_ratio": 3.85,
            "account_receivable_turnover_ratio": 4.29,
            "reinvestment_rate": -1216.93,
            "research_to_sale_ratio": null,
            "price_fair": 39.2,
            "eps_avg_yearly": 1.12,
            "eps_latest_yearly": 1.08,
            "eps_growth_yearly": 111.34
        },
        "20172": {
            "year_quarter": 20172,
            "year": 2017,
            "quarter": 2,
            "eps": 0.32,
            "eps_growth_year": null,
            "eps_4q": -0.5,
            "eps_4q_growth_year": -166.54,
            "roe": 3.38,
            "roe_4q": -4.470000000000001,
            "gross_profit": 6022797,
            "gross_margin": 15.78,
            "gross_margin_4q_avg": 11.69,
            "net_income": 1851744,
            "net_income_4q": null,
            "revenue": 38156614,
            "revenue_4q": null,
            "common_shares": 54708901,
            "book_valuer_per_share": 9.8,
            "book_valuer_per_share_4q_avg": 9.99,
            "equity": 55726838,
            "current_ratio": 79.57,
            "debt_ratio": 75.44,
            "inventory_turnover_ratio": 3.73,
            "account_receivable_turnover_ratio": 4.55,
            "reinvestment_rate": -438.14,
            "research_to_sale_ratio": null,
            "price_fair": 39.2,
            "eps_avg_yearly": 1.12,
            "eps_latest_yearly": 1.08,
            "eps_growth_yearly": 111.34
        },
        "20173": {
            "year_quarter": 20173,
            "year": 2017,
            "quarter": 3,
            "eps": 0.54,
            "eps_growth_year": 500,
            "eps_4q": -0.05,
            "eps_4q_growth_year": -111.48,
            "roe": 5.33,
            "roe_4q": -0.12999999999999945,
            "gross_profit": 7068240,
            "gross_margin": 17.43,
            "gross_margin_4q_avg": 12.68,
            "net_income": 3050822,
            "net_income_4q": null,
            "revenue": 40542703,
            "revenue_4q": null,
            "common_shares": 54709846,
            "book_valuer_per_share": 10.35,
            "book_valuer_per_share_4q_avg": 9.95,
            "equity": 58806231,
            "current_ratio": 73.77,
            "debt_ratio": 73.66,
            "inventory_turnover_ratio": 3.9,
            "account_receivable_turnover_ratio": 4.84,
            "reinvestment_rate": -114.69,
            "research_to_sale_ratio": null,
            "price_fair": 44.4,
            "eps_avg_yearly": 1.27,
            "eps_latest_yearly": 2.16,
            "eps_growth_yearly": 134.72
        },
        "20174": {
            "year_quarter": 20174,
            "year": 2017,
            "quarter": 4,
            "eps": 0.23,
            "eps_growth_year": null,
            "eps_4q": 0.4,
            "eps_4q_growth_year": 286.33,
            "roe": 2.21,
            "roe_4q": 4.27,
            "gross_profit": 6081994,
            "gross_margin": 14.61,
            "gross_margin_4q_avg": 13.91,
            "net_income": 1301593,
            "net_income_4q": null,
            "revenue": 41626003,
            "revenue_4q": null,
            "common_shares": 54709846,
            "book_valuer_per_share": 10.43,
            "book_valuer_per_share_4q_avg": 10.01,
            "equity": 59157519,
            "current_ratio": 78.64,
            "debt_ratio": 73.81,
            "inventory_turnover_ratio": 4.09,
            "account_receivable_turnover_ratio": 4.92,
            "reinvestment_rate": 43.14,
            "research_to_sale_ratio": null,
            "price_fair": 42.88,
            "eps_avg_yearly": 1.23,
            "eps_latest_yearly": 0.92,
            "eps_growth_yearly": 89.17
        },
        "20181": {
            "year_quarter": 20181,
            "year": 2018,
            "quarter": 1,
            "eps": 0.01,
            "eps_growth_year": null,
            "eps_4q": 1.1,
            "eps_4q_growth_year": null,
            "roe": 0.16,
            "roe_4q": 11.08,
            "gross_profit": 3796553,
            "gross_margin": 9.55,
            "gross_margin_4q_avg": 14.34,
            "net_income": 98151,
            "net_income_4q": null,
            "revenue": 39735027,
            "revenue_4q": null,
            "common_shares": 54709846,
            "book_valuer_per_share": 10.51,
            "book_valuer_per_share_4q_avg": 10.27,
            "equity": 60091210,
            "current_ratio": 76.79,
            "debt_ratio": 73.69,
            "inventory_turnover_ratio": 4.11,
            "account_receivable_turnover_ratio": 4.45,
            "reinvestment_rate": 118.7,
            "research_to_sale_ratio": null,
            "price_fair": 38.27,
            "eps_avg_yearly": 1.09,
            "eps_latest_yearly": 0.04,
            "eps_growth_yearly": 36.75
        },
        "20182": {
            "year_quarter": 20182,
            "year": 2018,
            "quarter": 2,
            "eps": 0.01,
            "eps_growth_year": -96.88,
            "eps_4q": 0.79,
            "eps_4q_growth_year": null,
            "roe": 0.35,
            "roe_4q": 8.05,
            "gross_profit": 3959170,
            "gross_margin": 9.59,
            "gross_margin_4q_avg": 12.8,
            "net_income": 210867,
            "net_income_4q": null,
            "revenue": 41275835,
            "revenue_4q": null,
            "common_shares": 54709846,
            "book_valuer_per_share": 10.36,
            "book_valuer_per_share_4q_avg": 10.41,
            "equity": 59375381,
            "current_ratio": 77.44,
            "debt_ratio": 74.13,
            "inventory_turnover_ratio": 4.23,
            "account_receivable_turnover_ratio": 4.47,
            "reinvestment_rate": 144.07,
            "research_to_sale_ratio": null,
            "price_fair": 34.58,
            "eps_avg_yearly": 0.99,
            "eps_latest_yearly": 0.04,
            "eps_growth_yearly": 33.08
        },
        "20183": {
            "year_quarter": 20183,
            "year": 2018,
            "quarter": 3,
            "eps": 0.2,
            "eps_growth_year": -62.96,
            "eps_4q": 0.45,
            "eps_4q_growth_year": null,
            "roe": 2.05,
            "roe_4q": 4.77,
            "gross_profit": 5310156,
            "gross_margin": 11.75,
            "gross_margin_4q_avg": 11.38,
            "net_income": 1226637,
            "net_income_4q": null,
            "revenue": 45196764,
            "revenue_4q": null,
            "common_shares": 54709846,
            "book_valuer_per_share": 10.56,
            "book_valuer_per_share_4q_avg": 10.47,
            "equity": 60327511,
            "current_ratio": 77.61,
            "debt_ratio": 73.32,
            "inventory_turnover_ratio": 4.54,
            "account_receivable_turnover_ratio": 4.75,
            "reinvestment_rate": 144.94,
            "research_to_sale_ratio": null,
            "price_fair": 33.98,
            "eps_avg_yearly": 0.97,
            "eps_latest_yearly": 0.8,
            "eps_growth_yearly": 720.98
        },
        "20184": {
            "year_quarter": 20184,
            "year": 2018,
            "quarter": 4,
            "eps": 0.1,
            "eps_growth_year": -58.13,
            "eps_4q": 0.31,
            "eps_4q_growth_year": -22.51,
            "roe": 1.07,
            "roe_4q": 3.6300000000000003,
            "gross_profit": 4144198,
            "gross_margin": 9.31,
            "gross_margin_4q_avg": 10.05,
            "net_income": 643289,
            "net_income_4q": null,
            "revenue": 44503981,
            "revenue_4q": null,
            "common_shares": 54209846,
            "book_valuer_per_share": 10.54,
            "book_valuer_per_share_4q_avg": 10.49,
            "equity": 60047084,
            "current_ratio": 86.67,
            "debt_ratio": 73.91,
            "inventory_turnover_ratio": 4.65,
            "account_receivable_turnover_ratio": 4.48,
            "reinvestment_rate": 188.97,
            "research_to_sale_ratio": null,
            "price_fair": 30.8,
            "eps_avg_yearly": 0.88,
            "eps_latest_yearly": 0.4,
            "eps_growth_yearly": 681.31
        },
        "20191": {
            "year_quarter": 20191,
            "year": 2019,
            "quarter": 1,
            "eps": -0.04,
            "eps_growth_year": -500,
            "eps_4q": 0.26,
            "eps_4q_growth_year": -76.09,
            "roe": -0.25,
            "roe_4q": 3.22,
            "gross_profit": 4213439,
            "gross_margin": 10.43,
            "gross_margin_4q_avg": 10.27,
            "net_income": -146876,
            "net_income_4q": null,
            "revenue": 40405348,
            "revenue_4q": null,
            "common_shares": 54209846,
            "book_valuer_per_share": 10.48,
            "book_valuer_per_share_4q_avg": 10.49,
            "equity": 59819180,
            "current_ratio": 70.73,
            "debt_ratio": 79.76,
            "inventory_turnover_ratio": 4.19,
            "account_receivable_turnover_ratio": 4.21,
            "reinvestment_rate": 242.75,
            "research_to_sale_ratio": null,
            "price_fair": 28.98,
            "eps_avg_yearly": 0.83,
            "eps_latest_yearly": 0.4,
            "eps_growth_yearly": 749.44
        },
        "20192": {
            "year_quarter": 20192,
            "year": 2019,
            "quarter": 2,
            "eps": -0.08,
            "eps_growth_year": -900,
            "eps_4q": 0.17,
            "eps_4q_growth_year": -78.53,
            "roe": -0.49,
            "roe_4q": 2.38,
            "gross_profit": 4296535,
            "gross_margin": 10.02,
            "gross_margin_4q_avg": 10.38,
            "net_income": -290890,
            "net_income_4q": null,
            "revenue": 42892312,
            "revenue_4q": null,
            "common_shares": 54209846,
            "book_valuer_per_share": 10.15,
            "book_valuer_per_share_4q_avg": 10.43,
            "equity": 57774556,
            "current_ratio": 67.3,
            "debt_ratio": 80.29,
            "inventory_turnover_ratio": 4.58,
            "account_receivable_turnover_ratio": 4.51,
            "reinvestment_rate": 325.86,
            "research_to_sale_ratio": null,
            "price_fair": 29.09,
            "eps_avg_yearly": 0.83,
            "eps_latest_yearly": 0.4,
            "eps_growth_yearly": 851.76
        },
        "20193": {
            "year_quarter": 20193,
            "year": 2019,
            "quarter": 3,
            "eps": 0.06,
            "eps_growth_year": -70,
            "eps_4q": 0.03,
            "eps_4q_growth_year": -92.79,
            "roe": 0.84,
            "roe_4q": 1.17,
            "gross_profit": 5126524,
            "gross_margin": 11.92,
            "gross_margin_4q_avg": 10.42,
            "net_income": 495515,
            "net_income_4q": null,
            "revenue": 43004648,
            "revenue_4q": null,
            "common_shares": 54209846,
            "book_valuer_per_share": 10.44,
            "book_valuer_per_share_4q_avg": 10.4,
            "equity": 60075205,
            "current_ratio": 71.95,
            "debt_ratio": 79.87,
            "inventory_turnover_ratio": 4.46,
            "account_receivable_turnover_ratio": 4.49,
            "reinvestment_rate": 343.74,
            "research_to_sale_ratio": null,
            "price_fair": 25.9,
            "eps_avg_yearly": 0.74,
            "eps_latest_yearly": 0.4,
            "eps_growth_yearly": 910.73
        },
        "20194": {
            "year_quarter": 20194,
            "year": 2019,
            "quarter": 4,
            "eps": -0.16,
            "eps_growth_year": -263.82,
            "eps_4q": -0.22,
            "eps_4q_growth_year": -170.77,
            "roe": -1.22,
            "roe_4q": -1.12,
            "gross_profit": 3050430,
            "gross_margin": 7.24,
            "gross_margin_4q_avg": 9.9,
            "net_income": -732751,
            "net_income_4q": null,
            "revenue": 42141852,
            "revenue_4q": null,
            "common_shares": 54209846,
            "book_valuer_per_share": 10.44,
            "book_valuer_per_share_4q_avg": 10.38,
            "equity": 60132117,
            "current_ratio": 67.87,
            "debt_ratio": 79.48,
            "inventory_turnover_ratio": 4.54,
            "account_receivable_turnover_ratio": 4.74,
            "reinvestment_rate": 468.95,
            "research_to_sale_ratio": null,
            "price_fair": 27.2,
            "eps_avg_yearly": 0.78,
            "eps_latest_yearly": 0.4,
            "eps_growth_yearly": 1080.39
        },
        "20201": {
            "year_quarter": 20201,
            "year": 2020,
            "quarter": 1,
            "eps": -0.7,
            "eps_growth_year": null,
            "eps_4q": -0.87,
            "eps_4q_growth_year": -432.74,
            "roe": -6.56,
            "roe_4q": -7.43,
            "gross_profit": 220868,
            "gross_margin": 0.68,
            "gross_margin_4q_avg": 7.47,
            "net_income": -3810565,
            "net_income_4q": null,
            "revenue": 32557130,
            "revenue_4q": null,
            "common_shares": 54209846,
            "book_valuer_per_share": 9.68,
            "book_valuer_per_share_4q_avg": 10.18,
            "equity": 55994578,
            "current_ratio": 71.73,
            "debt_ratio": 81.03,
            "inventory_turnover_ratio": 3.94,
            "account_receivable_turnover_ratio": 4.18,
            "reinvestment_rate": null,
            "research_to_sale_ratio": null,
            "price_fair": 25.43,
            "eps_avg_yearly": 0.73,
            "eps_latest_yearly": 0.4,
            "eps_growth_yearly": 1177.13
        },
        "20202": {
            "year_quarter": 20202,
            "year": 2020,
            "quarter": 2,
            "eps": 0.45,
            "eps_growth_year": null,
            "eps_4q": -0.34,
            "eps_4q_growth_year": -299.67,
            "roe": 3.94,
            "roe_4q": -3,
            "gross_profit": 4664820,
            "gross_margin": 17.73,
            "gross_margin_4q_avg": 9.39,
            "net_income": 2252613,
            "net_income_4q": null,
            "revenue": 26315522,
            "revenue_4q": null,
            "common_shares": 54209846,
            "book_valuer_per_share": 10.23,
            "book_valuer_per_share_4q_avg": 10.2,
            "equity": 58404710,
            "current_ratio": 81.2,
            "debt_ratio": 79.49,
            "inventory_turnover_ratio": 2.73,
            "account_receivable_turnover_ratio": 3.41,
            "reinvestment_rate": 1828.1,
            "research_to_sale_ratio": null,
            "price_fair": 25.43,
            "eps_avg_yearly": 0.73,
            "eps_latest_yearly": 0.4,
            "eps_growth_yearly": 1177.13
        },
        "20203": {
            "year_quarter": 20203,
            "year": 2020,
            "quarter": 3,
            "eps": -0.13,
            "eps_growth_year": -316.67,
            "eps_4q": -0.53,
            "eps_4q_growth_year": -1747.47,
            "roe": -1.4,
            "roe_4q": -5.239999999999999,
            "gross_profit": 1203053,
            "gross_margin": 4.52,
            "gross_margin_4q_avg": 7.54,
            "net_income": -817293,
            "net_income_4q": null,
            "revenue": 26611698,
            "revenue_4q": null,
            "common_shares": 54209846,
            "book_valuer_per_share": 10.19,
            "book_valuer_per_share_4q_avg": 10.14,
            "equity": 58068833,
            "current_ratio": 92.6,
            "debt_ratio": 79.56,
            "inventory_turnover_ratio": 3.19,
            "account_receivable_turnover_ratio": 3.17,
            "reinvestment_rate": null,
            "research_to_sale_ratio": null,
            "price_fair": 25.43,
            "eps_avg_yearly": 0.73,
            "eps_latest_yearly": 0.4,
            "eps_growth_yearly": 1177.13
        },
        "20204": {
            "year_quarter": 20204,
            "year": 2020,
            "quarter": 4,
            "eps": 0.4,
            "eps_growth_year": null,
            "eps_4q": 0.03,
            "eps_4q_growth_year": null,
            "roe": 3.53,
            "roe_4q": -0.4899999999999993,
            "gross_profit": 4130460,
            "gross_margin": 13.88,
            "gross_margin_4q_avg": 9.2,
            "net_income": 2095431,
            "net_income_4q": null,
            "revenue": 29766200,
            "revenue_4q": null,
            "common_shares": 54209846,
            "book_valuer_per_share": 10.62,
            "book_valuer_per_share_4q_avg": 10.18,
            "equity": 60711573,
            "current_ratio": 98.76,
            "debt_ratio": 78.64,
            "inventory_turnover_ratio": 3.05,
            "account_receivable_turnover_ratio": 3.29,
            "reinvestment_rate": 10.87,
            "research_to_sale_ratio": null,
            "price_fair": 25.43,
            "eps_avg_yearly": 0.73,
            "eps_latest_yearly": 0.4,
            "eps_growth_yearly": 1177.13
        },
        "20211": {
            "year_quarter": 20211,
            "year": 2021,
            "quarter": 1,
            "eps": -0.19,
            "eps_growth_year": null,
            "eps_4q": 0.53,
            "eps_4q_growth_year": null,
            "roe": -2.03,
            "roe_4q": 4.04,
            "gross_profit": 1667868,
            "gross_margin": 5.99,
            "gross_margin_4q_avg": 10.53,
            "net_income": -1216547,
            "net_income_4q": null,
            "revenue": 27827656,
            "revenue_4q": null,
            "common_shares": 54209926,
            "book_valuer_per_share": 10.4,
            "book_valuer_per_share_4q_avg": 10.36,
            "equity": 59304096,
            "current_ratio": 92.96,
            "debt_ratio": 78.08,
            "inventory_turnover_ratio": 3.07,
            "account_receivable_turnover_ratio": 2.93,
            "reinvestment_rate": 73.16,
            "research_to_sale_ratio": null,
            "price_fair": 25.43,
            "eps_avg_yearly": 0.73,
            "eps_latest_yearly": 0.4,
            "eps_growth_yearly": 1177.13
        },
        "20212": {
            "year_quarter": 20212,
            "year": 2021,
            "quarter": 2,
            "eps": -0.06,
            "eps_growth_year": -113.33,
            "eps_4q": 0.02,
            "eps_4q_growth_year": null,
            "roe": -0.8,
            "roe_4q": -0.7000000000000002,
            "gross_profit": 2833341,
            "gross_margin": 9.65,
            "gross_margin_4q_avg": 8.51,
            "net_income": -485666,
            "net_income_4q": null,
            "revenue": 29372982,
            "revenue_4q": null,
            "common_shares": 56713178,
            "book_valuer_per_share": 10.55,
            "book_valuer_per_share_4q_avg": 10.44,
            "equity": 62528967,
            "current_ratio": 106.86,
            "debt_ratio": 76.67,
            "inventory_turnover_ratio": 3.11,
            "account_receivable_turnover_ratio": 3.14,
            "reinvestment_rate": -171.54,
            "research_to_sale_ratio": null,
            "price_fair": 25.43,
            "eps_avg_yearly": 0.73,
            "eps_latest_yearly": 0.4,
            "eps_growth_yearly": 1177.13
        },
        "20213": {
            "year_quarter": 20213,
            "year": 2021,
            "quarter": 3,
            "eps": 0.51,
            "eps_growth_year": null,
            "eps_4q": 0.65,
            "eps_4q_growth_year": null,
            "roe": 4.34,
            "roe_4q": 5.04,
            "gross_profit": 5566894,
            "gross_margin": 16.15,
            "gross_margin_4q_avg": 11.42,
            "net_income": 2800520,
            "net_income_4q": null,
            "revenue": 34474002,
            "revenue_4q": null,
            "common_shares": 57404844,
            "book_valuer_per_share": 11.03,
            "book_valuer_per_share_4q_avg": 10.65,
            "equity": 66436151,
            "current_ratio": 131.61,
            "debt_ratio": 75.92,
            "inventory_turnover_ratio": 3.29,
            "account_receivable_turnover_ratio": 3.23,
            "reinvestment_rate": -466.79,
            "research_to_sale_ratio": null,
            "price_fair": 15.4,
            "eps_avg_yearly": 0.44,
            "eps_latest_yearly": 0.4,
            "eps_growth_yearly": 1357.55
        },
        "20214": {
            "year_quarter": 20214,
            "year": 2021,
            "quarter": 4,
            "eps": 1.32,
            "eps_growth_year": 230.24,
            "eps_4q": 1.58,
            "eps_4q_growth_year": 6013.16,
            "roe": 10.94,
            "roe_4q": 12.45,
            "gross_profit": 13286354,
            "gross_margin": 28.17,
            "gross_margin_4q_avg": 14.99,
            "net_income": 7858357,
            "net_income_4q": null,
            "revenue": 47166763,
            "revenue_4q": null,
            "common_shares": 59412243,
            "book_valuer_per_share": 12.47,
            "book_valuer_per_share_4q_avg": 11.11,
            "equity": 77205018,
            "current_ratio": 161.25,
            "debt_ratio": 73.8,
            "inventory_turnover_ratio": 3.84,
            "account_receivable_turnover_ratio": 3.71,
            "reinvestment_rate": -249.83,
            "research_to_sale_ratio": null,
            "price_fair": 45.92,
            "eps_avg_yearly": 1.31,
            "eps_latest_yearly": 5.28,
            "eps_growth_yearly": 1530.54
        },
        "20221": {
            "year_quarter": 20221,
            "year": 2022,
            "quarter": 1,
            "eps": 0.52,
            "eps_growth_year": null,
            "eps_4q": 2.25,
            "eps_4q_growth_year": 321.02,
            "roe": 3.58,
            "roe_4q": 18.06,
            "gross_profit": 5499081,
            "gross_margin": 14.77,
            "gross_margin_4q_avg": 17.19,
            "net_income": 2810731,
            "net_income_4q": null,
            "revenue": 37233283,
            "revenue_4q": null,
            "common_shares": 59935427,
            "book_valuer_per_share": 12.86,
            "book_valuer_per_share_4q_avg": 11.73,
            "equity": 79939852,
            "current_ratio": 153.79,
            "debt_ratio": 71.88,
            "inventory_turnover_ratio": 3.59,
            "account_receivable_turnover_ratio": 3.1,
            "reinvestment_rate": -226.84,
            "research_to_sale_ratio": null,
            "price_fair": 60.2,
            "eps_avg_yearly": 1.72,
            "eps_latest_yearly": 2.08,
            "eps_growth_yearly": 1558.57
        },
        "20222": {
            "year_quarter": 20222,
            "year": 2022,
            "quarter": 2,
            "eps": 0.07,
            "eps_growth_year": null,
            "eps_4q": 2.37,
            "eps_4q_growth_year": 14498.42,
            "roe": 0.44,
            "roe_4q": 19.3,
            "gross_profit": 2697947,
            "gross_margin": 7.32,
            "gross_margin_4q_avg": 16.6,
            "net_income": 342374,
            "net_income_4q": null,
            "revenue": 36852234,
            "revenue_4q": null,
            "common_shares": 60135374,
            "book_valuer_per_share": 11.9,
            "book_valuer_per_share_4q_avg": 12.07,
            "equity": 74142321,
            "current_ratio": 115.13,
            "debt_ratio": 73.95,
            "inventory_turnover_ratio": 3.72,
            "account_receivable_turnover_ratio": 3.29,
            "reinvestment_rate": -255.6,
            "research_to_sale_ratio": null,
            "price_fair": 61.88,
            "eps_avg_yearly": 1.77,
            "eps_latest_yearly": 0.28,
            "eps_growth_yearly": 1489.34
        },
        "20223": {
            "year_quarter": 20223,
            "year": 2022,
            "quarter": 3,
            "eps": 0.02,
            "eps_growth_year": -96.08,
            "eps_4q": 1.9,
            "eps_4q_growth_year": 193.86,
            "roe": -0.02,
            "roe_4q": 14.94,
            "gross_profit": 1680125,
            "gross_margin": 4.46,
            "gross_margin_4q_avg": 13.68,
            "net_income": -11485,
            "net_income_4q": null,
            "revenue": 37697760,
            "revenue_4q": null,
            "common_shares": 60135374,
            "book_valuer_per_share": 11.6,
            "book_valuer_per_share_4q_avg": 12.21,
            "equity": 72195446,
            "current_ratio": 106.3,
            "debt_ratio": 74.53,
            "inventory_turnover_ratio": 3.65,
            "account_receivable_turnover_ratio": 3.18,
            "reinvestment_rate": -281.9,
            "research_to_sale_ratio": null,
            "price_fair": 4.87,
            "eps_avg_yearly": 1.62,
            "eps_latest_yearly": 0.08,
            "eps_growth_yearly": -87.8
        },
        "20224": {
            "year_quarter": 20224,
            "year": 2022,
            "quarter": 4,
            "eps": -0.13,
            "eps_growth_year": -109.58,
            "eps_4q": 0.48,
            "eps_4q_growth_year": -69.88,
            "roe": -1.24,
            "roe_4q": 2.76,
            "gross_profit": 1493060,
            "gross_margin": 3.83,
            "gross_margin_4q_avg": 7.6,
            "net_income": -896219,
            "net_income_4q": null,
            "revenue": 38939194,
            "revenue_4q": null,
            "common_shares": 60135374,
            "book_valuer_per_share": 11.64,
            "book_valuer_per_share_4q_avg": 12,
            "equity": 72453442,
            "current_ratio": 97.99,
            "debt_ratio": 75.39,
            "inventory_turnover_ratio": 3.57,
            "account_receivable_turnover_ratio": 3.39,
            "reinvestment_rate": -318.86,
            "research_to_sale_ratio": null,
            "price_fair": 5.79,
            "eps_avg_yearly": 1.93,
            "eps_latest_yearly": 0.08,
            "eps_growth_yearly": -59.75
        },
        "20231": {
            "year_quarter": 20231,
            "year": 2023,
            "quarter": 1,
            "eps": 0.22,
            "eps_growth_year": -57.69,
            "eps_4q": 0.18,
            "eps_4q_growth_year": -91.91,
            "roe": 1.91,
            "roe_4q": 1.0899999999999999,
            "gross_profit": 5198287,
            "gross_margin": 12.18,
            "gross_margin_4q_avg": 6.95,
            "net_income": 1396484,
            "net_income_4q": null,
            "revenue": 42691908,
            "revenue_4q": null,
            "common_shares": 60135374,
            "book_valuer_per_share": 11.9,
            "book_valuer_per_share_4q_avg": 11.76,
            "equity": 74092817,
            "current_ratio": 94.34,
            "debt_ratio": 74.82,
            "inventory_turnover_ratio": 3.46,
            "account_receivable_turnover_ratio": 3.87,
            "reinvestment_rate": -276.12,
            "research_to_sale_ratio": null,
            "price_fair": 5.79,
            "eps_avg_yearly": 1.93,
            "eps_latest_yearly": 0.08,
            "eps_growth_yearly": -59.75
        },
        "20232": {
            "year_quarter": 20232,
            "year": 2023,
            "quarter": 2,
            "eps": 0.55,
            "eps_growth_year": 685.71,
            "eps_4q": 0.66,
            "eps_4q_growth_year": -72.18,
            "roe": 4.66,
            "roe_4q": 5.3100000000000005,
            "gross_profit": 8006309,
            "gross_margin": 16.96,
            "gross_margin_4q_avg": 9.36,
            "net_income": 3464501,
            "net_income_4q": null,
            "revenue": 47193097,
            "revenue_4q": null,
            "common_shares": 60236686,
            "book_valuer_per_share": 11.97,
            "book_valuer_per_share_4q_avg": 11.78,
            "equity": 74695874,
            "current_ratio": 82.09,
            "debt_ratio": 74.87,
            "inventory_turnover_ratio": 3.58,
            "account_receivable_turnover_ratio": 4.64,
            "reinvestment_rate": -193.17,
            "research_to_sale_ratio": null,
            "price_fair": 69.44,
            "eps_avg_yearly": 1.98,
            "eps_latest_yearly": 2.2,
            "eps_growth_yearly": 72.2
        }
    },
    "months": {
        "2001-06": {
            "month": "2001-06",
            "price": "16.32",
            "revenue": 5958304
        },
        "2001-07": {
            "month": "2001-07",
            "price": "14.03",
            "revenue": 6466467
        },
        "2001-08": {
            "month": "2001-08",
            "price": "16.22",
            "revenue": 6411652
        },
        "2001-09": {
            "month": "2001-09",
            "price": "14.21",
            "revenue": 5378474
        },
        "2001-10": {
            "month": "2001-10",
            "price": "10.56",
            "revenue": 5856377
        },
        "2001-11": {
            "month": "2001-11",
            "price": "12.19",
            "revenue": 5735126
        },
        "2001-12": {
            "month": "2001-12",
            "price": "12.93",
            "revenue": 5980005
        },
        "2002-01": {
            "month": "2002-01",
            "price": "13.62",
            "revenue": 5845772
        },
        "2002-02": {
            "month": "2002-02",
            "price": "14.90",
            "revenue": 5761686
        },
        "2002-03": {
            "month": "2002-03",
            "price": "15.76",
            "revenue": 6608939
        },
        "2002-04": {
            "month": "2002-04",
            "price": "15.05",
            "revenue": 6372451
        },
        "2002-05": {
            "month": "2002-05",
            "price": "14.66",
            "revenue": 6196162
        },
        "2002-06": {
            "month": "2002-06",
            "price": "12.83",
            "revenue": 5333563
        },
        "2002-07": {
            "month": "2002-07",
            "price": "12.84",
            "revenue": 5973052
        },
        "2002-08": {
            "month": "2002-08",
            "price": "12.15",
            "revenue": 6313376
        },
        "2002-09": {
            "month": "2002-09",
            "price": "11.35",
            "revenue": 5637628
        },
        "2002-10": {
            "month": "2002-10",
            "price": "12.43",
            "revenue": 6493169
        },
        "2002-11": {
            "month": "2002-11",
            "price": "15.39",
            "revenue": 6438566
        },
        "2002-12": {
            "month": "2002-12",
            "price": "15.53",
            "revenue": 6142824
        },
        "2003-01": {
            "month": "2003-01",
            "price": "16.66",
            "revenue": 6149477
        },
        "2003-02": {
            "month": "2003-02",
            "price": "14.32",
            "revenue": 5458610
        },
        "2003-03": {
            "month": "2003-03",
            "price": "13.45",
            "revenue": 5970286
        },
        "2003-04": {
            "month": "2003-04",
            "price": "12.28",
            "revenue": 5101000
        },
        "2003-05": {
            "month": "2003-05",
            "price": "12.32",
            "revenue": 4034391
        },
        "2003-06": {
            "month": "2003-06",
            "price": "13.74",
            "revenue": 5035486
        },
        "2003-07": {
            "month": "2003-07",
            "price": "14.22",
            "revenue": 6206003
        },
        "2003-08": {
            "month": "2003-08",
            "price": "13.90",
            "revenue": 7297586
        },
        "2003-09": {
            "month": "2003-09",
            "price": "13.96",
            "revenue": 6683219
        },
        "2003-10": {
            "month": "2003-10",
            "price": "14.85",
            "revenue": 7269338
        },
        "2003-11": {
            "month": "2003-11",
            "price": "15.48",
            "revenue": 7378835
        },
        "2003-12": {
            "month": "2003-12",
            "price": "14.97",
            "revenue": 7671753
        },
        "2004-01": {
            "month": "2004-01",
            "price": "16.38",
            "revenue": 7702120
        },
        "2004-02": {
            "month": "2004-02",
            "price": "18.84",
            "revenue": 6682829
        },
        "2004-03": {
            "month": "2004-03",
            "price": "21.24",
            "revenue": 7197500
        },
        "2004-04": {
            "month": "2004-04",
            "price": "19.27",
            "revenue": 7131009
        },
        "2004-05": {
            "month": "2004-05",
            "price": "17.17",
            "revenue": 7164916
        },
        "2004-06": {
            "month": "2004-06",
            "price": "17.40",
            "revenue": 7911548
        },
        "2004-07": {
            "month": "2004-07",
            "price": "17.79",
            "revenue": 9144505
        },
        "2004-08": {
            "month": "2004-08",
            "price": "16.70",
            "revenue": 8886920
        },
        "2004-09": {
            "month": "2004-09",
            "price": "17.40",
            "revenue": 8231720
        },
        "2004-10": {
            "month": "2004-10",
            "price": "17.83",
            "revenue": 8917285
        },
        "2004-11": {
            "month": "2004-11",
            "price": "17.95",
            "revenue": 8438956
        },
        "2004-12": {
            "month": "2004-12",
            "price": "18.18",
            "revenue": 8689580
        },
        "2005-01": {
            "month": "2005-01",
            "price": "18.03",
            "revenue": 7970561
        },
        "2005-02": {
            "month": "2005-02",
            "price": "17.86",
            "revenue": 7615077
        },
        "2005-03": {
            "month": "2005-03",
            "price": "17.70",
            "revenue": 8513701
        },
        "2005-04": {
            "month": "2005-04",
            "price": "16.82",
            "revenue": 8452027
        },
        "2005-05": {
            "month": "2005-05",
            "price": "17.38",
            "revenue": 8292145
        },
        "2005-06": {
            "month": "2005-06",
            "price": "17.94",
            "revenue": 8970135
        },
        "2005-07": {
            "month": "2005-07",
            "price": "17.14",
            "revenue": 10024408
        },
        "2005-08": {
            "month": "2005-08",
            "price": "16.48",
            "revenue": 9867175
        },
        "2005-09": {
            "month": "2005-09",
            "price": "15.49",
            "revenue": 9319565
        },
        "2005-10": {
            "month": "2005-10",
            "price": "14.81",
            "revenue": 9995005
        },
        "2005-11": {
            "month": "2005-11",
            "price": "15.01",
            "revenue": 9801497
        },
        "2005-12": {
            "month": "2005-12",
            "price": "15.54",
            "revenue": 9866306
        },
        "2006-01": {
            "month": "2006-01",
            "price": "15.13",
            "revenue": 9716198
        },
        "2006-02": {
            "month": "2006-02",
            "price": "14.59",
            "revenue": 8336951
        },
        "2006-03": {
            "month": "2006-03",
            "price": "14.18",
            "revenue": 9730205
        },
        "2006-04": {
            "month": "2006-04",
            "price": "14.95",
            "revenue": 9687989
        },
        "2006-05": {
            "month": "2006-05",
            "price": "15.18",
            "revenue": 9351107
        },
        "2006-06": {
            "month": "2006-06",
            "price": "15.05",
            "revenue": 9825522
        },
        "2006-07": {
            "month": "2006-07",
            "price": "14.70",
            "revenue": 11069121
        },
        "2006-08": {
            "month": "2006-08",
            "price": "14.21",
            "revenue": 10990870
        },
        "2006-09": {
            "month": "2006-09",
            "price": "14.23",
            "revenue": 10142540
        },
        "2006-10": {
            "month": "2006-10",
            "price": "14.52",
            "revenue": 10809221
        },
        "2006-11": {
            "month": "2006-11",
            "price": "14.68",
            "revenue": 10776912
        },
        "2006-12": {
            "month": "2006-12",
            "price": "15.08",
            "revenue": 11496007
        },
        "2007-01": {
            "month": "2007-01",
            "price": "15.60",
            "revenue": 9452693
        },
        "2007-02": {
            "month": "2007-02",
            "price": "15.80",
            "revenue": 9238929
        },
        "2007-03": {
            "month": "2007-03",
            "price": "14.83",
            "revenue": 9862716
        },
        "2007-04": {
            "month": "2007-04",
            "price": "15.04",
            "revenue": 10284171
        },
        "2007-05": {
            "month": "2007-05",
            "price": "14.53",
            "revenue": 10085802
        },
        "2007-06": {
            "month": "2007-06",
            "price": "14.62",
            "revenue": 10637216
        },
        "2007-07": {
            "month": "2007-07",
            "price": "15.58",
            "revenue": 11385430
        },
        "2007-08": {
            "month": "2007-08",
            "price": "13.65",
            "revenue": 11849073
        },
        "2007-09": {
            "month": "2007-09",
            "price": "13.02",
            "revenue": 10744904
        },
        "2007-10": {
            "month": "2007-10",
            "price": "14.37",
            "revenue": 11141162
        },
        "2007-11": {
            "month": "2007-11",
            "price": "14.34",
            "revenue": 11256861
        },
        "2007-12": {
            "month": "2007-12",
            "price": "14.12",
            "revenue": 11052115
        },
        "2008-01": {
            "month": "2008-01",
            "price": "15.92",
            "revenue": 10427785
        },
        "2008-02": {
            "month": "2008-02",
            "price": "16.54",
            "revenue": 9703582
        },
        "2008-03": {
            "month": "2008-03",
            "price": "17.80",
            "revenue": 10888585
        },
        "2008-04": {
            "month": "2008-04",
            "price": "17.39",
            "revenue": 10486638
        },
        "2008-05": {
            "month": "2008-05",
            "price": "15.70",
            "revenue": 10767056
        },
        "2008-06": {
            "month": "2008-06",
            "price": "14.27",
            "revenue": 12276667
        },
        "2008-07": {
            "month": "2008-07",
            "price": "11.18",
            "revenue": 11526844
        },
        "2008-08": {
            "month": "2008-08",
            "price": "10.84",
            "revenue": 12901206
        },
        "2008-09": {
            "month": "2008-09",
            "price": "8.99",
            "revenue": 11734820
        },
        "2008-10": {
            "month": "2008-10",
            "price": "6.25",
            "revenue": 11501296
        },
        "2008-11": {
            "month": "2008-11",
            "price": "7.47",
            "revenue": 10349581
        },
        "2008-12": {
            "month": "2008-12",
            "price": "8.05",
            "revenue": 9416313
        },
        "2009-01": {
            "month": "2009-01",
            "price": "6.98",
            "revenue": 9511430
        },
        "2009-02": {
            "month": "2009-02",
            "price": "6.53",
            "revenue": 7774091
        },
        "2009-03": {
            "month": "2009-03",
            "price": "7.46",
            "revenue": 8545730
        },
        "2009-04": {
            "month": "2009-04",
            "price": "9.18",
            "revenue": 8364330
        },
        "2009-05": {
            "month": "2009-05",
            "price": "8.89",
            "revenue": 8285055
        },
        "2009-06": {
            "month": "2009-06",
            "price": "8.30",
            "revenue": 7839306
        },
        "2009-07": {
            "month": "2009-07",
            "price": "8.70",
            "revenue": 9377144
        },
        "2009-08": {
            "month": "2009-08",
            "price": "8.34",
            "revenue": 10082031
        },
        "2009-09": {
            "month": "2009-09",
            "price": "11.83",
            "revenue": 9749128
        },
        "2009-10": {
            "month": "2009-10",
            "price": "10.83",
            "revenue": 10803492
        },
        "2009-11": {
            "month": "2009-11",
            "price": "10.29",
            "revenue": 12125244
        },
        "2009-12": {
            "month": "2009-12",
            "price": "10.68",
            "revenue": 12578326
        },
        "2010-01": {
            "month": "2010-01",
            "price": "11.10",
            "revenue": 11058478
        },
        "2010-02": {
            "month": "2010-02",
            "price": "10.40",
            "revenue": 11143938
        },
        "2010-03": {
            "month": "2010-03",
            "price": "10.98",
            "revenue": 12359211
        },
        "2010-04": {
            "month": "2010-04",
            "price": "12.54",
            "revenue": 12600311
        },
        "2010-05": {
            "month": "2010-05",
            "price": "13.24",
            "revenue": 13482089
        },
        "2010-06": {
            "month": "2010-06",
            "price": "15.33",
            "revenue": 13282717
        },
        "2010-07": {
            "month": "2010-07",
            "price": "17.58",
            "revenue": 14668575
        },
        "2010-08": {
            "month": "2010-08",
            "price": "19.89",
            "revenue": 13792472
        },
        "2010-09": {
            "month": "2010-09",
            "price": "21.07",
            "revenue": 12648749
        },
        "2010-10": {
            "month": "2010-10",
            "price": "23.84",
            "revenue": 13289696
        },
        "2010-11": {
            "month": "2010-11",
            "price": "23.40",
            "revenue": 12570921
        },
        "2010-12": {
            "month": "2010-12",
            "price": "24.53",
            "revenue": 12744455
        },
        "2011-01": {
            "month": "2011-01",
            "price": "23.40",
            "revenue": 12244482
        },
        "2011-02": {
            "month": "2011-02",
            "price": "19.86",
            "revenue": 10429077
        },
        "2011-03": {
            "month": "2011-03",
            "price": "17.82",
            "revenue": 12671238
        },
        "2011-04": {
            "month": "2011-04",
            "price": "18.51",
            "revenue": 12213352
        },
        "2011-05": {
            "month": "2011-05",
            "price": "18.74",
            "revenue": 12017131
        },
        "2011-06": {
            "month": "2011-06",
            "price": "18.77",
            "revenue": 12511680
        },
        "2011-07": {
            "month": "2011-07",
            "price": "18.20",
            "revenue": 13781562
        },
        "2011-08": {
            "month": "2011-08",
            "price": "15.75",
            "revenue": 13245864
        },
        "2011-09": {
            "month": "2011-09",
            "price": "14.34",
            "revenue": 12092347
        },
        "2011-10": {
            "month": "2011-10",
            "price": "14.93",
            "revenue": 12875123
        },
        "2011-11": {
            "month": "2011-11",
            "price": "13.94",
            "revenue": 11941356
        },
        "2011-12": {
            "month": "2011-12",
            "price": "12.65",
            "revenue": 12841857
        },
        "2012-01": {
            "month": "2012-01",
            "price": "13.62",
            "revenue": 12698773
        },
        "2012-02": {
            "month": "2012-02",
            "price": "14.20",
            "revenue": 10850714
        },
        "2012-03": {
            "month": "2012-03",
            "price": "13.36",
            "revenue": 12540460
        },
        "2012-04": {
            "month": "2012-04",
            "price": "11.41",
            "revenue": 12424774
        },
        "2012-05": {
            "month": "2012-05",
            "price": "11.88",
            "revenue": 12407078
        },
        "2012-06": {
            "month": "2012-06",
            "price": "12.76",
            "revenue": 12900076
        },
        "2012-07": {
            "month": "2012-07",
            "price": "12.66",
            "revenue": 14050007
        },
        "2012-08": {
            "month": "2012-08",
            "price": "12.19",
            "revenue": 13636246
        },
        "2012-09": {
            "month": "2012-09",
            "price": "11.82",
            "revenue": 11917608
        },
        "2012-10": {
            "month": "2012-10",
            "price": "11.89",
            "revenue": 11811748
        },
        "2012-11": {
            "month": "2012-11",
            "price": "11.42",
            "revenue": 11914552
        },
        "2012-12": {
            "month": "2012-12",
            "price": "12.02",
            "revenue": 12734009
        },
        "2013-01": {
            "month": "2013-01",
            "price": "12.75",
            "revenue": 10564531
        },
        "2013-02": {
            "month": "2013-02",
            "price": "12.44",
            "revenue": 10754359
        },
        "2013-03": {
            "month": "2013-03",
            "price": "12.16",
            "revenue": 11703372
        },
        "2013-04": {
            "month": "2013-04",
            "price": "11.25",
            "revenue": 11446799
        },
        "2013-05": {
            "month": "2013-05",
            "price": "11.61",
            "revenue": 11059708
        },
        "2013-06": {
            "month": "2013-06",
            "price": "11.36",
            "revenue": 11693245
        },
        "2013-07": {
            "month": "2013-07",
            "price": "11.29",
            "revenue": 12870356
        },
        "2013-08": {
            "month": "2013-08",
            "price": "10.74",
            "revenue": 13029532
        },
        "2013-09": {
            "month": "2013-09",
            "price": "10.80",
            "revenue": 11468525
        },
        "2013-10": {
            "month": "2013-10",
            "price": "10.72",
            "revenue": 11822554
        },
        "2013-11": {
            "month": "2013-11",
            "price": "10.68",
            "revenue": 11858259
        },
        "2013-12": {
            "month": "2013-12",
            "price": "10.71",
            "revenue": 11980632
        },
        "2014-01": {
            "month": "2014-01",
            "price": "10.78",
            "revenue": 12044641
        },
        "2014-02": {
            "month": "2014-02",
            "price": "10.37",
            "revenue": 10570968
        },
        "2014-03": {
            "month": "2014-03",
            "price": "10.18",
            "revenue": 12362021
        },
        "2014-04": {
            "month": "2014-04",
            "price": "10.20",
            "revenue": 12354434
        },
        "2014-05": {
            "month": "2014-05",
            "price": "10.21",
            "revenue": 12402361
        },
        "2014-06": {
            "month": "2014-06",
            "price": "10.12",
            "revenue": 12529393
        },
        "2014-07": {
            "month": "2014-07",
            "price": "10.23",
            "revenue": 13963321
        },
        "2014-08": {
            "month": "2014-08",
            "price": "10.04",
            "revenue": 13704451
        },
        "2014-09": {
            "month": "2014-09",
            "price": "10.13",
            "revenue": 11926698
        },
        "2014-10": {
            "month": "2014-10",
            "price": "10.52",
            "revenue": 12642413
        },
        "2014-11": {
            "month": "2014-11",
            "price": "12.35",
            "revenue": 12356561
        },
        "2014-12": {
            "month": "2014-12",
            "price": "14.21",
            "revenue": 12982141
        },
        "2015-01": {
            "month": "2015-01",
            "price": "15.86",
            "revenue": 11611712
        },
        "2015-02": {
            "month": "2015-02",
            "price": "15.07",
            "revenue": 12852535
        },
        "2015-03": {
            "month": "2015-03",
            "price": "15.46",
            "revenue": 12697303
        },
        "2015-04": {
            "month": "2015-04",
            "price": "16.84",
            "revenue": 12125779
        },
        "2015-05": {
            "month": "2015-05",
            "price": "14.85",
            "revenue": 11853265
        },
        "2015-06": {
            "month": "2015-06",
            "price": "13.03",
            "revenue": 11638764
        },
        "2015-07": {
            "month": "2015-07",
            "price": "14.02",
            "revenue": 13183419
        },
        "2015-08": {
            "month": "2015-08",
            "price": "12.89",
            "revenue": 12800438
        },
        "2015-09": {
            "month": "2015-09",
            "price": "11.35",
            "revenue": 11073818
        },
        "2015-10": {
            "month": "2015-10",
            "price": "11.59",
            "revenue": 12104592
        },
        "2015-11": {
            "month": "2015-11",
            "price": "11.39",
            "revenue": 11359458
        },
        "2015-12": {
            "month": "2015-12",
            "price": "11.35",
            "revenue": 11739349
        },
        "2016-01": {
            "month": "2016-01",
            "price": "11.28",
            "revenue": 11558434
        },
        "2016-02": {
            "month": "2016-02",
            "price": "11.38",
            "revenue": 11876002
        },
        "2016-03": {
            "month": "2016-03",
            "price": "11.57",
            "revenue": 11557051
        },
        "2016-04": {
            "month": "2016-04",
            "price": "10.89",
            "revenue": 11295081
        },
        "2016-05": {
            "month": "2016-05",
            "price": "10.20",
            "revenue": 10948582
        },
        "2016-06": {
            "month": "2016-06",
            "price": "10.12",
            "revenue": 11566245
        },
        "2016-07": {
            "month": "2016-07",
            "price": "9.56",
            "revenue": 12853998
        },
        "2016-08": {
            "month": "2016-08",
            "price": "9.40",
            "revenue": 12463097
        },
        "2016-09": {
            "month": "2016-09",
            "price": "9.44",
            "revenue": 11232306
        },
        "2016-10": {
            "month": "2016-10",
            "price": "9.41",
            "revenue": 11729458
        },
        "2016-11": {
            "month": "2016-11",
            "price": "9.42",
            "revenue": 11498843
        },
        "2016-12": {
            "month": "2016-12",
            "price": "9.42",
            "revenue": 12468642
        },
        "2017-01": {
            "month": "2017-01",
            "price": "9.36",
            "revenue": 12616260
        },
        "2017-02": {
            "month": "2017-02",
            "price": "9.74",
            "revenue": 11010984
        },
        "2017-03": {
            "month": "2017-03",
            "price": "10.35",
            "revenue": 12176888
        },
        "2017-04": {
            "month": "2017-04",
            "price": "9.36",
            "revenue": 12669255
        },
        "2017-05": {
            "month": "2017-05",
            "price": "9.22",
            "revenue": 12734493
        },
        "2017-06": {
            "month": "2017-06",
            "price": "9.16",
            "revenue": 12719450
        },
        "2017-07": {
            "month": "2017-07",
            "price": "9.25",
            "revenue": 14264345
        },
        "2017-08": {
            "month": "2017-08",
            "price": "10.60",
            "revenue": 13904466
        },
        "2017-09": {
            "month": "2017-09",
            "price": "12.24",
            "revenue": 12387598
        },
        "2017-10": {
            "month": "2017-10",
            "price": "11.73",
            "revenue": 14054891
        },
        "2017-11": {
            "month": "2017-11",
            "price": "11.42",
            "revenue": 13406607
        },
        "2017-12": {
            "month": "2017-12",
            "price": "11.94",
            "revenue": 14191727
        },
        "2018-01": {
            "month": "2018-01",
            "price": "12.42",
            "revenue": 12672470
        },
        "2018-02": {
            "month": "2018-02",
            "price": "11.60",
            "revenue": 13134569
        },
        "2018-03": {
            "month": "2018-03",
            "price": "11.00",
            "revenue": 13847806
        },
        "2018-04": {
            "month": "2018-04",
            "price": "10.53",
            "revenue": 14058611
        },
        "2018-05": {
            "month": "2018-05",
            "price": "10.15",
            "revenue": 13209492
        },
        "2018-06": {
            "month": "2018-06",
            "price": "9.95",
            "revenue": 14077976
        },
        "2018-07": {
            "month": "2018-07",
            "price": "9.60",
            "revenue": 15793567
        },
        "2018-08": {
            "month": "2018-08",
            "price": "9.44",
            "revenue": 15285557
        },
        "2018-09": {
            "month": "2018-09",
            "price": "9.28",
            "revenue": 14271465
        },
        "2018-10": {
            "month": "2018-10",
            "price": "9.18",
            "revenue": 14767395
        },
        "2018-11": {
            "month": "2018-11",
            "price": "10.09",
            "revenue": 14483456
        },
        "2018-12": {
            "month": "2018-12",
            "price": "10.84",
            "revenue": 15250916
        },
        "2019-01": {
            "month": "2019-01",
            "price": "10.84",
            "revenue": 14278933
        },
        "2019-02": {
            "month": "2019-02",
            "price": "10.12",
            "revenue": 12433705
        },
        "2019-03": {
            "month": "2019-03",
            "price": "9.89",
            "revenue": 13762504
        },
        "2019-04": {
            "month": "2019-04",
            "price": "9.82",
            "revenue": 14277191
        },
        "2019-05": {
            "month": "2019-05",
            "price": "9.52",
            "revenue": 13741187
        },
        "2019-06": {
            "month": "2019-06",
            "price": "9.88",
            "revenue": 14503341
        },
        "2019-07": {
            "month": "2019-07",
            "price": "9.74",
            "revenue": 15428142
        },
        "2019-08": {
            "month": "2019-08",
            "price": "9.20",
            "revenue": 14970025
        },
        "2019-09": {
            "month": "2019-09",
            "price": "9.18",
            "revenue": 12896563
        },
        "2019-10": {
            "month": "2019-10",
            "price": "9.11",
            "revenue": 14295897
        },
        "2019-11": {
            "month": "2019-11",
            "price": "9.05",
            "revenue": 13463212
        },
        "2019-12": {
            "month": "2019-12",
            "price": "9.07",
            "revenue": 14339872
        },
        "2020-01": {
            "month": "2020-01",
            "price": "8.90",
            "revenue": 14768150
        },
        "2020-02": {
            "month": "2020-02",
            "price": "8.34",
            "revenue": 9342059
        },
        "2020-03": {
            "month": "2020-03",
            "price": "7.14",
            "revenue": 8262710
        },
        "2020-04": {
            "month": "2020-04",
            "price": "7.18",
            "revenue": 8322364
        },
        "2020-05": {
            "month": "2020-05",
            "price": "8.12",
            "revenue": 10094848
        },
        "2020-06": {
            "month": "2020-06",
            "price": "8.44",
            "revenue": 8107038
        },
        "2020-07": {
            "month": "2020-07",
            "price": "8.06",
            "revenue": 8632737
        },
        "2020-08": {
            "month": "2020-08",
            "price": "8.13",
            "revenue": 9031115
        },
        "2020-09": {
            "month": "2020-09",
            "price": "8.74",
            "revenue": 8853298
        },
        "2020-10": {
            "month": "2020-10",
            "price": "8.63",
            "revenue": 9653195
        },
        "2020-11": {
            "month": "2020-11",
            "price": "9.09",
            "revenue": 10055007
        },
        "2020-12": {
            "month": "2020-12",
            "price": "11.41",
            "revenue": 10352789
        },
        "2021-01": {
            "month": "2021-01",
            "price": "10.70",
            "revenue": 9029561
        },
        "2021-02": {
            "month": "2021-02",
            "price": "11.94",
            "revenue": 8335919
        },
        "2021-03": {
            "month": "2021-03",
            "price": "14.54",
            "revenue": 10426134
        },
        "2021-04": {
            "month": "2021-04",
            "price": "18.46",
            "revenue": 10873663
        },
        "2021-05": {
            "month": "2021-05",
            "price": "16.45",
            "revenue": 9141861
        },
        "2021-06": {
            "month": "2021-06",
            "price": "19.38",
            "revenue": 9210523
        },
        "2021-07": {
            "month": "2021-07",
            "price": "18.21",
            "revenue": 10388342
        },
        "2021-08": {
            "month": "2021-08",
            "price": "17.25",
            "revenue": 11170530
        },
        "2021-09": {
            "month": "2021-09",
            "price": "16.24",
            "revenue": 13046011
        },
        "2021-10": {
            "month": "2021-10",
            "price": "16.69",
            "revenue": 14945343
        },
        "2021-11": {
            "month": "2021-11",
            "price": "24.68",
            "revenue": 15368765
        },
        "2021-12": {
            "month": "2021-12",
            "price": "26.96",
            "revenue": 16918142
        },
        "2022-01": {
            "month": "2022-01",
            "price": "25.43",
            "revenue": 14254786
        },
        "2022-02": {
            "month": "2022-02",
            "price": "28.19",
            "revenue": 10680188
        },
        "2022-03": {
            "month": "2022-03",
            "price": "27.17",
            "revenue": 12303217
        },
        "2022-04": {
            "month": "2022-04",
            "price": "28.07",
            "revenue": 12239986
        },
        "2022-05": {
            "month": "2022-05",
            "price": "26.46",
            "revenue": 12262697
        },
        "2022-06": {
            "month": "2022-06",
            "price": "24.72",
            "revenue": 12342056
        },
        "2022-07": {
            "month": "2022-07",
            "price": "22.91",
            "revenue": 12936378
        },
        "2022-08": {
            "month": "2022-08",
            "price": "21.73",
            "revenue": 12756493
        },
        "2022-09": {
            "month": "2022-09",
            "price": "21.52",
            "revenue": 12004264
        },
        "2022-10": {
            "month": "2022-10",
            "price": "17.96",
            "revenue": 12504815
        },
        "2022-11": {
            "month": "2022-11",
            "price": "17.37",
            "revenue": 12260477
        },
        "2022-12": {
            "month": "2022-12",
            "price": "19.01",
            "revenue": 14175886
        },
        "2023-01": {
            "month": "2023-01",
            "price": "19.04",
            "revenue": 14978399
        },
        "2023-02": {
            "month": "2023-02",
            "price": "19.93",
            "revenue": 12671120
        },
        "2023-03": {
            "month": "2023-03",
            "price": "19.67",
            "revenue": 15041750
        },
        "2023-04": {
            "month": "2023-04",
            "price": "19.23",
            "revenue": 15178446
        },
        "2023-05": {
            "month": "2023-05",
            "price": "19.86",
            "revenue": 14471437
        },
        "2023-06": {
            "month": "2023-06",
            "price": "25.06",
            "revenue": 17541813
        },
        "2023-07": {
            "month": "2023-07",
            "price": "25.78",
            "revenue": 16491568
        },
        "2023-08": {
            "month": "2023-08",
            "price": "24.17",
            "revenue": 16281680
        },
        "2023-09": {
            "month": "2023-09",
            "price": "22.36",
            "revenue": 14905667
        }
    }
}
