{
    "summary": {
        "stock_name": "志信",
        "stock_id": "2611",
        "category": "航運",
        "main_business": "運輸<br>營建、觀光休閒<br>貿易商品買賣業務",
        "website_url": "http://www.tsgroup.com.tw",
        "ceo": "徐明潭(副董事長兼任)",
        "pe_ratio": 10,
        "report_year_from": 2001,
        "report_year_to": 2023,
        "age": 23,
        "eps_negative_percentage": 30,
        "eps_growth_avg": {
            "last_all": -32.01,
            "last_2y": -100,
            "last_4y": -100,
            "last_8y": -49.74,
            "last_12y": -43.28,
            "last_16y": -37.47,
            "last_20y": -41.44,
            "at_2006_last_3y": -65.26,
            "at_2007_last_3y": -75.57,
            "at_2008_last_3y": -71.67,
            "at_2009_last_3y": -67.78,
            "at_2010_last_3y": -25.83,
            "at_2011_last_3y": -38.05,
            "at_2012_last_3y": -20,
            "at_2013_last_3y": -32.52,
            "at_2014_last_3y": -32.52,
            "at_2015_last_3y": -15.42,
            "at_2016_last_3y": -36.57,
            "at_2017_last_3y": -16.24,
            "at_2018_last_3y": -16.24,
            "at_2019_last_3y": -33.33,
            "at_2020_last_3y": 0,
            "at_2021_last_3y": 0,
            "at_2022_last_3y": -100,
            "at_2023_last_3y": -100,
            "at_2024_last_3y": -100,
            "at_2006_last_all": -10.18,
            "at_2007_last_all": -20.42,
            "at_2008_last_all": -34.77,
            "at_2009_last_all": -38.98,
            "at_2010_last_all": -19.12,
            "at_2011_last_all": -29.23,
            "at_2012_last_all": -29.23,
            "at_2013_last_all": -36.82,
            "at_2014_last_all": -23.14,
            "at_2015_last_all": -25.47,
            "at_2016_last_all": -31.68,
            "at_2017_last_all": -31.68,
            "at_2018_last_all": -21.55,
            "at_2019_last_all": -27.15,
            "at_2020_last_all": -27.15,
            "at_2021_last_all": -27.15,
            "at_2022_last_all": -32.01,
            "at_2023_last_all": -32.01,
            "at_2024_last_all": -32.01
        },
        "latest_eps": 2.48,
        "latest_price": 24.75,
        "latest_roe": 15.99,
        "latest_gross_margin": 29.3,
        "latest_equity": 3239025,
        "latest_revenue": 167850,
        "latest_gross_profit": 49181,
        "latest_net_income": 216131,
        "latest_debt_ratio": 22.87,
        "latest_current_ratio": 635.98,
        "latest_account_receivable_turnover_ratio": 1.07,
        "latest_inventory_turnover_ratio": 0.61,
        "latest_reinvestment_rate": -205.86,
        "latest_research_to_sale_ratio": null
    },
    "eps_dividends": {
        "1991": {
            "cash": 0,
            "stock": 3.2,
            "eps": 0
        },
        "1992": {
            "cash": 0,
            "stock": 2.3,
            "eps": 0
        },
        "1993": {
            "cash": 1,
            "stock": 0.8,
            "eps": 0
        },
        "1994": {
            "cash": 0.5,
            "stock": 1.8,
            "eps": 0
        },
        "1995": {
            "cash": 0,
            "stock": 1.8,
            "eps": 0
        },
        "1996": {
            "cash": 0.5,
            "stock": 0.5,
            "eps": 0
        },
        "1999": {
            "cash": 0,
            "stock": 2.2,
            "eps": 0
        },
        "2000": {
            "cash": 0,
            "stock": 1.5,
            "eps": 0
        },
        "2001": {
            "cash": 0,
            "stock": 0,
            "eps": 0.13
        },
        "2002": {
            "cash": 0,
            "stock": 0.7,
            "eps": 0.95
        },
        "2003": {
            "cash": 0.5,
            "stock": 0,
            "eps": 0.66
        },
        "2004": {
            "cash": 0.4,
            "stock": 0.2,
            "eps": -0.18
        },
        "2005": {
            "cash": 0.3,
            "stock": 0,
            "eps": -0.28
        },
        "2006": {
            "cash": 0.3,
            "stock": 0,
            "eps": 1.31
        },
        "2007": {
            "cash": 0.6,
            "stock": 0.6,
            "eps": 0.64
        },
        "2008": {
            "cash": 0.5,
            "stock": 0.5,
            "eps": 0.05
        },
        "2009": {
            "cash": 0,
            "stock": 0.5,
            "eps": 0.02
        },
        "2010": {
            "cash": 0.2,
            "stock": 0.3,
            "eps": 0.1
        },
        "2011": {
            "cash": 0,
            "stock": 0.5,
            "eps": -0.67
        },
        "2012": {
            "cash": 0,
            "stock": 0,
            "eps": 4.5
        },
        "2013": {
            "cash": 0.5,
            "stock": 0.5,
            "eps": 0.11
        },
        "2014": {
            "cash": 0.4,
            "stock": 0,
            "eps": 0.39
        },
        "2015": {
            "cash": 0.2,
            "stock": 0.2,
            "eps": 0.2
        },
        "2016": {
            "cash": 0.15,
            "stock": 0.15,
            "eps": -0.37
        },
        "2017": {
            "cash": 0,
            "stock": 0,
            "eps": 0.05
        },
        "2018": {
            "cash": 0.1,
            "stock": 0,
            "eps": 0.29
        },
        "2019": {
            "cash": 0.41,
            "stock": 0,
            "eps": -0.72
        },
        "2020": {
            "cash": 0,
            "stock": 0,
            "eps": -0.09
        },
        "2021": {
            "cash": 0,
            "stock": 0,
            "eps": 1.69
        },
        "2022": {
            "cash": 1,
            "stock": 1,
            "eps": -1.55
        },
        "2023": {
            "cash": 2.3,
            "stock": 0,
            "eps": 2.48
        }
    },
    "dividends": {
        "1991-04-23": {
            "cash": 0,
            "stock": 3.2
        },
        "1992-03-22": {
            "cash": 0,
            "stock": 2.3
        },
        "1993-05-16": {
            "cash": 1,
            "stock": 0.8
        },
        "1994-05-11": {
            "cash": 0.5,
            "stock": 1.8
        },
        "1995-05-10": {
            "cash": 0,
            "stock": 1.8
        },
        "1996-05-03": {
            "cash": 0.5,
            "stock": 0.5
        },
        "1999-05-27": {
            "cash": 0,
            "stock": 2.2
        },
        "2000-05-25": {
            "cash": 0,
            "stock": 1.5
        },
        "2002-06-28": {
            "cash": 0,
            "stock": 0.7
        },
        "2003-06-20": {
            "cash": 0.5,
            "stock": 0
        },
        "2004-06-18": {
            "cash": 0.4,
            "stock": 0.2
        },
        "2005-03-28": {
            "cash": 0.3,
            "stock": 0
        },
        "2006-03-28": {
            "cash": 0.3,
            "stock": 0
        },
        "2007-03-27": {
            "cash": 0.6,
            "stock": 0.6
        },
        "2008-03-25": {
            "cash": 0.5,
            "stock": 0.5
        },
        "2009-03-23": {
            "cash": 0,
            "stock": 0.5
        },
        "2010-03-30": {
            "cash": 0.2,
            "stock": 0.3
        },
        "2011-03-29": {
            "cash": 0,
            "stock": 0.5
        },
        "2013-03-22": {
            "cash": 0.5,
            "stock": 0.5
        },
        "2014-06-17": {
            "cash": 0.4,
            "stock": 0
        },
        "2015-10-05": {
            "cash": 0.2,
            "stock": 0.2
        },
        "2016-10-14": {
            "cash": 0.15,
            "stock": 0.15
        },
        "2018-09-14": {
            "cash": 0.1,
            "stock": 0
        },
        "2019-09-12": {
            "cash": 0.41,
            "stock": 0
        },
        "2022-09-07": {
            "cash": 1,
            "stock": 1
        },
        "2023-11-08": {
            "cash": 2.3,
            "stock": 0
        }
    },
    "prices": {
        "200101": "8.32",
        "200102": "8.31",
        "200103": "7.82",
        "200104": "7.30",
        "200105": "6.50",
        "200106": "6.22",
        "200107": "4.89",
        "200108": "5.08",
        "200109": "4.77",
        "200110": "4.26",
        "200111": "4.22",
        "200112": "4.64",
        "200201": "5.60",
        "200202": "5.72",
        "200203": "6.27",
        "200204": "7.56",
        "200205": "7.44",
        "200206": "7.35",
        "200207": "8.33",
        "200208": "8.01",
        "200209": "7.80",
        "200210": "7.63",
        "200211": "8.27",
        "200212": "7.85",
        "200301": "7.99",
        "200302": "7.46",
        "200303": "7.16",
        "200304": "6.87",
        "200305": "6.44",
        "200306": "6.93",
        "200307": "7.20",
        "200308": "6.80",
        "200309": "6.83",
        "200310": "7.36",
        "200311": "7.54",
        "200312": "7.42",
        "200401": "8.28",
        "200402": "10.07",
        "200403": "10.18",
        "200404": "9.53",
        "200405": "8.07",
        "200406": "7.89",
        "200407": "7.57",
        "200408": "6.97",
        "200409": "7.46",
        "200410": "8.69",
        "200411": "8.68",
        "200412": "8.56",
        "200501": "8.50",
        "200502": "8.26",
        "200503": "8.11",
        "200504": "7.81",
        "200505": "8.25",
        "200506": "8.69",
        "200507": "8.87",
        "200508": "8.61",
        "200509": "7.89",
        "200510": "7.55",
        "200511": "7.51",
        "200512": "8.14",
        "200601": "8.18",
        "200602": "8.62",
        "200603": "8.33",
        "200604": "8.65",
        "200605": "12.65",
        "200606": "13.99",
        "200607": "13.51",
        "200608": "12.84",
        "200609": "11.96",
        "200610": "12.68",
        "200611": "13.60",
        "200612": "17.96",
        "200701": "16.88",
        "200702": "19.28",
        "200703": "20.41",
        "200704": "20.35",
        "200705": "19.07",
        "200706": "19.82",
        "200707": "23.96",
        "200708": "22.43",
        "200709": "19.58",
        "200710": "19.35",
        "200711": "18.86",
        "200712": "17.75",
        "200801": "18.27",
        "200802": "18.78",
        "200803": "21.84",
        "200804": "23.86",
        "200805": "23.80",
        "200806": "21.78",
        "200807": "18.01",
        "200808": "17.04",
        "200809": "14.86",
        "200810": "12.75",
        "200811": "11.46",
        "200812": "11.86",
        "200901": "11.48",
        "200902": "11.36",
        "200903": "12.56",
        "200904": "14.49",
        "200905": "14.88",
        "200906": "14.52",
        "200907": "14.58",
        "200908": "13.96",
        "200909": "13.14",
        "200910": "12.58",
        "200911": "13.01",
        "200912": "14.71",
        "201001": "14.12",
        "201002": "12.41",
        "201003": "13.58",
        "201004": "17.29",
        "201005": "12.97",
        "201006": "12.65",
        "201007": "13.95",
        "201008": "14.82",
        "201009": "15.65",
        "201010": "14.45",
        "201011": "13.14",
        "201012": "14.38",
        "201101": "14.83",
        "201102": "14.26",
        "201103": "13.22",
        "201104": "13.08",
        "201105": "12.93",
        "201106": "13.59",
        "201107": "13.16",
        "201108": "11.82",
        "201109": "10.57",
        "201110": "10.13",
        "201111": "10.30",
        "201112": "10.49",
        "201201": "10.38",
        "201202": "13.11",
        "201203": "15.44",
        "201204": "14.68",
        "201205": "15.10",
        "201206": "14.31",
        "201207": "13.87",
        "201208": "14.97",
        "201209": "15.58",
        "201210": "14.17",
        "201211": "14.21",
        "201212": "14.71",
        "201301": "14.92",
        "201302": "14.81",
        "201303": "14.85",
        "201304": "15.01",
        "201305": "14.86",
        "201306": "14.58",
        "201307": "14.23",
        "201308": "13.81",
        "201309": "12.35",
        "201310": "12.23",
        "201311": "11.11",
        "201312": "11.24",
        "201401": "11.18",
        "201402": "10.78",
        "201403": "10.86",
        "201404": "11.32",
        "201405": "10.90",
        "201406": "10.70",
        "201407": "10.28",
        "201408": "10.05",
        "201409": "9.95",
        "201410": "9.10",
        "201411": "8.89",
        "201412": "10.18",
        "201501": "12.34",
        "201502": "10.82",
        "201503": "11.19",
        "201504": "10.74",
        "201505": "9.74",
        "201506": "9.14",
        "201507": "9.55",
        "201508": "8.47",
        "201509": "7.68",
        "201510": "7.95",
        "201511": "7.87",
        "201512": "7.78",
        "201601": "7.49",
        "201602": "7.43",
        "201603": "7.75",
        "201604": "7.47",
        "201605": "7.37",
        "201606": "7.33",
        "201607": "7.35",
        "201608": "7.26",
        "201609": "7.04",
        "201610": "6.84",
        "201611": "6.80",
        "201612": "6.81",
        "201701": "7.16",
        "201702": "7.44",
        "201703": "7.24",
        "201704": "6.95",
        "201705": "6.78",
        "201706": "6.81",
        "201707": "6.83",
        "201708": "6.96",
        "201709": "7.10",
        "201710": "7.00",
        "201711": "6.94",
        "201712": "6.98",
        "201801": "7.13",
        "201802": "6.89",
        "201803": "7.26",
        "201804": "7.27",
        "201805": "7.45",
        "201806": "7.92",
        "201807": "8.37",
        "201808": "7.68",
        "201809": "7.42",
        "201810": "6.79",
        "201811": "6.74",
        "201812": "7.05",
        "201901": "6.70",
        "201902": "6.85",
        "201903": "6.99",
        "201904": "7.58",
        "201905": "7.57",
        "201906": "7.77",
        "201907": "7.92",
        "201908": "7.88",
        "201909": "7.42",
        "201910": "7.32",
        "201911": "7.28",
        "201912": "7.08",
        "202001": "6.89",
        "202002": "6.80",
        "202003": "6.37",
        "202004": "5.89",
        "202005": "6.10",
        "202006": "6.56",
        "202007": "6.76",
        "202008": "6.77",
        "202009": "7.27",
        "202010": "7.15",
        "202011": "7.20",
        "202012": "8.54",
        "202101": "11.33",
        "202102": "9.74",
        "202103": "11.89",
        "202104": "16.33",
        "202105": "16.97",
        "202106": "23.95",
        "202107": "34.40",
        "202108": "29.99",
        "202109": "27.73",
        "202110": "21.94",
        "202111": "20.92",
        "202112": "20.33",
        "202201": "18.36",
        "202202": "19.80",
        "202203": "23.97",
        "202204": "24.01",
        "202205": "22.64",
        "202206": "20.69",
        "202207": "18.74",
        "202208": "18.07",
        "202209": "14.85",
        "202210": "12.86",
        "202211": "13.07",
        "202212": "13.74",
        "202301": "13.30",
        "202302": "13.61",
        "202303": "14.08",
        "202304": "13.45",
        "202305": "13.10",
        "202306": "13.76",
        "202307": "12.89",
        "202308": "12.94",
        "202309": "12.97",
        "202310": "12.60",
        "202311": "13.33",
        "202312": "16.67"
    },
    "quarters": {
        "20011": {
            "year_quarter": 20011,
            "year": 2001,
            "quarter": 1,
            "eps": 0,
            "eps_growth_year": -100,
            "eps_4q": 0.11,
            "eps_4q_growth_year": -91.02,
            "roe": 0.01,
            "roe_4q": 0.01,
            "gross_profit": 39633,
            "gross_margin": 15.6,
            "gross_margin_4q_avg": 15.6,
            "net_income": 127,
            "net_income_4q": null,
            "revenue": 254057,
            "revenue_4q": null,
            "common_shares": 1719653,
            "book_valuer_per_share": 12.29,
            "book_valuer_per_share_4q_avg": 12.29,
            "equity": 2112708,
            "current_ratio": 227.33,
            "debt_ratio": 10.3,
            "inventory_turnover_ratio": 0.83,
            "account_receivable_turnover_ratio": null,
            "reinvestment_rate": null,
            "research_to_sale_ratio": null,
            "price_fair": 0,
            "eps_avg_yearly": 0,
            "eps_latest_yearly": 0,
            "eps_growth_yearly": 0
        },
        "20012": {
            "year_quarter": 20012,
            "year": 2001,
            "quarter": 2,
            "eps": 0,
            "eps_growth_year": -100,
            "eps_4q": 0.04,
            "eps_4q_growth_year": -94.69,
            "roe": 0.02,
            "roe_4q": 0.03,
            "gross_profit": 44484,
            "gross_margin": 16.23,
            "gross_margin_4q_avg": 15.92,
            "net_income": 404,
            "net_income_4q": null,
            "revenue": 274083,
            "revenue_4q": null,
            "common_shares": 1649653,
            "book_valuer_per_share": 12.77,
            "book_valuer_per_share_4q_avg": 12.53,
            "equity": 2106881,
            "current_ratio": 255.81,
            "debt_ratio": 19.99,
            "inventory_turnover_ratio": 0.41,
            "account_receivable_turnover_ratio": null,
            "reinvestment_rate": null,
            "research_to_sale_ratio": null,
            "price_fair": 0,
            "eps_avg_yearly": 0,
            "eps_latest_yearly": 0,
            "eps_growth_yearly": 0
        },
        "20013": {
            "year_quarter": 20013,
            "year": 2001,
            "quarter": 3,
            "eps": 0.01,
            "eps_growth_year": -93.33,
            "eps_4q": -0.11,
            "eps_4q_growth_year": -116.81,
            "roe": 0.07,
            "roe_4q": 0.1,
            "gross_profit": 44151,
            "gross_margin": 16.96,
            "gross_margin_4q_avg": 16.26,
            "net_income": 1442,
            "net_income_4q": null,
            "revenue": 260369,
            "revenue_4q": null,
            "common_shares": 1649653,
            "book_valuer_per_share": 12.55,
            "book_valuer_per_share_4q_avg": 12.54,
            "equity": 2070608,
            "current_ratio": 240.56,
            "debt_ratio": 21.43,
            "inventory_turnover_ratio": 0.24,
            "account_receivable_turnover_ratio": null,
            "reinvestment_rate": null,
            "research_to_sale_ratio": null,
            "price_fair": 0,
            "eps_avg_yearly": 0,
            "eps_latest_yearly": 0,
            "eps_growth_yearly": 0
        },
        "20014": {
            "year_quarter": 20014,
            "year": 2001,
            "quarter": 4,
            "eps": 0.12,
            "eps_growth_year": null,
            "eps_4q": 0.13,
            "eps_4q_growth_year": -78.35,
            "roe": 0.91,
            "roe_4q": 1.01,
            "gross_profit": 48024,
            "gross_margin": 16.43,
            "gross_margin_4q_avg": 16.31,
            "net_income": 19262,
            "net_income_4q": null,
            "revenue": 292221,
            "revenue_4q": null,
            "common_shares": 1593103,
            "book_valuer_per_share": 13.17,
            "book_valuer_per_share_4q_avg": 12.7,
            "equity": 2143954,
            "current_ratio": 224.04,
            "debt_ratio": 23.54,
            "inventory_turnover_ratio": 0.25,
            "account_receivable_turnover_ratio": null,
            "reinvestment_rate": null,
            "research_to_sale_ratio": null,
            "price_fair": 0,
            "eps_avg_yearly": 0,
            "eps_latest_yearly": 0,
            "eps_growth_yearly": 0
        },
        "20021": {
            "year_quarter": 20021,
            "year": 2002,
            "quarter": 1,
            "eps": 0.15,
            "eps_growth_year": null,
            "eps_4q": 0.29,
            "eps_4q_growth_year": 163.74,
            "roe": 1.07,
            "roe_4q": 2.07,
            "gross_profit": 46936,
            "gross_margin": 14.86,
            "gross_margin_4q_avg": 16.12,
            "net_income": 22755,
            "net_income_4q": null,
            "revenue": 315867,
            "revenue_4q": null,
            "common_shares": 1593103,
            "book_valuer_per_share": 13.12,
            "book_valuer_per_share_4q_avg": 12.9,
            "equity": 2090757,
            "current_ratio": 213.1,
            "debt_ratio": 30.97,
            "inventory_turnover_ratio": 0.24,
            "account_receivable_turnover_ratio": null,
            "reinvestment_rate": null,
            "research_to_sale_ratio": null,
            "price_fair": 21,
            "eps_avg_yearly": 0.6,
            "eps_latest_yearly": 0.6,
            "eps_growth_yearly": 100
        },
        "20022": {
            "year_quarter": 20022,
            "year": 2002,
            "quarter": 2,
            "eps": 0.13,
            "eps_growth_year": null,
            "eps_4q": 0.43,
            "eps_4q_growth_year": 981.14,
            "roe": 0.88,
            "roe_4q": 2.93,
            "gross_profit": 64257,
            "gross_margin": 17.33,
            "gross_margin_4q_avg": 16.4,
            "net_income": 18593,
            "net_income_4q": null,
            "revenue": 370748,
            "revenue_4q": null,
            "common_shares": 1593103,
            "book_valuer_per_share": 13.27,
            "book_valuer_per_share_4q_avg": 13.03,
            "equity": 2114573,
            "current_ratio": 177.08,
            "debt_ratio": 32.2,
            "inventory_turnover_ratio": 0.25,
            "account_receivable_turnover_ratio": null,
            "reinvestment_rate": null,
            "research_to_sale_ratio": null,
            "price_fair": 18.67,
            "eps_avg_yearly": 0.56,
            "eps_latest_yearly": 0.52,
            "eps_growth_yearly": 23.33
        },
        "20023": {
            "year_quarter": 20023,
            "year": 2002,
            "quarter": 3,
            "eps": 0.14,
            "eps_growth_year": 1300,
            "eps_4q": 0.53,
            "eps_4q_growth_year": null,
            "roe": 1.02,
            "roe_4q": 3.88,
            "gross_profit": 75008,
            "gross_margin": 16.72,
            "gross_margin_4q_avg": 16.34,
            "net_income": 21757,
            "net_income_4q": null,
            "revenue": 448714,
            "revenue_4q": null,
            "common_shares": 1701680,
            "book_valuer_per_share": 12.55,
            "book_valuer_per_share_4q_avg": 13.03,
            "equity": 2135112,
            "current_ratio": 194.14,
            "debt_ratio": 30.65,
            "inventory_turnover_ratio": 0.3,
            "account_receivable_turnover_ratio": null,
            "reinvestment_rate": null,
            "research_to_sale_ratio": null,
            "price_fair": 19.6,
            "eps_avg_yearly": 0.56,
            "eps_latest_yearly": 0.56,
            "eps_growth_yearly": 25.81
        },
        "20024": {
            "year_quarter": 20024,
            "year": 2002,
            "quarter": 4,
            "eps": 0.53,
            "eps_growth_year": 341.67,
            "eps_4q": 0.93,
            "eps_4q_growth_year": 603.55,
            "roe": 3.78,
            "roe_4q": 6.75,
            "gross_profit": 151082,
            "gross_margin": 16.49,
            "gross_margin_4q_avg": 16.35,
            "net_income": 83461,
            "net_income_4q": null,
            "revenue": 916432,
            "revenue_4q": null,
            "common_shares": 1701680,
            "book_valuer_per_share": 12.74,
            "book_valuer_per_share_4q_avg": 12.92,
            "equity": 2282550,
            "current_ratio": 233.73,
            "debt_ratio": 22.92,
            "inventory_turnover_ratio": 0.75,
            "account_receivable_turnover_ratio": null,
            "reinvestment_rate": 90.04,
            "research_to_sale_ratio": null,
            "price_fair": 33.25,
            "eps_avg_yearly": 0.95,
            "eps_latest_yearly": 2.12,
            "eps_growth_yearly": 297.93
        },
        "20031": {
            "year_quarter": 20031,
            "year": 2003,
            "quarter": 1,
            "eps": 0.11,
            "eps_growth_year": -26.67,
            "eps_4q": 0.94,
            "eps_4q_growth_year": 226.13,
            "roe": 0.73,
            "roe_4q": 6.409999999999999,
            "gross_profit": 62910,
            "gross_margin": 13.61,
            "gross_margin_4q_avg": 16.04,
            "net_income": 16350,
            "net_income_4q": null,
            "revenue": 462341,
            "revenue_4q": null,
            "common_shares": 1641680,
            "book_valuer_per_share": 13.32,
            "book_valuer_per_share_4q_avg": 12.97,
            "equity": 2186809,
            "current_ratio": 178.62,
            "debt_ratio": 31.76,
            "inventory_turnover_ratio": 0.39,
            "account_receivable_turnover_ratio": null,
            "reinvestment_rate": -9.91,
            "research_to_sale_ratio": null,
            "price_fair": 29.68,
            "eps_avg_yearly": 0.85,
            "eps_latest_yearly": 0.44,
            "eps_growth_yearly": 174.95
        },
        "20032": {
            "year_quarter": 20032,
            "year": 2003,
            "quarter": 2,
            "eps": 0.02,
            "eps_growth_year": -84.62,
            "eps_4q": 0.89,
            "eps_4q_growth_year": 104.68,
            "roe": 0.13,
            "roe_4q": 5.66,
            "gross_profit": 49951,
            "gross_margin": 11.95,
            "gross_margin_4q_avg": 14.69,
            "net_income": 2801,
            "net_income_4q": null,
            "revenue": 418013,
            "revenue_4q": null,
            "common_shares": 1641680,
            "book_valuer_per_share": 12.82,
            "book_valuer_per_share_4q_avg": 12.86,
            "equity": 2104511,
            "current_ratio": 199.83,
            "debt_ratio": 35.33,
            "inventory_turnover_ratio": 0.28,
            "account_receivable_turnover_ratio": null,
            "reinvestment_rate": -12.85,
            "research_to_sale_ratio": null,
            "price_fair": 25.2,
            "eps_avg_yearly": 0.72,
            "eps_latest_yearly": 0.08,
            "eps_growth_yearly": 91.24
        },
        "20033": {
            "year_quarter": 20033,
            "year": 2003,
            "quarter": 3,
            "eps": 0.21,
            "eps_growth_year": 50,
            "eps_4q": 0.88,
            "eps_4q_growth_year": 65.67,
            "roe": 1.52,
            "roe_4q": 6.16,
            "gross_profit": 67369,
            "gross_margin": 14.96,
            "gross_margin_4q_avg": 14.25,
            "net_income": 32255,
            "net_income_4q": null,
            "revenue": 450303,
            "revenue_4q": null,
            "common_shares": 1599680,
            "book_valuer_per_share": 13.37,
            "book_valuer_per_share_4q_avg": 13.06,
            "equity": 2138455,
            "current_ratio": 229.87,
            "debt_ratio": 33.54,
            "inventory_turnover_ratio": 0.29,
            "account_receivable_turnover_ratio": null,
            "reinvestment_rate": -41.29,
            "research_to_sale_ratio": null,
            "price_fair": 25.8,
            "eps_avg_yearly": 0.74,
            "eps_latest_yearly": 0.84,
            "eps_growth_yearly": 621.07
        },
        "20034": {
            "year_quarter": 20034,
            "year": 2003,
            "quarter": 4,
            "eps": 0.32,
            "eps_growth_year": -39.62,
            "eps_4q": 0.66,
            "eps_4q_growth_year": -29.5,
            "roe": 2.24,
            "roe_4q": 4.62,
            "gross_profit": 125213,
            "gross_margin": 16.79,
            "gross_margin_4q_avg": 14.33,
            "net_income": 48933,
            "net_income_4q": null,
            "revenue": 745629,
            "revenue_4q": null,
            "common_shares": 1599680,
            "book_valuer_per_share": 13.69,
            "book_valuer_per_share_4q_avg": 13.3,
            "equity": 2231982,
            "current_ratio": 128.42,
            "debt_ratio": 31.66,
            "inventory_turnover_ratio": 0.66,
            "account_receivable_turnover_ratio": null,
            "reinvestment_rate": 4.21,
            "research_to_sale_ratio": null,
            "price_fair": 28.18,
            "eps_avg_yearly": 0.81,
            "eps_latest_yearly": 1.28,
            "eps_growth_yearly": 569.62
        },
        "20041": {
            "year_quarter": 20041,
            "year": 2004,
            "quarter": 1,
            "eps": 0.05,
            "eps_growth_year": -54.55,
            "eps_4q": 0.59,
            "eps_4q_growth_year": -37.28,
            "roe": 0.35,
            "roe_4q": 4.24,
            "gross_profit": 58396,
            "gross_margin": 14.62,
            "gross_margin_4q_avg": 14.58,
            "net_income": 7756,
            "net_income_4q": null,
            "revenue": 399457,
            "revenue_4q": null,
            "common_shares": 1599680,
            "book_valuer_per_share": 13.76,
            "book_valuer_per_share_4q_avg": 13.41,
            "equity": 2201457,
            "current_ratio": 130.27,
            "debt_ratio": 32.46,
            "inventory_turnover_ratio": 0.49,
            "account_receivable_turnover_ratio": null,
            "reinvestment_rate": -50.06,
            "research_to_sale_ratio": null,
            "price_fair": 25.82,
            "eps_avg_yearly": 0.74,
            "eps_latest_yearly": 0.2,
            "eps_growth_yearly": 468.83
        },
        "20042": {
            "year_quarter": 20042,
            "year": 2004,
            "quarter": 2,
            "eps": -0.14,
            "eps_growth_year": -800,
            "eps_4q": 0.44,
            "eps_4q_growth_year": -50.63,
            "roe": -1.02,
            "roe_4q": 3.0900000000000003,
            "gross_profit": 58119,
            "gross_margin": 13.39,
            "gross_margin_4q_avg": 14.94,
            "net_income": -22229,
            "net_income_4q": null,
            "revenue": 434204,
            "revenue_4q": null,
            "common_shares": 1521744,
            "book_valuer_per_share": 14.05,
            "book_valuer_per_share_4q_avg": 13.72,
            "equity": 2137342,
            "current_ratio": 110.68,
            "debt_ratio": 34.34,
            "inventory_turnover_ratio": 0.51,
            "account_receivable_turnover_ratio": null,
            "reinvestment_rate": 22.45,
            "research_to_sale_ratio": null,
            "price_fair": 25.82,
            "eps_avg_yearly": 0.74,
            "eps_latest_yearly": 0.2,
            "eps_growth_yearly": 468.83
        },
        "20043": {
            "year_quarter": 20043,
            "year": 2004,
            "quarter": 3,
            "eps": 0.06,
            "eps_growth_year": -71.43,
            "eps_4q": 0.27,
            "eps_4q_growth_year": -69.37,
            "roe": 0.46,
            "roe_4q": 2.0300000000000002,
            "gross_profit": 57843,
            "gross_margin": 13.29,
            "gross_margin_4q_avg": 14.52,
            "net_income": 9894,
            "net_income_4q": null,
            "revenue": 435124,
            "revenue_4q": null,
            "common_shares": 1552179,
            "book_valuer_per_share": 13.8,
            "book_valuer_per_share_4q_avg": 13.83,
            "equity": 2141872,
            "current_ratio": 113.11,
            "debt_ratio": 32.07,
            "inventory_turnover_ratio": 0.62,
            "account_receivable_turnover_ratio": null,
            "reinvestment_rate": 32.92,
            "research_to_sale_ratio": null,
            "price_fair": 25.82,
            "eps_avg_yearly": 0.74,
            "eps_latest_yearly": 0.2,
            "eps_growth_yearly": 468.83
        },
        "20044": {
            "year_quarter": 20044,
            "year": 2004,
            "quarter": 4,
            "eps": -0.15,
            "eps_growth_year": -146.88,
            "eps_4q": -0.15,
            "eps_4q_growth_year": -123.19,
            "roe": -1.04,
            "roe_4q": -1.25,
            "gross_profit": 65815,
            "gross_margin": 21.14,
            "gross_margin_4q_avg": 15.61,
            "net_income": -22739,
            "net_income_4q": null,
            "revenue": 311398,
            "revenue_4q": null,
            "common_shares": 1552179,
            "book_valuer_per_share": 14.05,
            "book_valuer_per_share_4q_avg": 13.92,
            "equity": 2217627,
            "current_ratio": 110.8,
            "debt_ratio": 37.53,
            "inventory_turnover_ratio": 0.48,
            "account_receivable_turnover_ratio": null,
            "reinvestment_rate": 23.28,
            "research_to_sale_ratio": null,
            "price_fair": 25.82,
            "eps_avg_yearly": 0.74,
            "eps_latest_yearly": 0.2,
            "eps_growth_yearly": 468.83
        },
        "20051": {
            "year_quarter": 20051,
            "year": 2005,
            "quarter": 1,
            "eps": 0,
            "eps_growth_year": -100,
            "eps_4q": -0.22,
            "eps_4q_growth_year": -137.77,
            "roe": 0.02,
            "roe_4q": -1.58,
            "gross_profit": 43541,
            "gross_margin": 26.15,
            "gross_margin_4q_avg": 18.49,
            "net_income": 399,
            "net_income_4q": null,
            "revenue": 166488,
            "revenue_4q": null,
            "common_shares": 1552179,
            "book_valuer_per_share": 14.05,
            "book_valuer_per_share_4q_avg": 13.99,
            "equity": 2181357,
            "current_ratio": 107.03,
            "debt_ratio": 37.86,
            "inventory_turnover_ratio": 0.28,
            "account_receivable_turnover_ratio": null,
            "reinvestment_rate": -212.03,
            "research_to_sale_ratio": null,
            "price_fair": 25.82,
            "eps_avg_yearly": 0.74,
            "eps_latest_yearly": 0.2,
            "eps_growth_yearly": 468.83
        },
        "20052": {
            "year_quarter": 20052,
            "year": 2005,
            "quarter": 2,
            "eps": -0.18,
            "eps_growth_year": null,
            "eps_4q": -0.26,
            "eps_4q_growth_year": -159.67,
            "roe": -1.31,
            "roe_4q": -1.87,
            "gross_profit": 38048,
            "gross_margin": 21.17,
            "gross_margin_4q_avg": 20.44,
            "net_income": -28156,
            "net_income_4q": null,
            "revenue": 179714,
            "revenue_4q": null,
            "common_shares": 1552179,
            "book_valuer_per_share": 13.56,
            "book_valuer_per_share_4q_avg": 13.87,
            "equity": 2104779,
            "current_ratio": 79.82,
            "debt_ratio": 45.59,
            "inventory_turnover_ratio": 0.23,
            "account_receivable_turnover_ratio": null,
            "reinvestment_rate": 237.98,
            "research_to_sale_ratio": null,
            "price_fair": 25.82,
            "eps_avg_yearly": 0.74,
            "eps_latest_yearly": 0.2,
            "eps_growth_yearly": 468.83
        },
        "20053": {
            "year_quarter": 20053,
            "year": 2005,
            "quarter": 3,
            "eps": -0.28,
            "eps_growth_year": -566.67,
            "eps_4q": -0.61,
            "eps_4q_growth_year": -325.18,
            "roe": -2.09,
            "roe_4q": -4.42,
            "gross_profit": 36475,
            "gross_margin": 20.41,
            "gross_margin_4q_avg": 22.22,
            "net_income": -43516,
            "net_income_4q": null,
            "revenue": 178733,
            "revenue_4q": null,
            "common_shares": 1552179,
            "book_valuer_per_share": 13.28,
            "book_valuer_per_share_4q_avg": 13.74,
            "equity": 2061263,
            "current_ratio": 88.59,
            "debt_ratio": 58.62,
            "inventory_turnover_ratio": 0.1,
            "account_receivable_turnover_ratio": null,
            "reinvestment_rate": 323.96,
            "research_to_sale_ratio": null,
            "price_fair": 25.82,
            "eps_avg_yearly": 0.74,
            "eps_latest_yearly": 0.2,
            "eps_growth_yearly": 468.83
        },
        "20054": {
            "year_quarter": 20054,
            "year": 2005,
            "quarter": 4,
            "eps": 0.18,
            "eps_growth_year": null,
            "eps_4q": -0.28,
            "eps_4q_growth_year": null,
            "roe": 1.26,
            "roe_4q": -2.1199999999999997,
            "gross_profit": 37007,
            "gross_margin": 21.62,
            "gross_margin_4q_avg": 22.34,
            "net_income": 27950,
            "net_income_4q": null,
            "revenue": 171198,
            "revenue_4q": null,
            "common_shares": 1552179,
            "book_valuer_per_share": 13.46,
            "book_valuer_per_share_4q_avg": 13.59,
            "equity": 2376384,
            "current_ratio": 105.82,
            "debt_ratio": 65.25,
            "inventory_turnover_ratio": 0.06,
            "account_receivable_turnover_ratio": null,
            "reinvestment_rate": 920.46,
            "research_to_sale_ratio": null,
            "price_fair": 25.82,
            "eps_avg_yearly": 0.74,
            "eps_latest_yearly": 0.2,
            "eps_growth_yearly": 468.83
        },
        "20061": {
            "year_quarter": 20061,
            "year": 2006,
            "quarter": 1,
            "eps": -0.09,
            "eps_growth_year": null,
            "eps_4q": -0.38,
            "eps_4q_growth_year": null,
            "roe": -0.62,
            "roe_4q": -2.76,
            "gross_profit": 36359,
            "gross_margin": 22.75,
            "gross_margin_4q_avg": 21.49,
            "net_income": -13734,
            "net_income_4q": null,
            "revenue": 159839,
            "revenue_4q": null,
            "common_shares": 1552179,
            "book_valuer_per_share": 13.45,
            "book_valuer_per_share_4q_avg": 13.44,
            "equity": 2087542,
            "current_ratio": 108.44,
            "debt_ratio": 62.25,
            "inventory_turnover_ratio": 0.05,
            "account_receivable_turnover_ratio": null,
            "reinvestment_rate": 405.85,
            "research_to_sale_ratio": null,
            "price_fair": 26.43,
            "eps_avg_yearly": 0.76,
            "eps_latest_yearly": 0.2,
            "eps_growth_yearly": 514.94
        },
        "20062": {
            "year_quarter": 20062,
            "year": 2006,
            "quarter": 2,
            "eps": 0.1,
            "eps_growth_year": null,
            "eps_4q": -0.1,
            "eps_4q_growth_year": null,
            "roe": 0.72,
            "roe_4q": -0.73,
            "gross_profit": 39913,
            "gross_margin": 22.41,
            "gross_margin_4q_avg": 21.8,
            "net_income": 14863,
            "net_income_4q": null,
            "revenue": 178079,
            "revenue_4q": null,
            "common_shares": 1552179,
            "book_valuer_per_share": 13.31,
            "book_valuer_per_share_4q_avg": 13.38,
            "equity": 2066555,
            "current_ratio": 121.02,
            "debt_ratio": 62.07,
            "inventory_turnover_ratio": 0.06,
            "account_receivable_turnover_ratio": null,
            "reinvestment_rate": 419.54,
            "research_to_sale_ratio": null,
            "price_fair": 27.6,
            "eps_avg_yearly": 0.79,
            "eps_latest_yearly": 0.2,
            "eps_growth_yearly": 596.12
        },
        "20063": {
            "year_quarter": 20063,
            "year": 2006,
            "quarter": 3,
            "eps": 0.06,
            "eps_growth_year": null,
            "eps_4q": 0.25,
            "eps_4q_growth_year": null,
            "roe": 0.43,
            "roe_4q": 1.79,
            "gross_profit": 42408,
            "gross_margin": 22.64,
            "gross_margin_4q_avg": 22.36,
            "net_income": 8961,
            "net_income_4q": null,
            "revenue": 187299,
            "revenue_4q": null,
            "common_shares": 1552179,
            "book_valuer_per_share": 13.28,
            "book_valuer_per_share_4q_avg": 13.38,
            "equity": 2061341,
            "current_ratio": 137.7,
            "debt_ratio": 62.42,
            "inventory_turnover_ratio": 0.05,
            "account_receivable_turnover_ratio": null,
            "reinvestment_rate": 101.88,
            "research_to_sale_ratio": null,
            "price_fair": 26,
            "eps_avg_yearly": 0.74,
            "eps_latest_yearly": 0.24,
            "eps_growth_yearly": 568.87
        },
        "20064": {
            "year_quarter": 20064,
            "year": 2006,
            "quarter": 4,
            "eps": 1.24,
            "eps_growth_year": 588.89,
            "eps_4q": 1.3,
            "eps_4q_growth_year": null,
            "roe": 8.46,
            "roe_4q": 8.990000000000002,
            "gross_profit": 348009,
            "gross_margin": 36.93,
            "gross_margin_4q_avg": 26.18,
            "net_income": 192873,
            "net_income_4q": null,
            "revenue": 942312,
            "revenue_4q": null,
            "common_shares": 1552179,
            "book_valuer_per_share": 14.93,
            "book_valuer_per_share_4q_avg": 13.74,
            "equity": 2498094,
            "current_ratio": 115.14,
            "debt_ratio": 61.55,
            "inventory_turnover_ratio": 0.21,
            "account_receivable_turnover_ratio": null,
            "reinvestment_rate": 521.44,
            "research_to_sale_ratio": null,
            "price_fair": 40.2,
            "eps_avg_yearly": 1.15,
            "eps_latest_yearly": 4.96,
            "eps_growth_yearly": 1533.49
        },
        "20071": {
            "year_quarter": 20071,
            "year": 2007,
            "quarter": 1,
            "eps": 0,
            "eps_growth_year": null,
            "eps_4q": 1.4,
            "eps_4q_growth_year": null,
            "roe": 0.03,
            "roe_4q": 9.64,
            "gross_profit": 20664,
            "gross_margin": 14.02,
            "gross_margin_4q_avg": 24,
            "net_income": 773,
            "net_income_4q": null,
            "revenue": 147391,
            "revenue_4q": null,
            "common_shares": 1552179,
            "book_valuer_per_share": 14.8,
            "book_valuer_per_share_4q_avg": 14.08,
            "equity": 2297001,
            "current_ratio": 129.38,
            "debt_ratio": 55.5,
            "inventory_turnover_ratio": 0.05,
            "account_receivable_turnover_ratio": null,
            "reinvestment_rate": 56.91,
            "research_to_sale_ratio": null,
            "price_fair": 44.33,
            "eps_avg_yearly": 1.27,
            "eps_latest_yearly": 4.96,
            "eps_growth_yearly": 1841.9
        },
        "20072": {
            "year_quarter": 20072,
            "year": 2007,
            "quarter": 2,
            "eps": 0.11,
            "eps_growth_year": 10,
            "eps_4q": 1.38,
            "eps_4q_growth_year": null,
            "roe": 0.77,
            "roe_4q": 9.690000000000001,
            "gross_profit": 25930,
            "gross_margin": 17.08,
            "gross_margin_4q_avg": 22.67,
            "net_income": 17498,
            "net_income_4q": null,
            "revenue": 151844,
            "revenue_4q": null,
            "common_shares": 1552179,
            "book_valuer_per_share": 14.39,
            "book_valuer_per_share_4q_avg": 14.35,
            "equity": 2233338,
            "current_ratio": 128.37,
            "debt_ratio": 57.14,
            "inventory_turnover_ratio": 0.05,
            "account_receivable_turnover_ratio": null,
            "reinvestment_rate": 53.31,
            "research_to_sale_ratio": null,
            "price_fair": 52.64,
            "eps_avg_yearly": 1.5,
            "eps_latest_yearly": 4.96,
            "eps_growth_yearly": 2275.74
        },
        "20073": {
            "year_quarter": 20073,
            "year": 2007,
            "quarter": 3,
            "eps": 0.41,
            "eps_growth_year": 583.33,
            "eps_4q": 1.69,
            "eps_4q_growth_year": 565.16,
            "roe": 3,
            "roe_4q": 12.260000000000002,
            "gross_profit": 26414,
            "gross_margin": 16.28,
            "gross_margin_4q_avg": 21.08,
            "net_income": 67411,
            "net_income_4q": null,
            "revenue": 162232,
            "revenue_4q": null,
            "common_shares": 1645310,
            "book_valuer_per_share": 13.77,
            "book_valuer_per_share_4q_avg": 14.47,
            "equity": 2265981,
            "current_ratio": 128.36,
            "debt_ratio": 54.27,
            "inventory_turnover_ratio": 0.06,
            "account_receivable_turnover_ratio": null,
            "reinvestment_rate": 43.03,
            "research_to_sale_ratio": null,
            "price_fair": 58.24,
            "eps_avg_yearly": 1.66,
            "eps_latest_yearly": 1.64,
            "eps_growth_yearly": 1733.92
        },
        "20074": {
            "year_quarter": 20074,
            "year": 2007,
            "quarter": 4,
            "eps": 0.12,
            "eps_growth_year": -90.32,
            "eps_4q": 0.65,
            "eps_4q_growth_year": -50.49,
            "roe": 0.78,
            "roe_4q": 4.580000000000001,
            "gross_profit": 114945,
            "gross_margin": 19.29,
            "gross_margin_4q_avg": 16.67,
            "net_income": 19548,
            "net_income_4q": null,
            "revenue": 595993,
            "revenue_4q": null,
            "common_shares": 1645310,
            "book_valuer_per_share": 13.64,
            "book_valuer_per_share_4q_avg": 14.15,
            "equity": 2736788,
            "current_ratio": 107.76,
            "debt_ratio": 54.82,
            "inventory_turnover_ratio": 0.23,
            "account_receivable_turnover_ratio": null,
            "reinvestment_rate": 624.86,
            "research_to_sale_ratio": null,
            "price_fair": 52.64,
            "eps_avg_yearly": 1.5,
            "eps_latest_yearly": 0.48,
            "eps_growth_yearly": 1635.43
        },
        "20081": {
            "year_quarter": 20081,
            "year": 2008,
            "quarter": 1,
            "eps": -0.06,
            "eps_growth_year": null,
            "eps_4q": 0.53,
            "eps_4q_growth_year": -62.07,
            "roe": -0.39,
            "roe_4q": 4.16,
            "gross_profit": 76607,
            "gross_margin": 26.24,
            "gross_margin_4q_avg": 19.72,
            "net_income": -10667,
            "net_income_4q": null,
            "revenue": 291986,
            "revenue_4q": null,
            "common_shares": 1645310,
            "book_valuer_per_share": 13.75,
            "book_valuer_per_share_4q_avg": 13.89,
            "equity": 2754282,
            "current_ratio": 110.9,
            "debt_ratio": 54.71,
            "inventory_turnover_ratio": 0.11,
            "account_receivable_turnover_ratio": null,
            "reinvestment_rate": 710.84,
            "research_to_sale_ratio": null,
            "price_fair": 64.05,
            "eps_avg_yearly": 1.83,
            "eps_latest_yearly": 0.48,
            "eps_growth_yearly": 2128.66
        },
        "20082": {
            "year_quarter": 20082,
            "year": 2008,
            "quarter": 2,
            "eps": -0.19,
            "eps_growth_year": -272.73,
            "eps_4q": 0.28,
            "eps_4q_growth_year": -79.87,
            "roe": -1.13,
            "roe_4q": 2.26,
            "gross_profit": 77064,
            "gross_margin": 23.63,
            "gross_margin_4q_avg": 21.36,
            "net_income": -30238,
            "net_income_4q": null,
            "revenue": 326095,
            "revenue_4q": null,
            "common_shares": 1645310,
            "book_valuer_per_share": 12.75,
            "book_valuer_per_share_4q_avg": 13.48,
            "equity": 2590391,
            "current_ratio": 105.79,
            "debt_ratio": 57.06,
            "inventory_turnover_ratio": 0.12,
            "account_receivable_turnover_ratio": null,
            "reinvestment_rate": 629.05,
            "research_to_sale_ratio": null,
            "price_fair": 64.05,
            "eps_avg_yearly": 1.83,
            "eps_latest_yearly": 0.48,
            "eps_growth_yearly": 2128.66
        },
        "20083": {
            "year_quarter": 20083,
            "year": 2008,
            "quarter": 3,
            "eps": 0.04,
            "eps_growth_year": -90.24,
            "eps_4q": -0.1,
            "eps_4q_growth_year": -105.77,
            "roe": 0.25,
            "roe_4q": -0.49,
            "gross_profit": 80558,
            "gross_margin": 11.87,
            "gross_margin_4q_avg": 20.26,
            "net_income": 6314,
            "net_income_4q": null,
            "revenue": 678637,
            "revenue_4q": null,
            "common_shares": 1727575,
            "book_valuer_per_share": 11.62,
            "book_valuer_per_share_4q_avg": 12.94,
            "equity": 2496875,
            "current_ratio": 97.86,
            "debt_ratio": 57.87,
            "inventory_turnover_ratio": 0.29,
            "account_receivable_turnover_ratio": null,
            "reinvestment_rate": 591.32,
            "research_to_sale_ratio": null,
            "price_fair": 64.05,
            "eps_avg_yearly": 1.83,
            "eps_latest_yearly": 0.48,
            "eps_growth_yearly": 2128.66
        },
        "20084": {
            "year_quarter": 20084,
            "year": 2008,
            "quarter": 4,
            "eps": 0.26,
            "eps_growth_year": 116.67,
            "eps_4q": 0.08,
            "eps_4q_growth_year": -88.13,
            "roe": 1.39,
            "roe_4q": 0.12,
            "gross_profit": 272248,
            "gross_margin": 80.43,
            "gross_margin_4q_avg": 35.54,
            "net_income": 34704,
            "net_income_4q": null,
            "revenue": 338471,
            "revenue_4q": null,
            "common_shares": 1727575,
            "book_valuer_per_share": 11.73,
            "book_valuer_per_share_4q_avg": 12.46,
            "equity": 2503992,
            "current_ratio": 104.59,
            "debt_ratio": 55.27,
            "inventory_turnover_ratio": 0.03,
            "account_receivable_turnover_ratio": 5.49,
            "reinvestment_rate": 413.29,
            "research_to_sale_ratio": null,
            "price_fair": 58.52,
            "eps_avg_yearly": 1.67,
            "eps_latest_yearly": 1.04,
            "eps_growth_yearly": 2142.93
        },
        "20091": {
            "year_quarter": 20091,
            "year": 2009,
            "quarter": 1,
            "eps": 0.05,
            "eps_growth_year": null,
            "eps_4q": 0.82,
            "eps_4q_growth_year": 54.8,
            "roe": -0.07,
            "roe_4q": 0.43999999999999995,
            "gross_profit": 89529,
            "gross_margin": 30.3,
            "gross_margin_4q_avg": 36.56,
            "net_income": -1782,
            "net_income_4q": null,
            "revenue": 295490,
            "revenue_4q": null,
            "common_shares": 1727575,
            "book_valuer_per_share": 12.02,
            "book_valuer_per_share_4q_avg": 12.03,
            "equity": 2542702,
            "current_ratio": 109.86,
            "debt_ratio": 53.61,
            "inventory_turnover_ratio": 0.11,
            "account_receivable_turnover_ratio": 1.14,
            "reinvestment_rate": 654.57,
            "research_to_sale_ratio": null,
            "price_fair": 49.93,
            "eps_avg_yearly": 1.43,
            "eps_latest_yearly": 0.2,
            "eps_growth_yearly": 1731.93
        },
        "20092": {
            "year_quarter": 20092,
            "year": 2009,
            "quarter": 2,
            "eps": -0.34,
            "eps_growth_year": null,
            "eps_4q": 0.01,
            "eps_4q_growth_year": -96.85,
            "roe": -2.99,
            "roe_4q": -1.4200000000000002,
            "gross_profit": 80934,
            "gross_margin": 24.87,
            "gross_margin_4q_avg": 36.87,
            "net_income": -75653,
            "net_income_4q": null,
            "revenue": 325377,
            "revenue_4q": null,
            "common_shares": 1727575,
            "book_valuer_per_share": 11.95,
            "book_valuer_per_share_4q_avg": 11.83,
            "equity": 2517783,
            "current_ratio": 116.56,
            "debt_ratio": 55.19,
            "inventory_turnover_ratio": 0.14,
            "account_receivable_turnover_ratio": 2.74,
            "reinvestment_rate": 484.98,
            "research_to_sale_ratio": null,
            "price_fair": 49.93,
            "eps_avg_yearly": 1.43,
            "eps_latest_yearly": 0.2,
            "eps_growth_yearly": 1731.93
        },
        "20093": {
            "year_quarter": 20093,
            "year": 2009,
            "quarter": 3,
            "eps": -0.14,
            "eps_growth_year": -450,
            "eps_4q": -0.16,
            "eps_4q_growth_year": null,
            "roe": -2.12,
            "roe_4q": -3.790000000000001,
            "gross_profit": 26964,
            "gross_margin": 10.11,
            "gross_margin_4q_avg": 36.43,
            "net_income": -53078,
            "net_income_4q": null,
            "revenue": 266786,
            "revenue_4q": null,
            "common_shares": 1813954,
            "book_valuer_per_share": 11.35,
            "book_valuer_per_share_4q_avg": 11.76,
            "equity": 2485584,
            "current_ratio": 114.99,
            "debt_ratio": 54.75,
            "inventory_turnover_ratio": 0.14,
            "account_receivable_turnover_ratio": 0.98,
            "reinvestment_rate": 477.3,
            "research_to_sale_ratio": null,
            "price_fair": 49.93,
            "eps_avg_yearly": 1.43,
            "eps_latest_yearly": 0.2,
            "eps_growth_yearly": 1731.93
        },
        "20094": {
            "year_quarter": 20094,
            "year": 2009,
            "quarter": 4,
            "eps": 0.45,
            "eps_growth_year": 73.08,
            "eps_4q": 0.04,
            "eps_4q_growth_year": -44.97,
            "roe": 1.41,
            "roe_4q": -3.77,
            "gross_profit": 265162,
            "gross_margin": 31.22,
            "gross_margin_4q_avg": 24.13,
            "net_income": 35858,
            "net_income_4q": null,
            "revenue": 849408,
            "revenue_4q": null,
            "common_shares": 1813954,
            "book_valuer_per_share": 12.14,
            "book_valuer_per_share_4q_avg": 11.87,
            "equity": 2583584,
            "current_ratio": 124.87,
            "debt_ratio": 52.75,
            "inventory_turnover_ratio": 0.39,
            "account_receivable_turnover_ratio": 4.26,
            "reinvestment_rate": 302.61,
            "research_to_sale_ratio": null,
            "price_fair": 49.93,
            "eps_avg_yearly": 1.43,
            "eps_latest_yearly": 0.2,
            "eps_growth_yearly": 1731.93
        },
        "20101": {
            "year_quarter": 20101,
            "year": 2010,
            "quarter": 1,
            "eps": 0.01,
            "eps_growth_year": -80,
            "eps_4q": -0,
            "eps_4q_growth_year": -100.28,
            "roe": 0.04,
            "roe_4q": -3.66,
            "gross_profit": 29045,
            "gross_margin": 23.45,
            "gross_margin_4q_avg": 22.41,
            "net_income": 1036,
            "net_income_4q": null,
            "revenue": 123855,
            "revenue_4q": null,
            "common_shares": 1813954,
            "book_valuer_per_share": 12.05,
            "book_valuer_per_share_4q_avg": 11.87,
            "equity": 2631460,
            "current_ratio": 134.4,
            "debt_ratio": 48.99,
            "inventory_turnover_ratio": 0.07,
            "account_receivable_turnover_ratio": 0.54,
            "reinvestment_rate": 640.11,
            "research_to_sale_ratio": null,
            "price_fair": 43,
            "eps_avg_yearly": 1.23,
            "eps_latest_yearly": 0.04,
            "eps_growth_yearly": 1428.64
        },
        "20102": {
            "year_quarter": 20102,
            "year": 2010,
            "quarter": 2,
            "eps": 0.11,
            "eps_growth_year": null,
            "eps_4q": 0.43,
            "eps_4q_growth_year": 4768.42,
            "roe": 0.81,
            "roe_4q": 0.13999999999999968,
            "gross_profit": 86232,
            "gross_margin": 19.57,
            "gross_margin_4q_avg": 21.09,
            "net_income": 21228,
            "net_income_4q": null,
            "revenue": 440588,
            "revenue_4q": null,
            "common_shares": 1813954,
            "book_valuer_per_share": 11.79,
            "book_valuer_per_share_4q_avg": 11.83,
            "equity": 2589946,
            "current_ratio": 126.62,
            "debt_ratio": 48.27,
            "inventory_turnover_ratio": 0.28,
            "account_receivable_turnover_ratio": 2.17,
            "reinvestment_rate": 365.84,
            "research_to_sale_ratio": null,
            "price_fair": 39.55,
            "eps_avg_yearly": 1.13,
            "eps_latest_yearly": 0.44,
            "eps_growth_yearly": 1750.06
        },
        "20103": {
            "year_quarter": 20103,
            "year": 2010,
            "quarter": 3,
            "eps": -0.02,
            "eps_growth_year": null,
            "eps_4q": 0.54,
            "eps_4q_growth_year": null,
            "roe": 0.56,
            "roe_4q": 2.8200000000000003,
            "gross_profit": 89217,
            "gross_margin": 20.49,
            "gross_margin_4q_avg": 23.68,
            "net_income": 14698,
            "net_income_4q": null,
            "revenue": 435381,
            "revenue_4q": null,
            "common_shares": 1868373,
            "book_valuer_per_share": 11.72,
            "book_valuer_per_share_4q_avg": 11.93,
            "equity": 2678127,
            "current_ratio": 130.49,
            "debt_ratio": 47.15,
            "inventory_turnover_ratio": 0.27,
            "account_receivable_turnover_ratio": 1.32,
            "reinvestment_rate": 534.3,
            "research_to_sale_ratio": null,
            "price_fair": 44,
            "eps_avg_yearly": 1.26,
            "eps_latest_yearly": 0.44,
            "eps_growth_yearly": 2022.92
        },
        "20104": {
            "year_quarter": 20104,
            "year": 2010,
            "quarter": 4,
            "eps": -0,
            "eps_growth_year": -100.94,
            "eps_4q": 0.1,
            "eps_4q_growth_year": 130.53,
            "roe": 0.19,
            "roe_4q": 1.6,
            "gross_profit": 70335,
            "gross_margin": 18.94,
            "gross_margin_4q_avg": 20.61,
            "net_income": 4987,
            "net_income_4q": null,
            "revenue": 371393,
            "revenue_4q": null,
            "common_shares": 1868373,
            "book_valuer_per_share": 11.79,
            "book_valuer_per_share_4q_avg": 11.84,
            "equity": 2606331,
            "current_ratio": 136.72,
            "debt_ratio": 46.54,
            "inventory_turnover_ratio": 0.24,
            "account_receivable_turnover_ratio": 1.34,
            "reinvestment_rate": 226.94,
            "research_to_sale_ratio": null,
            "price_fair": 22.4,
            "eps_avg_yearly": 0.64,
            "eps_latest_yearly": 0.44,
            "eps_growth_yearly": 1048.97
        },
        "20111": {
            "year_quarter": 20111,
            "year": 2011,
            "quarter": 1,
            "eps": -0.22,
            "eps_growth_year": -2300,
            "eps_4q": -0.13,
            "eps_4q_growth_year": null,
            "roe": -1.78,
            "roe_4q": -0.21999999999999997,
            "gross_profit": 56041,
            "gross_margin": 17.18,
            "gross_margin_4q_avg": 19.05,
            "net_income": -45945,
            "net_income_4q": null,
            "revenue": 326215,
            "revenue_4q": null,
            "common_shares": 1868373,
            "book_valuer_per_share": 11.52,
            "book_valuer_per_share_4q_avg": 11.71,
            "equity": 2548512,
            "current_ratio": 131.74,
            "debt_ratio": 47.8,
            "inventory_turnover_ratio": 0.21,
            "account_receivable_turnover_ratio": 1.31,
            "reinvestment_rate": 4449.95,
            "research_to_sale_ratio": null,
            "price_fair": 22.4,
            "eps_avg_yearly": 0.64,
            "eps_latest_yearly": 0.44,
            "eps_growth_yearly": 1048.97
        },
        "20112": {
            "year_quarter": 20112,
            "year": 2011,
            "quarter": 2,
            "eps": -0.19,
            "eps_growth_year": -271.04,
            "eps_4q": -0.42,
            "eps_4q_growth_year": -199.22,
            "roe": -1.82,
            "roe_4q": -2.85,
            "gross_profit": 68947,
            "gross_margin": 18.59,
            "gross_margin_4q_avg": 18.8,
            "net_income": -47063,
            "net_income_4q": null,
            "revenue": 370817,
            "revenue_4q": null,
            "common_shares": 1868373,
            "book_valuer_per_share": 11.18,
            "book_valuer_per_share_4q_avg": 11.55,
            "equity": 2613122,
            "current_ratio": 126.59,
            "debt_ratio": 48.65,
            "inventory_turnover_ratio": 0.23,
            "account_receivable_turnover_ratio": 1.43,
            "reinvestment_rate": 907461.76,
            "research_to_sale_ratio": null,
            "price_fair": 22.4,
            "eps_avg_yearly": 0.64,
            "eps_latest_yearly": 0.44,
            "eps_growth_yearly": 1048.97
        },
        "20113": {
            "year_quarter": 20113,
            "year": 2011,
            "quarter": 3,
            "eps": -0.09,
            "eps_growth_year": null,
            "eps_4q": -0.5,
            "eps_4q_growth_year": -192.14,
            "roe": -1.14,
            "roe_4q": -4.55,
            "gross_profit": 56990,
            "gross_margin": 40.65,
            "gross_margin_4q_avg": 23.84,
            "net_income": -29303,
            "net_income_4q": null,
            "revenue": 140211,
            "revenue_4q": null,
            "common_shares": 1961791,
            "book_valuer_per_share": 10.48,
            "book_valuer_per_share_4q_avg": 11.24,
            "equity": 2545053,
            "current_ratio": 129.22,
            "debt_ratio": 50.36,
            "inventory_turnover_ratio": 0.06,
            "account_receivable_turnover_ratio": 0.52,
            "reinvestment_rate": null,
            "research_to_sale_ratio": null,
            "price_fair": 15.4,
            "eps_avg_yearly": 0.44,
            "eps_latest_yearly": 0.44,
            "eps_growth_yearly": 1040.58
        },
        "20114": {
            "year_quarter": 20114,
            "year": 2011,
            "quarter": 4,
            "eps": -0.17,
            "eps_growth_year": null,
            "eps_4q": -0.66,
            "eps_4q_growth_year": -779.84,
            "roe": -3.51,
            "roe_4q": -8.25,
            "gross_profit": 31392,
            "gross_margin": 5.54,
            "gross_margin_4q_avg": 20.49,
            "net_income": -87080,
            "net_income_4q": null,
            "revenue": 566504,
            "revenue_4q": null,
            "common_shares": 1961791,
            "book_valuer_per_share": 10.24,
            "book_valuer_per_share_4q_avg": 10.86,
            "equity": 2423508,
            "current_ratio": 92.21,
            "debt_ratio": 52.71,
            "inventory_turnover_ratio": 0.41,
            "account_receivable_turnover_ratio": 2.13,
            "reinvestment_rate": null,
            "research_to_sale_ratio": null,
            "price_fair": 15.05,
            "eps_avg_yearly": 0.43,
            "eps_latest_yearly": 0.44,
            "eps_growth_yearly": 1371.45
        },
        "20121": {
            "year_quarter": 20121,
            "year": 2012,
            "quarter": 1,
            "eps": -0.1,
            "eps_growth_year": null,
            "eps_4q": -0.55,
            "eps_4q_growth_year": null,
            "roe": -1.29,
            "roe_4q": -7.76,
            "gross_profit": 70746,
            "gross_margin": 20.03,
            "gross_margin_4q_avg": 21.2,
            "net_income": -31080,
            "net_income_4q": null,
            "revenue": 353193,
            "revenue_4q": null,
            "common_shares": 1961791,
            "book_valuer_per_share": 10.16,
            "book_valuer_per_share_4q_avg": 10.52,
            "equity": 2401322,
            "current_ratio": 110.2,
            "debt_ratio": 57.58,
            "inventory_turnover_ratio": 0.22,
            "account_receivable_turnover_ratio": 1.26,
            "reinvestment_rate": null,
            "research_to_sale_ratio": null,
            "price_fair": 15.05,
            "eps_avg_yearly": 0.43,
            "eps_latest_yearly": 0.44,
            "eps_growth_yearly": 1371.45
        },
        "20122": {
            "year_quarter": 20122,
            "year": 2012,
            "quarter": 2,
            "eps": 5.88,
            "eps_growth_year": null,
            "eps_4q": 5.52,
            "eps_4q_growth_year": null,
            "roe": 37.96,
            "roe_4q": 32.02,
            "gross_profit": 1368515,
            "gross_margin": 49.39,
            "gross_margin_4q_avg": 28.9,
            "net_income": 1111624,
            "net_income_4q": null,
            "revenue": 2770759,
            "revenue_4q": null,
            "common_shares": 1931791,
            "book_valuer_per_share": 15.92,
            "book_valuer_per_share_4q_avg": 11.7,
            "equity": 3456090,
            "current_ratio": 288.02,
            "debt_ratio": 30.69,
            "inventory_turnover_ratio": 1.97,
            "account_receivable_turnover_ratio": 5.78,
            "reinvestment_rate": 93.59,
            "research_to_sale_ratio": null,
            "price_fair": 15.05,
            "eps_avg_yearly": 0.43,
            "eps_latest_yearly": 0.44,
            "eps_growth_yearly": 1371.45
        },
        "20123": {
            "year_quarter": 20123,
            "year": 2012,
            "quarter": 3,
            "eps": -0.63,
            "eps_growth_year": null,
            "eps_4q": 4.98,
            "eps_4q_growth_year": null,
            "roe": -4.33,
            "roe_4q": 28.830000000000005,
            "gross_profit": -20570,
            "gross_margin": -5.85,
            "gross_margin_4q_avg": 17.28,
            "net_income": -146216,
            "net_income_4q": null,
            "revenue": 351719,
            "revenue_4q": null,
            "common_shares": 1931791,
            "book_valuer_per_share": 15.26,
            "book_valuer_per_share_4q_avg": 12.9,
            "equity": 3303998,
            "current_ratio": 262.84,
            "debt_ratio": 32.18,
            "inventory_turnover_ratio": 3.13,
            "account_receivable_turnover_ratio": 0.54,
            "reinvestment_rate": 117.26,
            "research_to_sale_ratio": null,
            "price_fair": 15.05,
            "eps_avg_yearly": 0.43,
            "eps_latest_yearly": 0.44,
            "eps_growth_yearly": 1371.45
        },
        "20124": {
            "year_quarter": 20124,
            "year": 2012,
            "quarter": 4,
            "eps": -0.65,
            "eps_growth_year": null,
            "eps_4q": 5.18,
            "eps_4q_growth_year": null,
            "roe": -3.58,
            "roe_4q": 28.76,
            "gross_profit": 70740,
            "gross_margin": 20.38,
            "gross_margin_4q_avg": 20.99,
            "net_income": -112443,
            "net_income_4q": null,
            "revenue": 347164,
            "revenue_4q": null,
            "common_shares": 1735612,
            "book_valuer_per_share": 15.34,
            "book_valuer_per_share_4q_avg": 14.17,
            "equity": 2970980,
            "current_ratio": 126.7,
            "debt_ratio": 35.49,
            "inventory_turnover_ratio": 3.54,
            "account_receivable_turnover_ratio": 0.66,
            "reinvestment_rate": 18.59,
            "research_to_sale_ratio": null,
            "price_fair": 7.93,
            "eps_avg_yearly": 0.23,
            "eps_latest_yearly": 0.44,
            "eps_growth_yearly": 1095.27
        },
        "20131": {
            "year_quarter": 20131,
            "year": 2013,
            "quarter": 1,
            "eps": 0.05,
            "eps_growth_year": null,
            "eps_4q": 5.33,
            "eps_4q_growth_year": null,
            "roe": 0.09,
            "roe_4q": 30.14,
            "gross_profit": 64947,
            "gross_margin": 19.18,
            "gross_margin_4q_avg": 20.78,
            "net_income": 2590,
            "net_income_4q": null,
            "revenue": 338536,
            "revenue_4q": null,
            "common_shares": 1735612,
            "book_valuer_per_share": 15.8,
            "book_valuer_per_share_4q_avg": 15.58,
            "equity": 3046226,
            "current_ratio": 129.91,
            "debt_ratio": 36.1,
            "inventory_turnover_ratio": 4.46,
            "account_receivable_turnover_ratio": 0.64,
            "reinvestment_rate": -37.37,
            "research_to_sale_ratio": null,
            "price_fair": 8.4,
            "eps_avg_yearly": 0.24,
            "eps_latest_yearly": 0.44,
            "eps_growth_yearly": 1804.44
        },
        "20132": {
            "year_quarter": 20132,
            "year": 2013,
            "quarter": 2,
            "eps": -0.26,
            "eps_growth_year": -104.42,
            "eps_4q": -1.51,
            "eps_4q_growth_year": -127.29,
            "roe": -1.52,
            "roe_4q": -9.34,
            "gross_profit": 84746,
            "gross_margin": 19.81,
            "gross_margin_4q_avg": 13.38,
            "net_income": -45452,
            "net_income_4q": null,
            "revenue": 427712,
            "revenue_4q": null,
            "common_shares": 1706830,
            "book_valuer_per_share": 15.11,
            "book_valuer_per_share_4q_avg": 15.38,
            "equity": 2915994,
            "current_ratio": 111.15,
            "debt_ratio": 38.29,
            "inventory_turnover_ratio": 8.15,
            "account_receivable_turnover_ratio": 0.77,
            "reinvestment_rate": -17.36,
            "research_to_sale_ratio": null,
            "price_fair": 8.4,
            "eps_avg_yearly": 0.24,
            "eps_latest_yearly": 0.44,
            "eps_growth_yearly": 1804.44
        },
        "20133": {
            "year_quarter": 20133,
            "year": 2013,
            "quarter": 3,
            "eps": -0.1,
            "eps_growth_year": null,
            "eps_4q": -0.92,
            "eps_4q_growth_year": -118.44,
            "roe": -0.72,
            "roe_4q": -5.73,
            "gross_profit": 90805,
            "gross_margin": 22.36,
            "gross_margin_4q_avg": 20.43,
            "net_income": -21219,
            "net_income_4q": null,
            "revenue": 406145,
            "revenue_4q": null,
            "common_shares": 1792172,
            "book_valuer_per_share": 14.93,
            "book_valuer_per_share_4q_avg": 15.3,
            "equity": 3011903,
            "current_ratio": 107.4,
            "debt_ratio": 42.04,
            "inventory_turnover_ratio": 8.97,
            "account_receivable_turnover_ratio": 0.84,
            "reinvestment_rate": -1.37,
            "research_to_sale_ratio": null,
            "price_fair": 8.4,
            "eps_avg_yearly": 0.24,
            "eps_latest_yearly": 0.44,
            "eps_growth_yearly": 1804.44
        },
        "20134": {
            "year_quarter": 20134,
            "year": 2013,
            "quarter": 4,
            "eps": 0.42,
            "eps_growth_year": null,
            "eps_4q": 0.12,
            "eps_4q_growth_year": -97.73,
            "roe": 2.49,
            "roe_4q": 0.3400000000000002,
            "gross_profit": 57227,
            "gross_margin": 14.02,
            "gross_margin_4q_avg": 18.84,
            "net_income": 75068,
            "net_income_4q": null,
            "revenue": 408182,
            "revenue_4q": null,
            "common_shares": 1792172,
            "book_valuer_per_share": 15,
            "book_valuer_per_share_4q_avg": 15.21,
            "equity": 3023930,
            "current_ratio": 138.22,
            "debt_ratio": 36.83,
            "inventory_turnover_ratio": 10.47,
            "account_receivable_turnover_ratio": 0.79,
            "reinvestment_rate": -150.95,
            "research_to_sale_ratio": null,
            "price_fair": 8.4,
            "eps_avg_yearly": 0.24,
            "eps_latest_yearly": 0.44,
            "eps_growth_yearly": 1804.44
        },
        "20141": {
            "year_quarter": 20141,
            "year": 2014,
            "quarter": 1,
            "eps": 0.01,
            "eps_growth_year": -80,
            "eps_4q": 0.09,
            "eps_4q_growth_year": -98.4,
            "roe": -0,
            "roe_4q": 0.2500000000000002,
            "gross_profit": 67762,
            "gross_margin": 20.36,
            "gross_margin_4q_avg": 19.14,
            "net_income": -50,
            "net_income_4q": null,
            "revenue": 332869,
            "revenue_4q": null,
            "common_shares": 1792172,
            "book_valuer_per_share": 14.92,
            "book_valuer_per_share_4q_avg": 14.99,
            "equity": 3004183,
            "current_ratio": 141.07,
            "debt_ratio": 35.56,
            "inventory_turnover_ratio": 7.86,
            "account_receivable_turnover_ratio": 0.76,
            "reinvestment_rate": -156.72,
            "research_to_sale_ratio": null,
            "price_fair": 8.4,
            "eps_avg_yearly": 0.24,
            "eps_latest_yearly": 0.04,
            "eps_growth_yearly": 1804.76
        },
        "20142": {
            "year_quarter": 20142,
            "year": 2014,
            "quarter": 2,
            "eps": -0.06,
            "eps_growth_year": null,
            "eps_4q": 0.28,
            "eps_4q_growth_year": null,
            "roe": -0.45,
            "roe_4q": 1.32,
            "gross_profit": 81038,
            "gross_margin": 22.8,
            "gross_margin_4q_avg": 19.89,
            "net_income": -13072,
            "net_income_4q": null,
            "revenue": 355377,
            "revenue_4q": null,
            "common_shares": 1742172,
            "book_valuer_per_share": 14.55,
            "book_valuer_per_share_4q_avg": 14.85,
            "equity": 2858303,
            "current_ratio": 122.25,
            "debt_ratio": 39.64,
            "inventory_turnover_ratio": 7.59,
            "account_receivable_turnover_ratio": 1.14,
            "reinvestment_rate": -56.59,
            "research_to_sale_ratio": null,
            "price_fair": 0.12,
            "eps_avg_yearly": 0.04,
            "eps_latest_yearly": 0.04,
            "eps_growth_yearly": -390.48
        },
        "20143": {
            "year_quarter": 20143,
            "year": 2014,
            "quarter": 3,
            "eps": 0.38,
            "eps_growth_year": null,
            "eps_4q": 0.77,
            "eps_4q_growth_year": null,
            "roe": 2.31,
            "roe_4q": 4.3500000000000005,
            "gross_profit": 77583,
            "gross_margin": 19.68,
            "gross_margin_4q_avg": 19.22,
            "net_income": 66305,
            "net_income_4q": null,
            "revenue": 394267,
            "revenue_4q": null,
            "common_shares": 1742172,
            "book_valuer_per_share": 14.74,
            "book_valuer_per_share_4q_avg": 14.8,
            "equity": 2890221,
            "current_ratio": 126.2,
            "debt_ratio": 39.12,
            "inventory_turnover_ratio": 8.49,
            "account_receivable_turnover_ratio": 1.39,
            "reinvestment_rate": -43.85,
            "research_to_sale_ratio": null,
            "price_fair": 0.12,
            "eps_avg_yearly": 0.04,
            "eps_latest_yearly": 0.04,
            "eps_growth_yearly": -390.48
        },
        "20144": {
            "year_quarter": 20144,
            "year": 2014,
            "quarter": 4,
            "eps": 0.06,
            "eps_growth_year": -84.68,
            "eps_4q": 0.4,
            "eps_4q_growth_year": 240.62,
            "roe": 0.31,
            "roe_4q": 2.17,
            "gross_profit": 107980,
            "gross_margin": 30.34,
            "gross_margin_4q_avg": 23.3,
            "net_income": 8856,
            "net_income_4q": null,
            "revenue": 355866,
            "revenue_4q": null,
            "common_shares": 1742172,
            "book_valuer_per_share": 14.89,
            "book_valuer_per_share_4q_avg": 14.78,
            "equity": 2913573,
            "current_ratio": 124.69,
            "debt_ratio": 40.15,
            "inventory_turnover_ratio": 5.31,
            "account_receivable_turnover_ratio": 1.24,
            "reinvestment_rate": -40.28,
            "research_to_sale_ratio": null,
            "price_fair": 0.42,
            "eps_avg_yearly": 0.14,
            "eps_latest_yearly": 0.24,
            "eps_growth_yearly": -363.66
        },
        "20151": {
            "year_quarter": 20151,
            "year": 2015,
            "quarter": 1,
            "eps": 0.14,
            "eps_growth_year": 1300,
            "eps_4q": 0.53,
            "eps_4q_growth_year": 525.09,
            "roe": 0.95,
            "roe_4q": 3.12,
            "gross_profit": 102052,
            "gross_margin": 27.76,
            "gross_margin_4q_avg": 25.15,
            "net_income": 27772,
            "net_income_4q": null,
            "revenue": 367592,
            "revenue_4q": null,
            "common_shares": 1741372,
            "book_valuer_per_share": 15.12,
            "book_valuer_per_share_4q_avg": 14.83,
            "equity": 2955128,
            "current_ratio": 128.69,
            "debt_ratio": 36.14,
            "inventory_turnover_ratio": 6.1,
            "account_receivable_turnover_ratio": 1.38,
            "reinvestment_rate": -142.22,
            "research_to_sale_ratio": null,
            "price_fair": 0.84,
            "eps_avg_yearly": 0.28,
            "eps_latest_yearly": 0.56,
            "eps_growth_yearly": -64.66
        },
        "20152": {
            "year_quarter": 20152,
            "year": 2015,
            "quarter": 2,
            "eps": 0,
            "eps_growth_year": null,
            "eps_4q": 0.59,
            "eps_4q_growth_year": 106.49,
            "roe": 0.09,
            "roe_4q": 3.66,
            "gross_profit": 92633,
            "gross_margin": 28.23,
            "gross_margin_4q_avg": 26.5,
            "net_income": 2633,
            "net_income_4q": null,
            "revenue": 328129,
            "revenue_4q": null,
            "common_shares": 1741372,
            "book_valuer_per_share": 14.63,
            "book_valuer_per_share_4q_avg": 14.85,
            "equity": 2842237,
            "current_ratio": 121.21,
            "debt_ratio": 39.34,
            "inventory_turnover_ratio": 7.85,
            "account_receivable_turnover_ratio": 1.34,
            "reinvestment_rate": -38.93,
            "research_to_sale_ratio": null,
            "price_fair": 0.84,
            "eps_avg_yearly": 0.28,
            "eps_latest_yearly": 0.56,
            "eps_growth_yearly": -64.66
        },
        "20153": {
            "year_quarter": 20153,
            "year": 2015,
            "quarter": 3,
            "eps": 0.18,
            "eps_growth_year": -52.63,
            "eps_4q": 0.39,
            "eps_4q_growth_year": -49.51,
            "roe": 1.22,
            "roe_4q": 2.57,
            "gross_profit": 92994,
            "gross_margin": 28.21,
            "gross_margin_4q_avg": 28.64,
            "net_income": 34550,
            "net_income_4q": null,
            "revenue": 329701,
            "revenue_4q": null,
            "common_shares": 1756199,
            "book_valuer_per_share": 14.37,
            "book_valuer_per_share_4q_avg": 14.75,
            "equity": 2839158,
            "current_ratio": 117.65,
            "debt_ratio": 39.21,
            "inventory_turnover_ratio": 8.07,
            "account_receivable_turnover_ratio": 1.27,
            "reinvestment_rate": -144.85,
            "research_to_sale_ratio": null,
            "price_fair": 0.84,
            "eps_avg_yearly": 0.28,
            "eps_latest_yearly": 0.56,
            "eps_growth_yearly": -64.66
        },
        "20154": {
            "year_quarter": 20154,
            "year": 2015,
            "quarter": 4,
            "eps": -0.12,
            "eps_growth_year": -287.2,
            "eps_4q": 0.2,
            "eps_4q_growth_year": -49.17,
            "roe": -1.15,
            "roe_4q": 1.11,
            "gross_profit": 105726,
            "gross_margin": 31,
            "gross_margin_4q_avg": 28.8,
            "net_income": -32242,
            "net_income_4q": null,
            "revenue": 341058,
            "revenue_4q": null,
            "common_shares": 1756199,
            "book_valuer_per_share": 14.11,
            "book_valuer_per_share_4q_avg": 14.56,
            "equity": 2779912,
            "current_ratio": 106.71,
            "debt_ratio": 38.82,
            "inventory_turnover_ratio": 7.99,
            "account_receivable_turnover_ratio": 1.22,
            "reinvestment_rate": -75.29,
            "research_to_sale_ratio": null,
            "price_fair": 0.84,
            "eps_avg_yearly": 0.28,
            "eps_latest_yearly": 0.56,
            "eps_growth_yearly": -64.66
        },
        "20161": {
            "year_quarter": 20161,
            "year": 2016,
            "quarter": 1,
            "eps": 0.01,
            "eps_growth_year": -92.86,
            "eps_4q": 0.07,
            "eps_4q_growth_year": -86.34,
            "roe": 0.2,
            "roe_4q": 0.36,
            "gross_profit": 95397,
            "gross_margin": 31.1,
            "gross_margin_4q_avg": 29.64,
            "net_income": 5721,
            "net_income_4q": null,
            "revenue": 306724,
            "revenue_4q": null,
            "common_shares": 1756199,
            "book_valuer_per_share": 14.29,
            "book_valuer_per_share_4q_avg": 14.35,
            "equity": 2813148,
            "current_ratio": 102.12,
            "debt_ratio": 38.71,
            "inventory_turnover_ratio": 7.26,
            "account_receivable_turnover_ratio": 1.09,
            "reinvestment_rate": -164.66,
            "research_to_sale_ratio": null,
            "price_fair": 0.84,
            "eps_avg_yearly": 0.28,
            "eps_latest_yearly": 0.56,
            "eps_growth_yearly": -64.66
        },
        "20162": {
            "year_quarter": 20162,
            "year": 2016,
            "quarter": 2,
            "eps": 0.09,
            "eps_growth_year": null,
            "eps_4q": 0.16,
            "eps_4q_growth_year": -72.92,
            "roe": 0.69,
            "roe_4q": 0.96,
            "gross_profit": 93721,
            "gross_margin": 29.85,
            "gross_margin_4q_avg": 30.04,
            "net_income": 19315,
            "net_income_4q": null,
            "revenue": 313965,
            "revenue_4q": null,
            "common_shares": 1756199,
            "book_valuer_per_share": 14.29,
            "book_valuer_per_share_4q_avg": 14.27,
            "equity": 2801454,
            "current_ratio": 115.84,
            "debt_ratio": 39.52,
            "inventory_turnover_ratio": 7.95,
            "account_receivable_turnover_ratio": 1.24,
            "reinvestment_rate": null,
            "research_to_sale_ratio": null,
            "price_fair": 10.5,
            "eps_avg_yearly": 0.3,
            "eps_latest_yearly": 0.36,
            "eps_growth_yearly": 751.5
        },
        "20163": {
            "year_quarter": 20163,
            "year": 2016,
            "quarter": 3,
            "eps": -0.09,
            "eps_growth_year": -150,
            "eps_4q": -0.1,
            "eps_4q_growth_year": -127.13,
            "roe": -1.58,
            "roe_4q": -1.84,
            "gross_profit": 88775,
            "gross_margin": 28.4,
            "gross_margin_4q_avg": 30.09,
            "net_income": -43761,
            "net_income_4q": null,
            "revenue": 312535,
            "revenue_4q": null,
            "common_shares": 1782542,
            "book_valuer_per_share": 13.89,
            "book_valuer_per_share_4q_avg": 14.15,
            "equity": 2739018,
            "current_ratio": 109.4,
            "debt_ratio": 39.64,
            "inventory_turnover_ratio": 8.51,
            "account_receivable_turnover_ratio": 1.43,
            "reinvestment_rate": -9266.95,
            "research_to_sale_ratio": null,
            "price_fair": 10.5,
            "eps_avg_yearly": 0.3,
            "eps_latest_yearly": 0.36,
            "eps_growth_yearly": 751.5
        },
        "20164": {
            "year_quarter": 20164,
            "year": 2016,
            "quarter": 4,
            "eps": -0.38,
            "eps_growth_year": null,
            "eps_4q": -0.37,
            "eps_4q_growth_year": -281.55,
            "roe": -1.81,
            "roe_4q": -2.5,
            "gross_profit": 94901,
            "gross_margin": 32.83,
            "gross_margin_4q_avg": 30.55,
            "net_income": -49378,
            "net_income_4q": null,
            "revenue": 289059,
            "revenue_4q": null,
            "common_shares": 1782542,
            "book_valuer_per_share": 13.58,
            "book_valuer_per_share_4q_avg": 14.01,
            "equity": 2709859,
            "current_ratio": 130.28,
            "debt_ratio": 39.66,
            "inventory_turnover_ratio": 6.73,
            "account_receivable_turnover_ratio": 1.28,
            "reinvestment_rate": -1276.33,
            "research_to_sale_ratio": null,
            "price_fair": 10.5,
            "eps_avg_yearly": 0.3,
            "eps_latest_yearly": 0.36,
            "eps_growth_yearly": 751.5
        },
        "20171": {
            "year_quarter": 20171,
            "year": 2017,
            "quarter": 1,
            "eps": -0.16,
            "eps_growth_year": -1700,
            "eps_4q": -0.54,
            "eps_4q_growth_year": -839.66,
            "roe": -1.11,
            "roe_4q": -3.81,
            "gross_profit": 70875,
            "gross_margin": 27.55,
            "gross_margin_4q_avg": 29.66,
            "net_income": -30428,
            "net_income_4q": null,
            "revenue": 257280,
            "revenue_4q": null,
            "common_shares": 1779942,
            "book_valuer_per_share": 13.9,
            "book_valuer_per_share_4q_avg": 13.92,
            "equity": 2764459,
            "current_ratio": 129.47,
            "debt_ratio": 39.01,
            "inventory_turnover_ratio": 6.34,
            "account_receivable_turnover_ratio": 1.11,
            "reinvestment_rate": -1333.75,
            "research_to_sale_ratio": null,
            "price_fair": 10.5,
            "eps_avg_yearly": 0.3,
            "eps_latest_yearly": 0.36,
            "eps_growth_yearly": 751.5
        },
        "20172": {
            "year_quarter": 20172,
            "year": 2017,
            "quarter": 2,
            "eps": -0.05,
            "eps_growth_year": -155.56,
            "eps_4q": -0.68,
            "eps_4q_growth_year": -529.04,
            "roe": -0.52,
            "roe_4q": -5.0200000000000005,
            "gross_profit": 82051,
            "gross_margin": 30.64,
            "gross_margin_4q_avg": 29.86,
            "net_income": -14400,
            "net_income_4q": null,
            "revenue": 267834,
            "revenue_4q": null,
            "common_shares": 1779942,
            "book_valuer_per_share": 13.88,
            "book_valuer_per_share_4q_avg": 13.81,
            "equity": 2754355,
            "current_ratio": 126.1,
            "debt_ratio": 39.19,
            "inventory_turnover_ratio": 6.89,
            "account_receivable_turnover_ratio": 1.19,
            "reinvestment_rate": -765.5,
            "research_to_sale_ratio": null,
            "price_fair": 10.5,
            "eps_avg_yearly": 0.3,
            "eps_latest_yearly": 0.36,
            "eps_growth_yearly": 751.5
        },
        "20173": {
            "year_quarter": 20173,
            "year": 2017,
            "quarter": 3,
            "eps": 0.27,
            "eps_growth_year": null,
            "eps_4q": -0.32,
            "eps_4q_growth_year": null,
            "roe": 1.75,
            "roe_4q": -1.6900000000000002,
            "gross_profit": 76797,
            "gross_margin": 29.36,
            "gross_margin_4q_avg": 30.1,
            "net_income": 48491,
            "net_income_4q": null,
            "revenue": 261527,
            "revenue_4q": null,
            "common_shares": 1779942,
            "book_valuer_per_share": 14.1,
            "book_valuer_per_share_4q_avg": 13.87,
            "equity": 2794045,
            "current_ratio": 130.37,
            "debt_ratio": 36.77,
            "inventory_turnover_ratio": 6.84,
            "account_receivable_turnover_ratio": 1.14,
            "reinvestment_rate": -468.4,
            "research_to_sale_ratio": null,
            "price_fair": 10.5,
            "eps_avg_yearly": 0.3,
            "eps_latest_yearly": 0.36,
            "eps_growth_yearly": 751.5
        },
        "20174": {
            "year_quarter": 20174,
            "year": 2017,
            "quarter": 4,
            "eps": -0.01,
            "eps_growth_year": null,
            "eps_4q": 0.06,
            "eps_4q_growth_year": null,
            "roe": -0.07,
            "roe_4q": 0.04999999999999982,
            "gross_profit": 64005,
            "gross_margin": 26.62,
            "gross_margin_4q_avg": 28.54,
            "net_income": -1843,
            "net_income_4q": null,
            "revenue": 240417,
            "revenue_4q": null,
            "common_shares": 1779942,
            "book_valuer_per_share": 14.17,
            "book_valuer_per_share_4q_avg": 14.01,
            "equity": 2792784,
            "current_ratio": 134.36,
            "debt_ratio": 36.29,
            "inventory_turnover_ratio": 6.5,
            "account_receivable_turnover_ratio": 0.97,
            "reinvestment_rate": -793.45,
            "research_to_sale_ratio": null,
            "price_fair": 10.5,
            "eps_avg_yearly": 0.3,
            "eps_latest_yearly": 0.36,
            "eps_growth_yearly": 751.5
        },
        "20181": {
            "year_quarter": 20181,
            "year": 2018,
            "quarter": 1,
            "eps": 0.18,
            "eps_growth_year": null,
            "eps_4q": 0.39,
            "eps_4q_growth_year": null,
            "roe": 1.26,
            "roe_4q": 2.42,
            "gross_profit": 51379,
            "gross_margin": 23.59,
            "gross_margin_4q_avg": 27.55,
            "net_income": 35770,
            "net_income_4q": null,
            "revenue": 217798,
            "revenue_4q": null,
            "common_shares": 1779942,
            "book_valuer_per_share": 14.69,
            "book_valuer_per_share_4q_avg": 14.21,
            "equity": 2886858,
            "current_ratio": 136.19,
            "debt_ratio": 34.63,
            "inventory_turnover_ratio": 6.12,
            "account_receivable_turnover_ratio": 0.84,
            "reinvestment_rate": -608.75,
            "research_to_sale_ratio": null,
            "price_fair": 13.53,
            "eps_avg_yearly": 0.39,
            "eps_latest_yearly": 0.36,
            "eps_growth_yearly": 1132.16
        },
        "20182": {
            "year_quarter": 20182,
            "year": 2018,
            "quarter": 2,
            "eps": -0.16,
            "eps_growth_year": null,
            "eps_4q": 0.28,
            "eps_4q_growth_year": null,
            "roe": -1,
            "roe_4q": 1.94,
            "gross_profit": 52586,
            "gross_margin": 21.97,
            "gross_margin_4q_avg": 25.39,
            "net_income": -28662,
            "net_income_4q": null,
            "revenue": 239370,
            "revenue_4q": null,
            "common_shares": 1779942,
            "book_valuer_per_share": 14.45,
            "book_valuer_per_share_4q_avg": 14.35,
            "equity": 2837608,
            "current_ratio": 133.64,
            "debt_ratio": 34.54,
            "inventory_turnover_ratio": 6.96,
            "account_receivable_turnover_ratio": 0.99,
            "reinvestment_rate": -858.58,
            "research_to_sale_ratio": null,
            "price_fair": 13.53,
            "eps_avg_yearly": 0.39,
            "eps_latest_yearly": 0.36,
            "eps_growth_yearly": 1132.16
        },
        "20183": {
            "year_quarter": 20183,
            "year": 2018,
            "quarter": 3,
            "eps": 0.09,
            "eps_growth_year": -66.67,
            "eps_4q": 0.1,
            "eps_4q_growth_year": null,
            "roe": 0.51,
            "roe_4q": 0.7,
            "gross_profit": 51843,
            "gross_margin": 21.5,
            "gross_margin_4q_avg": 23.42,
            "net_income": 14639,
            "net_income_4q": null,
            "revenue": 241186,
            "revenue_4q": null,
            "common_shares": 1779942,
            "book_valuer_per_share": 14.53,
            "book_valuer_per_share_4q_avg": 14.46,
            "equity": 2849784,
            "current_ratio": 135.52,
            "debt_ratio": 33.72,
            "inventory_turnover_ratio": 7.25,
            "account_receivable_turnover_ratio": 1.06,
            "reinvestment_rate": -5650.35,
            "research_to_sale_ratio": null,
            "price_fair": 13.53,
            "eps_avg_yearly": 0.39,
            "eps_latest_yearly": 0.36,
            "eps_growth_yearly": 1132.16
        },
        "20184": {
            "year_quarter": 20184,
            "year": 2018,
            "quarter": 4,
            "eps": 0.18,
            "eps_growth_year": null,
            "eps_4q": 0.29,
            "eps_4q_growth_year": 416.56,
            "roe": 1.02,
            "roe_4q": 1.79,
            "gross_profit": 64631,
            "gross_margin": 27.01,
            "gross_margin_4q_avg": 23.52,
            "net_income": 28849,
            "net_income_4q": null,
            "revenue": 239325,
            "revenue_4q": null,
            "common_shares": 1779942,
            "book_valuer_per_share": 14.44,
            "book_valuer_per_share_4q_avg": 14.53,
            "equity": 2826855,
            "current_ratio": 150.47,
            "debt_ratio": 34.6,
            "inventory_turnover_ratio": 6.83,
            "account_receivable_turnover_ratio": 1.08,
            "reinvestment_rate": -1629,
            "research_to_sale_ratio": null,
            "price_fair": 19.13,
            "eps_avg_yearly": 0.55,
            "eps_latest_yearly": 0.72,
            "eps_growth_yearly": 1377.78
        },
        "20191": {
            "year_quarter": 20191,
            "year": 2019,
            "quarter": 1,
            "eps": 0.15,
            "eps_growth_year": -16.67,
            "eps_4q": 0.26,
            "eps_4q_growth_year": -33.7,
            "roe": 0.91,
            "roe_4q": 1.4400000000000004,
            "gross_profit": 52060,
            "gross_margin": 24.01,
            "gross_margin_4q_avg": 23.62,
            "net_income": 25953,
            "net_income_4q": null,
            "revenue": 216858,
            "revenue_4q": null,
            "common_shares": 1779942,
            "book_valuer_per_share": 14.84,
            "book_valuer_per_share_4q_avg": 14.57,
            "equity": 2894778,
            "current_ratio": 157.93,
            "debt_ratio": 40.15,
            "inventory_turnover_ratio": 6.57,
            "account_receivable_turnover_ratio": 1.01,
            "reinvestment_rate": -1619.12,
            "research_to_sale_ratio": null,
            "price_fair": 19.6,
            "eps_avg_yearly": 0.56,
            "eps_latest_yearly": 0.6,
            "eps_growth_yearly": 1177.78
        },
        "20192": {
            "year_quarter": 20192,
            "year": 2019,
            "quarter": 2,
            "eps": 0.13,
            "eps_growth_year": null,
            "eps_4q": 0.56,
            "eps_4q_growth_year": 97.24,
            "roe": 0.88,
            "roe_4q": 3.3200000000000003,
            "gross_profit": 59960,
            "gross_margin": 25.85,
            "gross_margin_4q_avg": 24.59,
            "net_income": 25273,
            "net_income_4q": null,
            "revenue": 231930,
            "revenue_4q": null,
            "common_shares": 1779942,
            "book_valuer_per_share": 14.69,
            "book_valuer_per_share_4q_avg": 14.63,
            "equity": 2842309,
            "current_ratio": 141.6,
            "debt_ratio": 40.95,
            "inventory_turnover_ratio": 6.45,
            "account_receivable_turnover_ratio": 1.1,
            "reinvestment_rate": -943.52,
            "research_to_sale_ratio": null,
            "price_fair": 19.25,
            "eps_avg_yearly": 0.55,
            "eps_latest_yearly": 0.52,
            "eps_growth_yearly": 870
        },
        "20193": {
            "year_quarter": 20193,
            "year": 2019,
            "quarter": 3,
            "eps": 0.02,
            "eps_growth_year": -77.78,
            "eps_4q": 0.49,
            "eps_4q_growth_year": 390.29,
            "roe": 0.11,
            "roe_4q": 2.92,
            "gross_profit": 56407,
            "gross_margin": 25.07,
            "gross_margin_4q_avg": 25.49,
            "net_income": 3126,
            "net_income_4q": null,
            "revenue": 224956,
            "revenue_4q": null,
            "common_shares": 1759942,
            "book_valuer_per_share": 14.73,
            "book_valuer_per_share_4q_avg": 14.68,
            "equity": 2847155,
            "current_ratio": 147.06,
            "debt_ratio": 40.66,
            "inventory_turnover_ratio": 5.97,
            "account_receivable_turnover_ratio": 1.05,
            "reinvestment_rate": -1979.19,
            "research_to_sale_ratio": null,
            "price_fair": 15.96,
            "eps_avg_yearly": 0.46,
            "eps_latest_yearly": 0.08,
            "eps_growth_yearly": 628.31
        },
        "20194": {
            "year_quarter": 20194,
            "year": 2019,
            "quarter": 4,
            "eps": -1.02,
            "eps_growth_year": -657.76,
            "eps_4q": -0.71,
            "eps_4q_growth_year": -345.49,
            "roe": -6.3,
            "roe_4q": -4.3999999999999995,
            "gross_profit": 53166,
            "gross_margin": 23.2,
            "gross_margin_4q_avg": 24.53,
            "net_income": -174507,
            "net_income_4q": null,
            "revenue": 229138,
            "revenue_4q": null,
            "common_shares": 1759942,
            "book_valuer_per_share": 13.84,
            "book_valuer_per_share_4q_avg": 14.53,
            "equity": 2695819,
            "current_ratio": 143,
            "debt_ratio": 42.5,
            "inventory_turnover_ratio": 7.5,
            "account_receivable_turnover_ratio": 1.08,
            "reinvestment_rate": null,
            "research_to_sale_ratio": null,
            "price_fair": 15.96,
            "eps_avg_yearly": 0.46,
            "eps_latest_yearly": 0.08,
            "eps_growth_yearly": 628.31
        },
        "20201": {
            "year_quarter": 20201,
            "year": 2020,
            "quarter": 1,
            "eps": -0.25,
            "eps_growth_year": -266.67,
            "eps_4q": -1.13,
            "eps_4q_growth_year": -533.87,
            "roe": -1.9,
            "roe_4q": -7.21,
            "gross_profit": 12109,
            "gross_margin": 7.59,
            "gross_margin_4q_avg": 20.43,
            "net_income": -50165,
            "net_income_4q": null,
            "revenue": 159605,
            "revenue_4q": null,
            "common_shares": 1759942,
            "book_valuer_per_share": 13.46,
            "book_valuer_per_share_4q_avg": 14.18,
            "equity": 2582260,
            "current_ratio": 132.35,
            "debt_ratio": 43.18,
            "inventory_turnover_ratio": 2.63,
            "account_receivable_turnover_ratio": 0.81,
            "reinvestment_rate": null,
            "research_to_sale_ratio": null,
            "price_fair": 15.96,
            "eps_avg_yearly": 0.46,
            "eps_latest_yearly": 0.08,
            "eps_growth_yearly": 628.31
        },
        "20202": {
            "year_quarter": 20202,
            "year": 2020,
            "quarter": 2,
            "eps": 0.25,
            "eps_growth_year": 92.31,
            "eps_4q": -1.02,
            "eps_4q_growth_year": -281.34,
            "roe": 1.57,
            "roe_4q": -6.52,
            "gross_profit": 8435,
            "gross_margin": 6.22,
            "gross_margin_4q_avg": 15.52,
            "net_income": 41275,
            "net_income_4q": null,
            "revenue": 135593,
            "revenue_4q": null,
            "common_shares": 1729942,
            "book_valuer_per_share": 14.06,
            "book_valuer_per_share_4q_avg": 14.02,
            "equity": 2679411,
            "current_ratio": 139.11,
            "debt_ratio": 42.54,
            "inventory_turnover_ratio": 1.38,
            "account_receivable_turnover_ratio": 0.76,
            "reinvestment_rate": null,
            "research_to_sale_ratio": null,
            "price_fair": 1.44,
            "eps_avg_yearly": 0.48,
            "eps_latest_yearly": 0.08,
            "eps_growth_yearly": -14.62
        },
        "20203": {
            "year_quarter": 20203,
            "year": 2020,
            "quarter": 3,
            "eps": -1.34,
            "eps_growth_year": -6800,
            "eps_4q": -2.38,
            "eps_4q_growth_year": -585.58,
            "roe": -12.59,
            "roe_4q": -19.22,
            "gross_profit": 16209,
            "gross_margin": 10.75,
            "gross_margin_4q_avg": 11.94,
            "net_income": -318056,
            "net_income_4q": null,
            "revenue": 150838,
            "revenue_4q": null,
            "common_shares": 1729942,
            "book_valuer_per_share": 12.79,
            "book_valuer_per_share_4q_avg": 13.54,
            "equity": 2374117,
            "current_ratio": 140.79,
            "debt_ratio": 44.25,
            "inventory_turnover_ratio": 1.47,
            "account_receivable_turnover_ratio": 0.86,
            "reinvestment_rate": null,
            "research_to_sale_ratio": null,
            "price_fair": 1.44,
            "eps_avg_yearly": 0.48,
            "eps_latest_yearly": 0.08,
            "eps_growth_yearly": -14.62
        },
        "20204": {
            "year_quarter": 20204,
            "year": 2020,
            "quarter": 4,
            "eps": 1.25,
            "eps_growth_year": null,
            "eps_4q": -0.1,
            "eps_4q_growth_year": null,
            "roe": 10.43,
            "roe_4q": -2.49,
            "gross_profit": 8960,
            "gross_margin": 5.61,
            "gross_margin_4q_avg": 7.54,
            "net_income": 265964,
            "net_income_4q": null,
            "revenue": 159788,
            "revenue_4q": null,
            "common_shares": 1729942,
            "book_valuer_per_share": 14.61,
            "book_valuer_per_share_4q_avg": 13.73,
            "equity": 2723969,
            "current_ratio": 199.33,
            "debt_ratio": 39.84,
            "inventory_turnover_ratio": 1.15,
            "account_receivable_turnover_ratio": 1.02,
            "reinvestment_rate": null,
            "research_to_sale_ratio": null,
            "price_fair": 1.44,
            "eps_avg_yearly": 0.48,
            "eps_latest_yearly": 0.08,
            "eps_growth_yearly": -14.62
        },
        "20211": {
            "year_quarter": 20211,
            "year": 2021,
            "quarter": 1,
            "eps": 0.44,
            "eps_growth_year": null,
            "eps_4q": 0.59,
            "eps_4q_growth_year": null,
            "roe": 2.71,
            "roe_4q": 2.120000000000001,
            "gross_profit": 21656,
            "gross_margin": 13.26,
            "gross_margin_4q_avg": 8.96,
            "net_income": 76898,
            "net_income_4q": null,
            "revenue": 163324,
            "revenue_4q": null,
            "common_shares": 1718202,
            "book_valuer_per_share": 15.94,
            "book_valuer_per_share_4q_avg": 14.35,
            "equity": 2951740,
            "current_ratio": 243.28,
            "debt_ratio": 32.33,
            "inventory_turnover_ratio": 0.84,
            "account_receivable_turnover_ratio": 1.19,
            "reinvestment_rate": -2781.77,
            "research_to_sale_ratio": null,
            "price_fair": 2.21,
            "eps_avg_yearly": 0.74,
            "eps_latest_yearly": 1.76,
            "eps_growth_yearly": -63.53
        },
        "20212": {
            "year_quarter": 20212,
            "year": 2021,
            "quarter": 2,
            "eps": 2.05,
            "eps_growth_year": 720,
            "eps_4q": 2.39,
            "eps_4q_growth_year": null,
            "roe": 11.02,
            "roe_4q": 11.57,
            "gross_profit": 17204,
            "gross_margin": 10.03,
            "gross_margin_4q_avg": 9.91,
            "net_income": 355144,
            "net_income_4q": null,
            "revenue": 171474,
            "revenue_4q": null,
            "common_shares": 1718202,
            "book_valuer_per_share": 19.1,
            "book_valuer_per_share_4q_avg": 15.61,
            "equity": 3495493,
            "current_ratio": 544.37,
            "debt_ratio": 23.17,
            "inventory_turnover_ratio": 0.91,
            "account_receivable_turnover_ratio": 1.16,
            "reinvestment_rate": -321.42,
            "research_to_sale_ratio": null,
            "price_fair": 69.3,
            "eps_avg_yearly": 1.98,
            "eps_latest_yearly": 8.2,
            "eps_growth_yearly": 191
        },
        "20213": {
            "year_quarter": 20213,
            "year": 2021,
            "quarter": 3,
            "eps": -0.95,
            "eps_growth_year": null,
            "eps_4q": 2.79,
            "eps_4q_growth_year": null,
            "roe": -4.61,
            "roe_4q": 19.549999999999997,
            "gross_profit": 61971,
            "gross_margin": 28.23,
            "gross_margin_4q_avg": 14.28,
            "net_income": -154794,
            "net_income_4q": null,
            "revenue": 219536,
            "revenue_4q": null,
            "common_shares": 1718202,
            "book_valuer_per_share": 17.45,
            "book_valuer_per_share_4q_avg": 16.78,
            "equity": 3220101,
            "current_ratio": 507.95,
            "debt_ratio": 25.01,
            "inventory_turnover_ratio": 0.93,
            "account_receivable_turnover_ratio": 1.38,
            "reinvestment_rate": -684.5,
            "research_to_sale_ratio": null,
            "price_fair": 69.3,
            "eps_avg_yearly": 1.98,
            "eps_latest_yearly": 8.2,
            "eps_growth_yearly": 191
        },
        "20214": {
            "year_quarter": 20214,
            "year": 2021,
            "quarter": 4,
            "eps": 0.15,
            "eps_growth_year": -87.78,
            "eps_4q": 1.69,
            "eps_4q_growth_year": null,
            "roe": 1.17,
            "roe_4q": 10.29,
            "gross_profit": 56473,
            "gross_margin": 23.78,
            "gross_margin_4q_avg": 18.83,
            "net_income": 38032,
            "net_income_4q": null,
            "revenue": 237501,
            "revenue_4q": null,
            "common_shares": 1718202,
            "book_valuer_per_share": 17.64,
            "book_valuer_per_share_4q_avg": 17.53,
            "equity": 3271454,
            "current_ratio": 669.15,
            "debt_ratio": 22.72,
            "inventory_turnover_ratio": 1.07,
            "account_receivable_turnover_ratio": 1.43,
            "reinvestment_rate": -562.97,
            "research_to_sale_ratio": null,
            "price_fair": 69.3,
            "eps_avg_yearly": 1.98,
            "eps_latest_yearly": 8.2,
            "eps_growth_yearly": 191
        },
        "20221": {
            "year_quarter": 20221,
            "year": 2022,
            "quarter": 1,
            "eps": 0.19,
            "eps_growth_year": -56.82,
            "eps_4q": 1.44,
            "eps_4q_growth_year": 144.91,
            "roe": 1.26,
            "roe_4q": 8.84,
            "gross_profit": 53663,
            "gross_margin": 25.79,
            "gross_margin_4q_avg": 21.96,
            "net_income": 40527,
            "net_income_4q": null,
            "revenue": 208058,
            "revenue_4q": null,
            "common_shares": 1718202,
            "book_valuer_per_share": 17,
            "book_valuer_per_share_4q_avg": 17.8,
            "equity": 3170553,
            "current_ratio": 531.3,
            "debt_ratio": 25.02,
            "inventory_turnover_ratio": 0.91,
            "account_receivable_turnover_ratio": 1.27,
            "reinvestment_rate": -515.08,
            "research_to_sale_ratio": null,
            "price_fair": 63.2,
            "eps_avg_yearly": 1.81,
            "eps_latest_yearly": 0.76,
            "eps_growth_yearly": 178.95
        },
        "20222": {
            "year_quarter": 20222,
            "year": 2022,
            "quarter": 2,
            "eps": -2.11,
            "eps_growth_year": -202.93,
            "eps_4q": -2.47,
            "eps_4q_growth_year": -203.31,
            "roe": -12.26,
            "roe_4q": -14.440000000000001,
            "gross_profit": 49534,
            "gross_margin": 24.55,
            "gross_margin_4q_avg": 25.59,
            "net_income": -357884,
            "net_income_4q": null,
            "revenue": 201735,
            "revenue_4q": null,
            "common_shares": 1718202,
            "book_valuer_per_share": 14.15,
            "book_valuer_per_share_4q_avg": 16.56,
            "equity": 2668785,
            "current_ratio": 448.23,
            "debt_ratio": 28.48,
            "inventory_turnover_ratio": 0.91,
            "account_receivable_turnover_ratio": 1.19,
            "reinvestment_rate": null,
            "research_to_sale_ratio": null,
            "price_fair": 63.2,
            "eps_avg_yearly": 1.81,
            "eps_latest_yearly": 0.76,
            "eps_growth_yearly": 178.95
        },
        "20223": {
            "year_quarter": 20223,
            "year": 2022,
            "quarter": 3,
            "eps": 0.25,
            "eps_growth_year": null,
            "eps_4q": -1.36,
            "eps_4q_growth_year": -148.57,
            "roe": 2.14,
            "roe_4q": -7.6899999999999995,
            "gross_profit": 51552,
            "gross_margin": 26.27,
            "gross_margin_4q_avg": 25.1,
            "net_income": 57573,
            "net_income_4q": null,
            "revenue": 196264,
            "revenue_4q": null,
            "common_shares": 1890023,
            "book_valuer_per_share": 13.01,
            "book_valuer_per_share_4q_avg": 15.45,
            "equity": 2707257,
            "current_ratio": 614.81,
            "debt_ratio": 25.04,
            "inventory_turnover_ratio": 0.87,
            "account_receivable_turnover_ratio": 1.15,
            "reinvestment_rate": null,
            "research_to_sale_ratio": null,
            "price_fair": 63.2,
            "eps_avg_yearly": 1.81,
            "eps_latest_yearly": 0.76,
            "eps_growth_yearly": 178.95
        },
        "20224": {
            "year_quarter": 20224,
            "year": 2022,
            "quarter": 4,
            "eps": 0.12,
            "eps_growth_year": -21.43,
            "eps_4q": -1.37,
            "eps_4q_growth_year": -181.12,
            "roe": 0.54,
            "roe_4q": -8.32,
            "gross_profit": 3415,
            "gross_margin": 2.76,
            "gross_margin_4q_avg": 19.84,
            "net_income": 14622,
            "net_income_4q": null,
            "revenue": 123910,
            "revenue_4q": null,
            "common_shares": 1890023,
            "book_valuer_per_share": 13.09,
            "book_valuer_per_share_4q_avg": 14.31,
            "equity": 2714165,
            "current_ratio": 598.52,
            "debt_ratio": 24.48,
            "inventory_turnover_ratio": 0.72,
            "account_receivable_turnover_ratio": 0.89,
            "reinvestment_rate": null,
            "research_to_sale_ratio": null,
            "price_fair": 62,
            "eps_avg_yearly": 1.77,
            "eps_latest_yearly": 0.48,
            "eps_growth_yearly": 92.09
        },
        "20231": {
            "year_quarter": 20231,
            "year": 2023,
            "quarter": 1,
            "eps": 0.05,
            "eps_growth_year": -73.68,
            "eps_4q": -1.49,
            "eps_4q_growth_year": -203.36,
            "roe": 0.23,
            "roe_4q": -9.35,
            "gross_profit": 13505,
            "gross_margin": 10.39,
            "gross_margin_4q_avg": 15.99,
            "net_income": 6278,
            "net_income_4q": null,
            "revenue": 130000,
            "revenue_4q": null,
            "common_shares": 1890023,
            "book_valuer_per_share": 13.21,
            "book_valuer_per_share_4q_avg": 13.37,
            "equity": 2734042,
            "current_ratio": 528.98,
            "debt_ratio": 25.71,
            "inventory_turnover_ratio": 0.64,
            "account_receivable_turnover_ratio": 1.12,
            "reinvestment_rate": null,
            "research_to_sale_ratio": null,
            "price_fair": 60,
            "eps_avg_yearly": 1.71,
            "eps_latest_yearly": 0.2,
            "eps_growth_yearly": 68.28
        },
        "20232": {
            "year_quarter": 20232,
            "year": 2023,
            "quarter": 2,
            "eps": 0.35,
            "eps_growth_year": null,
            "eps_4q": 0.77,
            "eps_4q_growth_year": null,
            "roe": 2.42,
            "roe_4q": 5.33,
            "gross_profit": 37766,
            "gross_margin": 23.69,
            "gross_margin_4q_avg": 15.78,
            "net_income": 66983,
            "net_income_4q": null,
            "revenue": 159427,
            "revenue_4q": null,
            "common_shares": 1890023,
            "book_valuer_per_share": 13.58,
            "book_valuer_per_share_4q_avg": 13.22,
            "equity": 2793353,
            "current_ratio": 403.32,
            "debt_ratio": 28.39,
            "inventory_turnover_ratio": 0.62,
            "account_receivable_turnover_ratio": 1.35,
            "reinvestment_rate": null,
            "research_to_sale_ratio": null,
            "price_fair": 64.4,
            "eps_avg_yearly": 1.84,
            "eps_latest_yearly": 1.4,
            "eps_growth_yearly": 418.76
        },
        "20233": {
            "year_quarter": 20233,
            "year": 2023,
            "quarter": 3,
            "eps": 0.97,
            "eps_growth_year": 288,
            "eps_4q": 1.49,
            "eps_4q_growth_year": null,
            "roe": 6.45,
            "roe_4q": 9.64,
            "gross_profit": 45427,
            "gross_margin": 28.38,
            "gross_margin_4q_avg": 16.31,
            "net_income": 186439,
            "net_income_4q": null,
            "revenue": 160050,
            "revenue_4q": null,
            "common_shares": 1890023,
            "book_valuer_per_share": 14.57,
            "book_valuer_per_share_4q_avg": 13.61,
            "equity": 2983759,
            "current_ratio": 495.53,
            "debt_ratio": 25.5,
            "inventory_turnover_ratio": 0.58,
            "account_receivable_turnover_ratio": 1.31,
            "reinvestment_rate": -1059.91,
            "research_to_sale_ratio": null,
            "price_fair": 83.4,
            "eps_avg_yearly": 2.38,
            "eps_latest_yearly": 3.88,
            "eps_growth_yearly": 568.33
        },
        "20234": {
            "year_quarter": 20234,
            "year": 2023,
            "quarter": 4,
            "eps": 1.11,
            "eps_growth_year": 825.1,
            "eps_4q": 2.48,
            "eps_4q_growth_year": null,
            "roe": 6.95,
            "roe_4q": 16.05,
            "gross_profit": 49181,
            "gross_margin": 29.3,
            "gross_margin_4q_avg": 22.94,
            "net_income": 216131,
            "net_income_4q": null,
            "revenue": 167850,
            "revenue_4q": null,
            "common_shares": 1890023,
            "book_valuer_per_share": 15.88,
            "book_valuer_per_share_4q_avg": 14.31,
            "equity": 3239025,
            "current_ratio": 635.98,
            "debt_ratio": 22.87,
            "inventory_turnover_ratio": 0.61,
            "account_receivable_turnover_ratio": 1.07,
            "reinvestment_rate": -205.86,
            "research_to_sale_ratio": null,
            "price_fair": 92.4,
            "eps_avg_yearly": 2.64,
            "eps_latest_yearly": 4.44,
            "eps_growth_yearly": 504.51
        }
    },
    "months": {
        "2001-06": {
            "month": "2001-06",
            "price": "6.22",
            "revenue": 86262
        },
        "2001-07": {
            "month": "2001-07",
            "price": "4.89",
            "revenue": 87728
        },
        "2001-08": {
            "month": "2001-08",
            "price": "5.08",
            "revenue": 89838
        },
        "2001-09": {
            "month": "2001-09",
            "price": "4.77",
            "revenue": 82803
        },
        "2001-10": {
            "month": "2001-10",
            "price": "4.26",
            "revenue": 98064
        },
        "2001-11": {
            "month": "2001-11",
            "price": "4.22",
            "revenue": 92549
        },
        "2001-12": {
            "month": "2001-12",
            "price": "4.64",
            "revenue": 101611
        },
        "2002-01": {
            "month": "2002-01",
            "price": "5.60",
            "revenue": 102727
        },
        "2002-02": {
            "month": "2002-02",
            "price": "5.72",
            "revenue": 92726
        },
        "2002-03": {
            "month": "2002-03",
            "price": "6.27",
            "revenue": 120733
        },
        "2002-04": {
            "month": "2002-04",
            "price": "7.56",
            "revenue": 123698
        },
        "2002-05": {
            "month": "2002-05",
            "price": "7.44",
            "revenue": 126573
        },
        "2002-06": {
            "month": "2002-06",
            "price": "7.35",
            "revenue": 119253
        },
        "2002-07": {
            "month": "2002-07",
            "price": "8.33",
            "revenue": 134560
        },
        "2002-08": {
            "month": "2002-08",
            "price": "8.01",
            "revenue": 130854
        },
        "2002-09": {
            "month": "2002-09",
            "price": "7.80",
            "revenue": 180753
        },
        "2002-10": {
            "month": "2002-10",
            "price": "7.63",
            "revenue": 313643
        },
        "2002-11": {
            "month": "2002-11",
            "price": "8.27",
            "revenue": 479935
        },
        "2002-12": {
            "month": "2002-12",
            "price": "7.85",
            "revenue": 130354
        },
        "2003-01": {
            "month": "2003-01",
            "price": "7.99",
            "revenue": 131528
        },
        "2003-02": {
            "month": "2003-02",
            "price": "7.46",
            "revenue": 124959
        },
        "2003-03": {
            "month": "2003-03",
            "price": "7.16",
            "revenue": 205855
        },
        "2003-04": {
            "month": "2003-04",
            "price": "6.87",
            "revenue": 157885
        },
        "2003-05": {
            "month": "2003-05",
            "price": "6.44",
            "revenue": 136596
        },
        "2003-06": {
            "month": "2003-06",
            "price": "6.93",
            "revenue": 123531
        },
        "2003-07": {
            "month": "2003-07",
            "price": "7.20",
            "revenue": 190330
        },
        "2003-08": {
            "month": "2003-08",
            "price": "6.80",
            "revenue": 126045
        },
        "2003-09": {
            "month": "2003-09",
            "price": "6.83",
            "revenue": 133928
        },
        "2003-10": {
            "month": "2003-10",
            "price": "7.36",
            "revenue": 133618
        },
        "2003-11": {
            "month": "2003-11",
            "price": "7.54",
            "revenue": 131690
        },
        "2003-12": {
            "month": "2003-12",
            "price": "7.42",
            "revenue": 480270
        },
        "2004-01": {
            "month": "2004-01",
            "price": "8.28",
            "revenue": 123685
        },
        "2004-02": {
            "month": "2004-02",
            "price": "10.07",
            "revenue": 127505
        },
        "2004-03": {
            "month": "2004-03",
            "price": "10.18",
            "revenue": 148267
        },
        "2004-04": {
            "month": "2004-04",
            "price": "9.53",
            "revenue": 148141
        },
        "2004-05": {
            "month": "2004-05",
            "price": "8.07",
            "revenue": 142622
        },
        "2004-06": {
            "month": "2004-06",
            "price": "7.89",
            "revenue": 132794
        },
        "2004-07": {
            "month": "2004-07",
            "price": "7.57",
            "revenue": 164035
        },
        "2004-08": {
            "month": "2004-08",
            "price": "6.97",
            "revenue": 134635
        },
        "2004-09": {
            "month": "2004-09",
            "price": "7.46",
            "revenue": 147024
        },
        "2004-10": {
            "month": "2004-10",
            "price": "8.69",
            "revenue": 130025
        },
        "2004-11": {
            "month": "2004-11",
            "price": "8.68",
            "revenue": 81708
        },
        "2004-12": {
            "month": "2004-12",
            "price": "8.56",
            "revenue": 95586
        },
        "2005-01": {
            "month": "2005-01",
            "price": "8.50",
            "revenue": 57637
        },
        "2005-02": {
            "month": "2005-02",
            "price": "8.26",
            "revenue": 44979
        },
        "2005-03": {
            "month": "2005-03",
            "price": "8.11",
            "revenue": 63877
        },
        "2005-04": {
            "month": "2005-04",
            "price": "7.81",
            "revenue": 59288
        },
        "2005-05": {
            "month": "2005-05",
            "price": "8.25",
            "revenue": 60223
        },
        "2005-06": {
            "month": "2005-06",
            "price": "8.69",
            "revenue": 60194
        },
        "2005-07": {
            "month": "2005-07",
            "price": "8.87",
            "revenue": 57414
        },
        "2005-08": {
            "month": "2005-08",
            "price": "8.61",
            "revenue": 64353
        },
        "2005-09": {
            "month": "2005-09",
            "price": "7.89",
            "revenue": 56971
        },
        "2005-10": {
            "month": "2005-10",
            "price": "7.55",
            "revenue": 60426
        },
        "2005-11": {
            "month": "2005-11",
            "price": "7.51",
            "revenue": 54824
        },
        "2005-12": {
            "month": "2005-12",
            "price": "8.14",
            "revenue": 57231
        },
        "2006-01": {
            "month": "2006-01",
            "price": "8.18",
            "revenue": 53727
        },
        "2006-02": {
            "month": "2006-02",
            "price": "8.62",
            "revenue": 46221
        },
        "2006-03": {
            "month": "2006-03",
            "price": "8.33",
            "revenue": 59890
        },
        "2006-04": {
            "month": "2006-04",
            "price": "8.65",
            "revenue": 58343
        },
        "2006-05": {
            "month": "2006-05",
            "price": "12.65",
            "revenue": 59990
        },
        "2006-06": {
            "month": "2006-06",
            "price": "13.99",
            "revenue": 59747
        },
        "2006-07": {
            "month": "2006-07",
            "price": "13.51",
            "revenue": 62122
        },
        "2006-08": {
            "month": "2006-08",
            "price": "12.84",
            "revenue": 64213
        },
        "2006-09": {
            "month": "2006-09",
            "price": "11.96",
            "revenue": 60964
        },
        "2006-10": {
            "month": "2006-10",
            "price": "12.68",
            "revenue": 833524
        },
        "2006-11": {
            "month": "2006-11",
            "price": "13.60",
            "revenue": 52682
        },
        "2006-12": {
            "month": "2006-12",
            "price": "17.96",
            "revenue": 56063
        },
        "2007-01": {
            "month": "2007-01",
            "price": "16.88",
            "revenue": 53329
        },
        "2007-02": {
            "month": "2007-02",
            "price": "19.28",
            "revenue": 42165
        },
        "2007-03": {
            "month": "2007-03",
            "price": "20.41",
            "revenue": 51888
        },
        "2007-04": {
            "month": "2007-04",
            "price": "20.35",
            "revenue": 50241
        },
        "2007-05": {
            "month": "2007-05",
            "price": "19.07",
            "revenue": 51463
        },
        "2007-06": {
            "month": "2007-06",
            "price": "19.82",
            "revenue": 50149
        },
        "2007-07": {
            "month": "2007-07",
            "price": "23.96",
            "revenue": 435798
        },
        "2007-08": {
            "month": "2007-08",
            "price": "22.43",
            "revenue": 54960
        },
        "2007-09": {
            "month": "2007-09",
            "price": "19.58",
            "revenue": 51475
        },
        "2007-10": {
            "month": "2007-10",
            "price": "19.35",
            "revenue": 485099
        },
        "2007-11": {
            "month": "2007-11",
            "price": "18.86",
            "revenue": 55182
        },
        "2007-12": {
            "month": "2007-12",
            "price": "17.75",
            "revenue": 55711
        },
        "2008-01": {
            "month": "2008-01",
            "price": "18.27",
            "revenue": 53135
        },
        "2008-02": {
            "month": "2008-02",
            "price": "18.78",
            "revenue": 39706
        },
        "2008-03": {
            "month": "2008-03",
            "price": "21.84",
            "revenue": 58804
        },
        "2008-04": {
            "month": "2008-04",
            "price": "23.86",
            "revenue": 52646
        },
        "2008-05": {
            "month": "2008-05",
            "price": "23.80",
            "revenue": 56895
        },
        "2008-06": {
            "month": "2008-06",
            "price": "21.78",
            "revenue": 60562
        },
        "2008-07": {
            "month": "2008-07",
            "price": "18.01",
            "revenue": 55353
        },
        "2008-08": {
            "month": "2008-08",
            "price": "17.04",
            "revenue": 53667
        },
        "2008-09": {
            "month": "2008-09",
            "price": "14.86",
            "revenue": 54594
        },
        "2008-10": {
            "month": "2008-10",
            "price": "12.75",
            "revenue": 43551
        },
        "2008-11": {
            "month": "2008-11",
            "price": "11.46",
            "revenue": 52426
        },
        "2008-12": {
            "month": "2008-12",
            "price": "11.86",
            "revenue": 467930
        },
        "2009-01": {
            "month": "2009-01",
            "price": "11.48",
            "revenue": 72731
        },
        "2009-02": {
            "month": "2009-02",
            "price": "11.36",
            "revenue": 59982
        },
        "2009-03": {
            "month": "2009-03",
            "price": "12.56",
            "revenue": 68259
        },
        "2009-04": {
            "month": "2009-04",
            "price": "14.49",
            "revenue": 79384
        },
        "2009-05": {
            "month": "2009-05",
            "price": "14.88",
            "revenue": 67442
        },
        "2009-06": {
            "month": "2009-06",
            "price": "14.52",
            "revenue": 68363
        },
        "2009-07": {
            "month": "2009-07",
            "price": "14.58",
            "revenue": 47879
        },
        "2009-08": {
            "month": "2009-08",
            "price": "13.96",
            "revenue": 39809
        },
        "2009-09": {
            "month": "2009-09",
            "price": "13.14",
            "revenue": 46161
        },
        "2009-10": {
            "month": "2009-10",
            "price": "12.58",
            "revenue": 66121
        },
        "2009-11": {
            "month": "2009-11",
            "price": "13.01",
            "revenue": 31517
        },
        "2009-12": {
            "month": "2009-12",
            "price": "14.71",
            "revenue": 602671
        },
        "2010-01": {
            "month": "2010-01",
            "price": "14.12",
            "revenue": 41559
        },
        "2010-02": {
            "month": "2010-02",
            "price": "12.41",
            "revenue": 39735
        },
        "2010-03": {
            "month": "2010-03",
            "price": "13.58",
            "revenue": 42561
        },
        "2010-04": {
            "month": "2010-04",
            "price": "17.29",
            "revenue": 36739
        },
        "2010-05": {
            "month": "2010-05",
            "price": "12.97",
            "revenue": 37788
        },
        "2010-06": {
            "month": "2010-06",
            "price": "12.65",
            "revenue": 30648
        },
        "2010-07": {
            "month": "2010-07",
            "price": "13.95",
            "revenue": 36193
        },
        "2010-08": {
            "month": "2010-08",
            "price": "14.82",
            "revenue": 36352
        },
        "2010-09": {
            "month": "2010-09",
            "price": "15.65",
            "revenue": 33921
        },
        "2010-10": {
            "month": "2010-10",
            "price": "14.45",
            "revenue": 36327
        },
        "2010-11": {
            "month": "2010-11",
            "price": "13.14",
            "revenue": 33916
        },
        "2010-12": {
            "month": "2010-12",
            "price": "14.38",
            "revenue": 36887
        },
        "2011-01": {
            "month": "2011-01",
            "price": "14.83",
            "revenue": 33011
        },
        "2011-02": {
            "month": "2011-02",
            "price": "14.26",
            "revenue": 24116
        },
        "2011-03": {
            "month": "2011-03",
            "price": "13.22",
            "revenue": 35517
        },
        "2011-04": {
            "month": "2011-04",
            "price": "13.08",
            "revenue": 38326
        },
        "2011-05": {
            "month": "2011-05",
            "price": "12.93",
            "revenue": 42743
        },
        "2011-06": {
            "month": "2011-06",
            "price": "13.59",
            "revenue": 35305
        },
        "2011-07": {
            "month": "2011-07",
            "price": "13.16",
            "revenue": 35948
        },
        "2011-08": {
            "month": "2011-08",
            "price": "11.82",
            "revenue": 35333
        },
        "2011-09": {
            "month": "2011-09",
            "price": "10.57",
            "revenue": 43262
        },
        "2011-10": {
            "month": "2011-10",
            "price": "10.13",
            "revenue": 34468
        },
        "2011-11": {
            "month": "2011-11",
            "price": "10.30",
            "revenue": 36871
        },
        "2011-12": {
            "month": "2011-12",
            "price": "10.49",
            "revenue": 63948
        },
        "2012-01": {
            "month": "2012-01",
            "price": "10.38",
            "revenue": 37843
        },
        "2012-02": {
            "month": "2012-02",
            "price": "13.11",
            "revenue": 44117
        },
        "2012-03": {
            "month": "2012-03",
            "price": "15.44",
            "revenue": 45275
        },
        "2012-04": {
            "month": "2012-04",
            "price": "14.68",
            "revenue": 2445197
        },
        "2012-05": {
            "month": "2012-05",
            "price": "15.10",
            "revenue": 39336
        },
        "2012-06": {
            "month": "2012-06",
            "price": "14.31",
            "revenue": 38011
        },
        "2012-07": {
            "month": "2012-07",
            "price": "13.87",
            "revenue": 39632
        },
        "2012-08": {
            "month": "2012-08",
            "price": "14.97",
            "revenue": 38446
        },
        "2012-09": {
            "month": "2012-09",
            "price": "15.58",
            "revenue": 43603
        },
        "2012-10": {
            "month": "2012-10",
            "price": "14.17",
            "revenue": 36830
        },
        "2012-11": {
            "month": "2012-11",
            "price": "14.21",
            "revenue": 39702
        },
        "2012-12": {
            "month": "2012-12",
            "price": "14.71",
            "revenue": 34294
        },
        "2013-01": {
            "month": "2013-01",
            "price": "14.92",
            "revenue": 102433
        },
        "2013-02": {
            "month": "2013-02",
            "price": "14.81",
            "revenue": 109936
        },
        "2013-03": {
            "month": "2013-03",
            "price": "14.85",
            "revenue": 118619
        },
        "2013-04": {
            "month": "2013-04",
            "price": "15.01",
            "revenue": 142977
        },
        "2013-05": {
            "month": "2013-05",
            "price": "14.86",
            "revenue": 119296
        },
        "2013-06": {
            "month": "2013-06",
            "price": "14.58",
            "revenue": 174466
        },
        "2013-07": {
            "month": "2013-07",
            "price": "14.23",
            "revenue": 119736
        },
        "2013-08": {
            "month": "2013-08",
            "price": "13.81",
            "revenue": 119588
        },
        "2013-09": {
            "month": "2013-09",
            "price": "12.35",
            "revenue": 165227
        },
        "2013-10": {
            "month": "2013-10",
            "price": "12.23",
            "revenue": 168850
        },
        "2013-11": {
            "month": "2013-11",
            "price": "11.11",
            "revenue": 118479
        },
        "2013-12": {
            "month": "2013-12",
            "price": "11.24",
            "revenue": 119101
        },
        "2014-01": {
            "month": "2014-01",
            "price": "11.18",
            "revenue": 114136
        },
        "2014-02": {
            "month": "2014-02",
            "price": "10.78",
            "revenue": 97472
        },
        "2014-03": {
            "month": "2014-03",
            "price": "10.86",
            "revenue": 119306
        },
        "2014-04": {
            "month": "2014-04",
            "price": "11.32",
            "revenue": 117179
        },
        "2014-05": {
            "month": "2014-05",
            "price": "10.90",
            "revenue": 116079
        },
        "2014-06": {
            "month": "2014-06",
            "price": "10.70",
            "revenue": 121592
        },
        "2014-07": {
            "month": "2014-07",
            "price": "10.28",
            "revenue": 124688
        },
        "2014-08": {
            "month": "2014-08",
            "price": "10.05",
            "revenue": 126621
        },
        "2014-09": {
            "month": "2014-09",
            "price": "9.95",
            "revenue": 147560
        },
        "2014-10": {
            "month": "2014-10",
            "price": "9.10",
            "revenue": 117147
        },
        "2014-11": {
            "month": "2014-11",
            "price": "8.89",
            "revenue": 103881
        },
        "2014-12": {
            "month": "2014-12",
            "price": "10.18",
            "revenue": 123175
        },
        "2015-01": {
            "month": "2015-01",
            "price": "12.34",
            "revenue": 143878
        },
        "2015-02": {
            "month": "2015-02",
            "price": "10.82",
            "revenue": 110628
        },
        "2015-03": {
            "month": "2015-03",
            "price": "11.19",
            "revenue": 112495
        },
        "2015-04": {
            "month": "2015-04",
            "price": "10.74",
            "revenue": 107011
        },
        "2015-05": {
            "month": "2015-05",
            "price": "9.74",
            "revenue": 112594
        },
        "2015-06": {
            "month": "2015-06",
            "price": "9.14",
            "revenue": 108004
        },
        "2015-07": {
            "month": "2015-07",
            "price": "9.55",
            "revenue": 112537
        },
        "2015-08": {
            "month": "2015-08",
            "price": "8.47",
            "revenue": 112571
        },
        "2015-09": {
            "month": "2015-09",
            "price": "7.68",
            "revenue": 106257
        },
        "2015-10": {
            "month": "2015-10",
            "price": "7.95",
            "revenue": 114446
        },
        "2015-11": {
            "month": "2015-11",
            "price": "7.87",
            "revenue": 109729
        },
        "2015-12": {
            "month": "2015-12",
            "price": "7.78",
            "revenue": 112493
        },
        "2016-01": {
            "month": "2016-01",
            "price": "7.49",
            "revenue": 108378
        },
        "2016-02": {
            "month": "2016-02",
            "price": "7.43",
            "revenue": 92807
        },
        "2016-03": {
            "month": "2016-03",
            "price": "7.75",
            "revenue": 108520
        },
        "2016-04": {
            "month": "2016-04",
            "price": "7.47",
            "revenue": 101666
        },
        "2016-05": {
            "month": "2016-05",
            "price": "7.37",
            "revenue": 108643
        },
        "2016-06": {
            "month": "2016-06",
            "price": "7.33",
            "revenue": 102747
        },
        "2016-07": {
            "month": "2016-07",
            "price": "7.35",
            "revenue": 102654
        },
        "2016-08": {
            "month": "2016-08",
            "price": "7.26",
            "revenue": 108195
        },
        "2016-09": {
            "month": "2016-09",
            "price": "7.04",
            "revenue": 94138
        },
        "2016-10": {
            "month": "2016-10",
            "price": "6.84",
            "revenue": 101872
        },
        "2016-11": {
            "month": "2016-11",
            "price": "6.80",
            "revenue": 95273
        },
        "2016-12": {
            "month": "2016-12",
            "price": "6.81",
            "revenue": 95164
        },
        "2017-01": {
            "month": "2017-01",
            "price": "7.16",
            "revenue": 89533
        },
        "2017-02": {
            "month": "2017-02",
            "price": "7.44",
            "revenue": 73978
        },
        "2017-03": {
            "month": "2017-03",
            "price": "7.24",
            "revenue": 91146
        },
        "2017-04": {
            "month": "2017-04",
            "price": "6.95",
            "revenue": 89256
        },
        "2017-05": {
            "month": "2017-05",
            "price": "6.78",
            "revenue": 92249
        },
        "2017-06": {
            "month": "2017-06",
            "price": "6.81",
            "revenue": 89281
        },
        "2017-07": {
            "month": "2017-07",
            "price": "6.83",
            "revenue": 86300
        },
        "2017-08": {
            "month": "2017-08",
            "price": "6.96",
            "revenue": 87503
        },
        "2017-09": {
            "month": "2017-09",
            "price": "7.10",
            "revenue": 87893
        },
        "2017-10": {
            "month": "2017-10",
            "price": "7.00",
            "revenue": 82636
        },
        "2017-11": {
            "month": "2017-11",
            "price": "6.94",
            "revenue": 78868
        },
        "2017-12": {
            "month": "2017-12",
            "price": "6.98",
            "revenue": 78937
        },
        "2018-01": {
            "month": "2018-01",
            "price": "7.13",
            "revenue": 72117
        },
        "2018-02": {
            "month": "2018-02",
            "price": "6.89",
            "revenue": 65244
        },
        "2018-03": {
            "month": "2018-03",
            "price": "7.26",
            "revenue": 75069
        },
        "2018-04": {
            "month": "2018-04",
            "price": "7.27",
            "revenue": 83364
        },
        "2018-05": {
            "month": "2018-05",
            "price": "7.45",
            "revenue": 82712
        },
        "2018-06": {
            "month": "2018-06",
            "price": "7.92",
            "revenue": 82184
        },
        "2018-07": {
            "month": "2018-07",
            "price": "8.37",
            "revenue": 74954
        },
        "2018-08": {
            "month": "2018-08",
            "price": "7.68",
            "revenue": 82559
        },
        "2018-09": {
            "month": "2018-09",
            "price": "7.42",
            "revenue": 80096
        },
        "2018-10": {
            "month": "2018-10",
            "price": "6.79",
            "revenue": 80610
        },
        "2018-11": {
            "month": "2018-11",
            "price": "6.74",
            "revenue": 79826
        },
        "2018-12": {
            "month": "2018-12",
            "price": "7.05",
            "revenue": 79215
        },
        "2019-01": {
            "month": "2019-01",
            "price": "6.70",
            "revenue": 74898
        },
        "2019-02": {
            "month": "2019-02",
            "price": "6.85",
            "revenue": 63057
        },
        "2019-03": {
            "month": "2019-03",
            "price": "6.99",
            "revenue": 77707
        },
        "2019-04": {
            "month": "2019-04",
            "price": "7.58",
            "revenue": 76420
        },
        "2019-05": {
            "month": "2019-05",
            "price": "7.57",
            "revenue": 79829
        },
        "2019-06": {
            "month": "2019-06",
            "price": "7.77",
            "revenue": 78271
        },
        "2019-07": {
            "month": "2019-07",
            "price": "7.92",
            "revenue": 76224
        },
        "2019-08": {
            "month": "2019-08",
            "price": "7.88",
            "revenue": 77204
        },
        "2019-09": {
            "month": "2019-09",
            "price": "7.42",
            "revenue": 68985
        },
        "2019-10": {
            "month": "2019-10",
            "price": "7.32",
            "revenue": 74554
        },
        "2019-11": {
            "month": "2019-11",
            "price": "7.28",
            "revenue": 78942
        },
        "2019-12": {
            "month": "2019-12",
            "price": "7.08",
            "revenue": 74327
        },
        "2020-01": {
            "month": "2020-01",
            "price": "6.89",
            "revenue": 62537
        },
        "2020-02": {
            "month": "2020-02",
            "price": "6.80",
            "revenue": 48835
        },
        "2020-03": {
            "month": "2020-03",
            "price": "6.37",
            "revenue": 46268
        },
        "2020-04": {
            "month": "2020-04",
            "price": "5.89",
            "revenue": 44005
        },
        "2020-05": {
            "month": "2020-05",
            "price": "6.10",
            "revenue": 44394
        },
        "2020-06": {
            "month": "2020-06",
            "price": "6.56",
            "revenue": 49097
        },
        "2020-07": {
            "month": "2020-07",
            "price": "6.76",
            "revenue": 48917
        },
        "2020-08": {
            "month": "2020-08",
            "price": "6.77",
            "revenue": 50094
        },
        "2020-09": {
            "month": "2020-09",
            "price": "7.27",
            "revenue": 50636
        },
        "2020-10": {
            "month": "2020-10",
            "price": "7.15",
            "revenue": 52098
        },
        "2020-11": {
            "month": "2020-11",
            "price": "7.20",
            "revenue": 52411
        },
        "2020-12": {
            "month": "2020-12",
            "price": "8.54",
            "revenue": 57481
        },
        "2021-01": {
            "month": "2021-01",
            "price": "11.33",
            "revenue": 60004
        },
        "2021-02": {
            "month": "2021-02",
            "price": "9.74",
            "revenue": 48528
        },
        "2021-03": {
            "month": "2021-03",
            "price": "11.89",
            "revenue": 51780
        },
        "2021-04": {
            "month": "2021-04",
            "price": "16.33",
            "revenue": 63542
        },
        "2021-05": {
            "month": "2021-05",
            "price": "16.97",
            "revenue": 59360
        },
        "2021-06": {
            "month": "2021-06",
            "price": "23.95",
            "revenue": 54380
        },
        "2021-07": {
            "month": "2021-07",
            "price": "34.40",
            "revenue": 64574
        },
        "2021-08": {
            "month": "2021-08",
            "price": "29.99",
            "revenue": 76054
        },
        "2021-09": {
            "month": "2021-09",
            "price": "27.73",
            "revenue": 74110
        },
        "2021-10": {
            "month": "2021-10",
            "price": "21.94",
            "revenue": 80902
        },
        "2021-11": {
            "month": "2021-11",
            "price": "20.92",
            "revenue": 79111
        },
        "2021-12": {
            "month": "2021-12",
            "price": "20.33",
            "revenue": 80424
        },
        "2022-01": {
            "month": "2022-01",
            "price": "18.36",
            "revenue": 79521
        },
        "2022-02": {
            "month": "2022-02",
            "price": "19.80",
            "revenue": 62273
        },
        "2022-03": {
            "month": "2022-03",
            "price": "23.97",
            "revenue": 65618
        },
        "2022-04": {
            "month": "2022-04",
            "price": "24.01",
            "revenue": 70924
        },
        "2022-05": {
            "month": "2022-05",
            "price": "22.64",
            "revenue": 68443
        },
        "2022-06": {
            "month": "2022-06",
            "price": "20.69",
            "revenue": 64864
        },
        "2022-07": {
            "month": "2022-07",
            "price": "18.74",
            "revenue": 66758
        },
        "2022-08": {
            "month": "2022-08",
            "price": "18.07",
            "revenue": 65992
        },
        "2022-09": {
            "month": "2022-09",
            "price": "14.85",
            "revenue": 60455
        },
        "2022-10": {
            "month": "2022-10",
            "price": "12.86",
            "revenue": 48745
        },
        "2022-11": {
            "month": "2022-11",
            "price": "13.07",
            "revenue": 39876
        },
        "2022-12": {
            "month": "2022-12",
            "price": "13.74",
            "revenue": 36499
        },
        "2023-01": {
            "month": "2023-01",
            "price": "13.30",
            "revenue": 32547
        },
        "2023-02": {
            "month": "2023-02",
            "price": "13.61",
            "revenue": 43908
        },
        "2023-03": {
            "month": "2023-03",
            "price": "14.08",
            "revenue": 53545
        },
        "2023-04": {
            "month": "2023-04",
            "price": "13.45",
            "revenue": 50831
        },
        "2023-05": {
            "month": "2023-05",
            "price": "13.10",
            "revenue": 55343
        },
        "2023-06": {
            "month": "2023-06",
            "price": "13.76",
            "revenue": 53253
        },
        "2023-07": {
            "month": "2023-07",
            "price": "12.89",
            "revenue": 53467
        },
        "2023-08": {
            "month": "2023-08",
            "price": "12.94",
            "revenue": 53170
        },
        "2023-09": {
            "month": "2023-09",
            "price": "12.97",
            "revenue": 53413
        },
        "2023-10": {
            "month": "2023-10",
            "price": "12.60",
            "revenue": 50140
        },
        "2023-11": {
            "month": "2023-11",
            "price": "13.33",
            "revenue": 55021
        },
        "2023-12": {
            "month": "2023-12",
            "price": "16.67",
            "revenue": 62689
        }
    }
}
