{
    "summary": {
        "stock_name": "中航",
        "stock_id": "2612",
        "category": "航運",
        "main_business": "散裝貨輪運輸業(百分之百轉投資海外子公司)<br>汽車貨櫃貨運業<br>民用航空總代理",
        "website_url": "http://www.cmt.tw",
        "ceo": "戴聖堅",
        "pe_ratio": 11,
        "report_year_from": 2001,
        "report_year_to": 2023,
        "age": 22,
        "eps_negative_percentage": 4,
        "eps_growth_avg": {
            "last_all": 14.67,
            "last_2y": 23.43,
            "last_4y": 26.67,
            "last_8y": 13.8,
            "last_12y": -2.32,
            "last_16y": 9.84,
            "last_20y": 14.67,
            "at_2006_last_3y": 56.51,
            "at_2007_last_3y": 60.51,
            "at_2008_last_3y": 82.46,
            "at_2009_last_3y": 49.36,
            "at_2010_last_3y": 16.2,
            "at_2011_last_3y": -9.58,
            "at_2012_last_3y": -38.98,
            "at_2013_last_3y": -38.57,
            "at_2014_last_3y": -34.45,
            "at_2015_last_3y": -22.41,
            "at_2016_last_3y": -35,
            "at_2017_last_3y": -2.3,
            "at_2018_last_3y": 26.73,
            "at_2019_last_3y": 17.5,
            "at_2020_last_3y": 41.07,
            "at_2021_last_3y": 41.07,
            "at_2022_last_3y": 8.34,
            "at_2023_last_3y": 8.34,
            "at_2006_last_all": 56.51,
            "at_2007_last_all": 56.21,
            "at_2008_last_all": 59.32,
            "at_2009_last_all": 46.21,
            "at_2010_last_all": 36.36,
            "at_2011_last_all": 26.97,
            "at_2012_last_all": 20,
            "at_2013_last_all": 15.38,
            "at_2014_last_all": 12.76,
            "at_2015_last_all": 11.78,
            "at_2016_last_all": 4.29,
            "at_2017_last_all": 10.67,
            "at_2018_last_all": 16.25,
            "at_2019_last_all": 13.12,
            "at_2020_last_all": 12.46,
            "at_2021_last_all": 17.07,
            "at_2022_last_all": 14.67,
            "at_2023_last_all": 14.67
        },
        "latest_eps": 3.81,
        "latest_price": 41.15,
        "latest_roe": 6.81,
        "latest_gross_margin": 23.54,
        "latest_equity": 11295952,
        "latest_revenue": 929368,
        "latest_gross_profit": 218736,
        "latest_net_income": 171469,
        "latest_debt_ratio": 48.67,
        "latest_current_ratio": 125.98,
        "latest_account_receivable_turnover_ratio": 3.15,
        "latest_inventory_turnover_ratio": 30.66,
        "latest_reinvestment_rate": -24.17,
        "latest_research_to_sale_ratio": null
    },
    "eps_dividends": {
        "1996": {
            "cash": 0,
            "stock": 2.5,
            "eps": 0
        },
        "1997": {
            "cash": 0,
            "stock": 1.8,
            "eps": 0
        },
        "1998": {
            "cash": 0,
            "stock": 2.6,
            "eps": 0
        },
        "1999": {
            "cash": 9,
            "stock": 1.1,
            "eps": 0
        },
        "2000": {
            "cash": 0.5,
            "stock": 1,
            "eps": 0
        },
        "2001": {
            "cash": 0.96,
            "stock": 0.96,
            "eps": -2.41
        },
        "2002": {
            "cash": 0,
            "stock": 0,
            "eps": 1
        },
        "2003": {
            "cash": 0.1,
            "stock": 0.1,
            "eps": 1.39
        },
        "2004": {
            "cash": 1,
            "stock": 1,
            "eps": 1.21
        },
        "2005": {
            "cash": 0.5,
            "stock": 0.5,
            "eps": 2.55
        },
        "2006": {
            "cash": 1,
            "stock": 1,
            "eps": 6.11
        },
        "2007": {
            "cash": 2,
            "stock": 1,
            "eps": 9.47
        },
        "2008": {
            "cash": 6,
            "stock": 0,
            "eps": 16.56
        },
        "2009": {
            "cash": 6.8,
            "stock": 0,
            "eps": 11.19
        },
        "2010": {
            "cash": 6,
            "stock": 0,
            "eps": 7.54
        },
        "2011": {
            "cash": 5.2,
            "stock": 0,
            "eps": 3.91
        },
        "2012": {
            "cash": 0,
            "stock": 0,
            "eps": 2.24
        },
        "2013": {
            "cash": 1,
            "stock": 0,
            "eps": 1.55
        },
        "2014": {
            "cash": 1.5,
            "stock": 0,
            "eps": 1.3
        },
        "2015": {
            "cash": 1.3,
            "stock": 0,
            "eps": 1.3
        },
        "2016": {
            "cash": 0.2,
            "stock": 0,
            "eps": 0.09
        },
        "2017": {
            "cash": 0.5,
            "stock": 0,
            "eps": 0.5
        },
        "2018": {
            "cash": 0.5,
            "stock": 0,
            "eps": 2.6
        },
        "2019": {
            "cash": 1.6,
            "stock": 0,
            "eps": 1.64
        },
        "2020": {
            "cash": 0.8,
            "stock": 0,
            "eps": 1.66
        },
        "2021": {
            "cash": 1.6,
            "stock": 0,
            "eps": 5.27
        },
        "2022": {
            "cash": 2.68,
            "stock": 0,
            "eps": 3.64
        },
        "2023": {
            "cash": 2.18,
            "stock": 0,
            "eps": 0.88
        }
    },
    "dividends": {
        "1996-06-17": {
            "cash": 0,
            "stock": 2.5
        },
        "1997-05-21": {
            "cash": 0,
            "stock": 1.8
        },
        "1998-05-14": {
            "cash": 0,
            "stock": 2.6
        },
        "1999-05-28": {
            "cash": 9,
            "stock": 1.1
        },
        "2000-06-21": {
            "cash": 0.5,
            "stock": 1
        },
        "2001-06-07": {
            "cash": 0.96,
            "stock": 0.96
        },
        "2003-03-27": {
            "cash": 0.1,
            "stock": 0.1
        },
        "2004-03-08": {
            "cash": 1,
            "stock": 1
        },
        "2005-03-29": {
            "cash": 0.5,
            "stock": 0.5
        },
        "2006-03-22": {
            "cash": 1,
            "stock": 1
        },
        "2007-05-11": {
            "cash": 2,
            "stock": 1
        },
        "2008-05-08": {
            "cash": 6,
            "stock": 0
        },
        "2009-03-09": {
            "cash": 6.8,
            "stock": 0
        },
        "2010-03-05": {
            "cash": 6,
            "stock": 0
        },
        "2011-01-01": {
            "cash": 2,
            "stock": 0
        },
        "2011-03-31": {
            "cash": 3.2,
            "stock": 0
        },
        "2013-05-13": {
            "cash": 1,
            "stock": 0
        },
        "2014-06-16": {
            "cash": 1.5,
            "stock": 0
        },
        "2015-07-07": {
            "cash": 1.3,
            "stock": 0
        },
        "2016-10-07": {
            "cash": 0.2,
            "stock": 0
        },
        "2017-08-08": {
            "cash": 0.5,
            "stock": 0
        },
        "2018-07-06": {
            "cash": 0.5,
            "stock": 0
        },
        "2019-08-08": {
            "cash": 1.6,
            "stock": 0
        },
        "2020-08-07": {
            "cash": 0.8,
            "stock": 0
        },
        "2021-08-06": {
            "cash": 1.6,
            "stock": 0
        },
        "2022-08-08": {
            "cash": 2.68,
            "stock": 0
        },
        "2023-08-08": {
            "cash": 2.18,
            "stock": 0
        }
    },
    "prices": {
        "200101": "7.76",
        "200102": "8.67",
        "200103": "9.12",
        "200104": "8.58",
        "200105": "7.59",
        "200106": "7.48",
        "200107": "5.84",
        "200108": "5.96",
        "200109": "4.84",
        "200110": "4.25",
        "200111": "4.83",
        "200112": "6.05",
        "200201": "7.28",
        "200202": "7.66",
        "200203": "7.29",
        "200204": "7.97",
        "200205": "7.65",
        "200206": "7.68",
        "200207": "6.96",
        "200208": "6.32",
        "200209": "6.18",
        "200210": "6.26",
        "200211": "7.18",
        "200212": "7.26",
        "200301": "8.37",
        "200302": "7.46",
        "200303": "7.05",
        "200304": "6.70",
        "200305": "6.64",
        "200306": "6.88",
        "200307": "7.27",
        "200308": "7.60",
        "200309": "9.53",
        "200310": "11.35",
        "200311": "11.32",
        "200312": "11.82",
        "200401": "13.92",
        "200402": "13.78",
        "200403": "15.84",
        "200404": "13.80",
        "200405": "11.58",
        "200406": "11.29",
        "200407": "10.83",
        "200408": "10.54",
        "200409": "11.52",
        "200410": "14.14",
        "200411": "16.60",
        "200412": "17.30",
        "200501": "17.57",
        "200502": "18.65",
        "200503": "25.03",
        "200504": "24.81",
        "200505": "20.58",
        "200506": "22.13",
        "200507": "20.97",
        "200508": "19.88",
        "200509": "18.47",
        "200510": "16.44",
        "200511": "17.62",
        "200512": "17.58",
        "200601": "16.91",
        "200602": "18.20",
        "200603": "17.30",
        "200604": "20.87",
        "200605": "25.47",
        "200606": "23.75",
        "200607": "27.18",
        "200608": "27.26",
        "200609": "29.73",
        "200610": "31.91",
        "200611": "36.66",
        "200612": "39.68",
        "200701": "39.85",
        "200702": "40.78",
        "200703": "48.40",
        "200704": "60.07",
        "200705": "58.14",
        "200706": "55.81",
        "200707": "68.63",
        "200708": "89.87",
        "200709": "112.72",
        "200710": "140.30",
        "200711": "102.99",
        "200712": "84.42",
        "200801": "82.51",
        "200802": "90.41",
        "200803": "92.84",
        "200804": "104.15",
        "200805": "117.88",
        "200806": "92.53",
        "200807": "86.28",
        "200808": "85.88",
        "200809": "82.20",
        "200810": "54.32",
        "200811": "50.27",
        "200812": "49.63",
        "200901": "53.97",
        "200902": "63.48",
        "200903": "68.48",
        "200904": "74.60",
        "200905": "88.50",
        "200906": "87.45",
        "200907": "90.13",
        "200908": "85.50",
        "200909": "85.81",
        "200910": "87.95",
        "200911": "88.85",
        "200912": "87.97",
        "201001": "88.14",
        "201002": "84.35",
        "201003": "85.00",
        "201004": "81.70",
        "201005": "76.48",
        "201006": "71.70",
        "201007": "72.15",
        "201008": "70.83",
        "201009": "68.39",
        "201010": "66.71",
        "201011": "66.35",
        "201012": "67.49",
        "201101": "66.81",
        "201102": "64.95",
        "201103": "62.08",
        "201104": "59.61",
        "201105": "58.63",
        "201106": "51.19",
        "201107": "48.30",
        "201108": "46.32",
        "201109": "44.42",
        "201110": "43.73",
        "201111": "42.70",
        "201112": "41.02",
        "201201": "40.97",
        "201202": "46.46",
        "201203": "46.07",
        "201204": "42.20",
        "201205": "40.49",
        "201206": "36.60",
        "201207": "35.46",
        "201208": "34.59",
        "201209": "34.42",
        "201210": "34.38",
        "201211": "34.76",
        "201212": "37.39",
        "201301": "39.25",
        "201302": "37.40",
        "201303": "36.17",
        "201304": "35.18",
        "201305": "35.32",
        "201306": "33.75",
        "201307": "31.63",
        "201308": "31.67",
        "201309": "39.17",
        "201310": "38.93",
        "201311": "36.88",
        "201312": "40.01",
        "201401": "39.13",
        "201402": "38.95",
        "201403": "39.42",
        "201404": "37.58",
        "201405": "35.75",
        "201406": "35.44",
        "201407": "35.00",
        "201408": "35.09",
        "201409": "35.02",
        "201410": "32.40",
        "201411": "32.65",
        "201412": "32.97",
        "201501": "34.43",
        "201502": "33.28",
        "201503": "32.46",
        "201504": "32.14",
        "201505": "31.62",
        "201506": "29.32",
        "201507": "29.49",
        "201508": "25.87",
        "201509": "22.47",
        "201510": "22.86",
        "201511": "21.90",
        "201512": "19.95",
        "201601": "20.24",
        "201602": "21.40",
        "201603": "26.00",
        "201604": "24.69",
        "201605": "21.99",
        "201606": "22.13",
        "201607": "22.84",
        "201608": "22.32",
        "201609": "21.95",
        "201610": "24.67",
        "201611": "28.15",
        "201612": "27.75",
        "201701": "27.12",
        "201702": "30.88",
        "201703": "32.15",
        "201704": "29.17",
        "201705": "27.58",
        "201706": "27.49",
        "201707": "27.52",
        "201708": "29.72",
        "201709": "29.36",
        "201710": "28.02",
        "201711": "28.33",
        "201712": "29.26",
        "201801": "29.83",
        "201802": "29.69",
        "201803": "29.92",
        "201804": "28.52",
        "201805": "28.58",
        "201806": "28.50",
        "201807": "29.25",
        "201808": "34.07",
        "201809": "34.36",
        "201810": "33.48",
        "201811": "28.86",
        "201812": "31.18",
        "201901": "31.13",
        "201902": "29.36",
        "201903": "29.76",
        "201904": "30.60",
        "201905": "31.45",
        "201906": "31.75",
        "201907": "35.54",
        "201908": "33.79",
        "201909": "33.79",
        "201910": "31.78",
        "201911": "30.21",
        "201912": "29.91",
        "202001": "29.02",
        "202002": "26.75",
        "202003": "22.56",
        "202004": "23.42",
        "202005": "23.76",
        "202006": "25.36",
        "202007": "24.42",
        "202008": "24.65",
        "202009": "25.18",
        "202010": "25.51",
        "202011": "26.25",
        "202012": "31.58",
        "202101": "32.65",
        "202102": "32.07",
        "202103": "34.51",
        "202104": "44.23",
        "202105": "44.02",
        "202106": "56.56",
        "202107": "69.58",
        "202108": "69.25",
        "202109": "69.66",
        "202110": "63.02",
        "202111": "57.06",
        "202112": "59.52",
        "202201": "52.82",
        "202202": "52.32",
        "202203": "52.84",
        "202204": "51.87",
        "202205": "52.16",
        "202206": "48.65",
        "202207": "40.30",
        "202208": "39.86",
        "202209": "36.02",
        "202210": "33.42",
        "202211": "34.62",
        "202212": "38.52",
        "202301": "38.53",
        "202302": "39.29",
        "202303": "41.65",
        "202304": "39.92",
        "202305": "39.70",
        "202306": "41.10"
    },
    "quarters": {
        "20011": {
            "year_quarter": 20011,
            "year": 2001,
            "quarter": 1,
            "eps": 0.23,
            "eps_growth_year": -17.86,
            "eps_4q": 1.21,
            "eps_4q_growth_year": 1.98,
            "roe": 1.76,
            "roe_4q": 1.76,
            "gross_profit": 39962,
            "gross_margin": 12.4,
            "gross_margin_4q_avg": 12.4,
            "net_income": 46883,
            "revenue": 322320,
            "common_shares": 2018682,
            "book_valuer_per_share": 13.2,
            "book_valuer_per_share_4q_avg": 13.2,
            "equity": 2665035,
            "current_ratio": 143.79,
            "debt_ratio": 15.8,
            "inventory_turnover_ratio": null,
            "account_receivable_turnover_ratio": null,
            "reinvestment_rate": null,
            "research_to_sale_ratio": null,
            "price_fair": 0,
            "eps_avg_yearly": 0,
            "eps_latest_yearly": 0,
            "eps_growth_yearly": 0
        },
        "20012": {
            "year_quarter": 20012,
            "year": 2001,
            "quarter": 2,
            "eps": 0.29,
            "eps_growth_year": -32.56,
            "eps_4q": 1.14,
            "eps_4q_growth_year": -11.77,
            "roe": 2.19,
            "roe_4q": 3.95,
            "gross_profit": 48593,
            "gross_margin": 15.8,
            "gross_margin_4q_avg": 14.1,
            "net_income": 57944,
            "revenue": 307508,
            "common_shares": 2018682,
            "book_valuer_per_share": 13,
            "book_valuer_per_share_4q_avg": 13.1,
            "equity": 2623690,
            "current_ratio": 91.49,
            "debt_ratio": 21.1,
            "inventory_turnover_ratio": null,
            "account_receivable_turnover_ratio": null,
            "reinvestment_rate": null,
            "research_to_sale_ratio": null,
            "price_fair": 0,
            "eps_avg_yearly": 0,
            "eps_latest_yearly": 0,
            "eps_growth_yearly": 0
        },
        "20013": {
            "year_quarter": 20013,
            "year": 2001,
            "quarter": 3,
            "eps": 0.4,
            "eps_growth_year": 73.91,
            "eps_4q": 1.3,
            "eps_4q_growth_year": 14.95,
            "roe": 3.04,
            "roe_4q": 6.99,
            "gross_profit": 51468,
            "gross_margin": 15.41,
            "gross_margin_4q_avg": 14.54,
            "net_income": 80838,
            "revenue": 333983,
            "common_shares": 2018682,
            "book_valuer_per_share": 13.37,
            "book_valuer_per_share_4q_avg": 13.19,
            "equity": 2699402,
            "current_ratio": 94,
            "debt_ratio": 18.54,
            "inventory_turnover_ratio": null,
            "account_receivable_turnover_ratio": null,
            "reinvestment_rate": null,
            "research_to_sale_ratio": null,
            "price_fair": 0,
            "eps_avg_yearly": 0,
            "eps_latest_yearly": 0,
            "eps_growth_yearly": 0
        },
        "20014": {
            "year_quarter": 20014,
            "year": 2001,
            "quarter": 4,
            "eps": -3.33,
            "eps_growth_year": -976.32,
            "eps_4q": -2.41,
            "eps_4q_growth_year": -291.72,
            "roe": -27.95,
            "roe_4q": -20.959999999999997,
            "gross_profit": 48385,
            "gross_margin": 11.6,
            "gross_margin_4q_avg": 13.8,
            "net_income": -672289,
            "revenue": 417003,
            "common_shares": 2018682,
            "book_valuer_per_share": 10.46,
            "book_valuer_per_share_4q_avg": 12.51,
            "equity": 2110828,
            "current_ratio": 200.04,
            "debt_ratio": 47.25,
            "inventory_turnover_ratio": null,
            "account_receivable_turnover_ratio": null,
            "reinvestment_rate": null,
            "research_to_sale_ratio": null,
            "price_fair": 0,
            "eps_avg_yearly": 0,
            "eps_latest_yearly": 0,
            "eps_growth_yearly": 0
        },
        "20021": {
            "year_quarter": 20021,
            "year": 2002,
            "quarter": 1,
            "eps": 0.38,
            "eps_growth_year": 65.22,
            "eps_4q": -2.26,
            "eps_4q_growth_year": -286.45,
            "roe": 3.56,
            "roe_4q": -19.16,
            "gross_profit": 57682,
            "gross_margin": 16.97,
            "gross_margin_4q_avg": 14.95,
            "net_income": 76730,
            "revenue": 339885,
            "common_shares": 2018682,
            "book_valuer_per_share": 10.89,
            "book_valuer_per_share_4q_avg": 11.93,
            "equity": 2198104,
            "current_ratio": 101.78,
            "debt_ratio": 24.4,
            "inventory_turnover_ratio": null,
            "account_receivable_turnover_ratio": null,
            "reinvestment_rate": null,
            "research_to_sale_ratio": null,
            "price_fair": 0,
            "eps_avg_yearly": 0,
            "eps_latest_yearly": 0,
            "eps_growth_yearly": 0
        },
        "20022": {
            "year_quarter": 20022,
            "year": 2002,
            "quarter": 2,
            "eps": 0.12,
            "eps_growth_year": -58.62,
            "eps_4q": -2.51,
            "eps_4q_growth_year": -320.79,
            "roe": 1.07,
            "roe_4q": -20.28,
            "gross_profit": 60358,
            "gross_margin": 18.23,
            "gross_margin_4q_avg": 15.55,
            "net_income": 23479,
            "revenue": 331104,
            "common_shares": 2018682,
            "book_valuer_per_share": 10.77,
            "book_valuer_per_share_4q_avg": 11.37,
            "equity": 2173383,
            "current_ratio": 105.7,
            "debt_ratio": 19.9,
            "inventory_turnover_ratio": null,
            "account_receivable_turnover_ratio": null,
            "reinvestment_rate": null,
            "research_to_sale_ratio": null,
            "price_fair": 1.44,
            "eps_avg_yearly": 0.48,
            "eps_latest_yearly": 0.48,
            "eps_growth_yearly": -273.68
        },
        "20023": {
            "year_quarter": 20023,
            "year": 2002,
            "quarter": 3,
            "eps": 0.19,
            "eps_growth_year": -52.5,
            "eps_4q": -2.68,
            "eps_4q_growth_year": -306.97,
            "roe": 1.72,
            "roe_4q": -21.6,
            "gross_profit": 60802,
            "gross_margin": 19.04,
            "gross_margin_4q_avg": 16.46,
            "net_income": 37860,
            "revenue": 319277,
            "common_shares": 2018682,
            "book_valuer_per_share": 11.06,
            "book_valuer_per_share_4q_avg": 10.8,
            "equity": 2232165,
            "current_ratio": 110.46,
            "debt_ratio": 21.02,
            "inventory_turnover_ratio": null,
            "account_receivable_turnover_ratio": null,
            "reinvestment_rate": null,
            "research_to_sale_ratio": null,
            "price_fair": 1.86,
            "eps_avg_yearly": 0.62,
            "eps_latest_yearly": 0.76,
            "eps_growth_yearly": -20.18
        },
        "20024": {
            "year_quarter": 20024,
            "year": 2002,
            "quarter": 4,
            "eps": 0.31,
            "eps_growth_year": null,
            "eps_4q": 0.98,
            "eps_4q_growth_year": null,
            "roe": 2.79,
            "roe_4q": 9.14,
            "gross_profit": 60429,
            "gross_margin": 17.77,
            "gross_margin_4q_avg": 18,
            "net_income": 63522,
            "revenue": 340008,
            "common_shares": 2018682,
            "book_valuer_per_share": 11.45,
            "book_valuer_per_share_4q_avg": 11.04,
            "equity": 2327226,
            "current_ratio": 253.44,
            "debt_ratio": 36.16,
            "inventory_turnover_ratio": null,
            "account_receivable_turnover_ratio": null,
            "reinvestment_rate": -959.02,
            "research_to_sale_ratio": null,
            "price_fair": 28.93,
            "eps_avg_yearly": 0.83,
            "eps_latest_yearly": 1.24,
            "eps_growth_yearly": 70.76
        },
        "20031": {
            "year_quarter": 20031,
            "year": 2003,
            "quarter": 1,
            "eps": 0.26,
            "eps_growth_year": -31.58,
            "eps_4q": 0.89,
            "eps_4q_growth_year": null,
            "roe": 2.22,
            "roe_4q": 7.8,
            "gross_profit": 52518,
            "gross_margin": 18.79,
            "gross_margin_4q_avg": 18.46,
            "net_income": 51871,
            "revenue": 279510,
            "common_shares": 2018682,
            "book_valuer_per_share": 11.62,
            "book_valuer_per_share_4q_avg": 11.23,
            "equity": 2346022,
            "current_ratio": 126.9,
            "debt_ratio": 15.68,
            "inventory_turnover_ratio": null,
            "account_receivable_turnover_ratio": null,
            "reinvestment_rate": -19.09,
            "research_to_sale_ratio": null,
            "price_fair": 30.8,
            "eps_avg_yearly": 0.88,
            "eps_latest_yearly": 1.04,
            "eps_growth_yearly": 36.94
        },
        "20032": {
            "year_quarter": 20032,
            "year": 2003,
            "quarter": 2,
            "eps": 0.42,
            "eps_growth_year": 250,
            "eps_4q": 1.18,
            "eps_4q_growth_year": null,
            "roe": 3.57,
            "roe_4q": 10.3,
            "gross_profit": 57873,
            "gross_margin": 20.49,
            "gross_margin_4q_avg": 19.02,
            "net_income": 84878,
            "revenue": 282415,
            "common_shares": 2018682,
            "book_valuer_per_share": 11.91,
            "book_valuer_per_share_4q_avg": 11.51,
            "equity": 2403819,
            "current_ratio": 125.46,
            "debt_ratio": 16.94,
            "inventory_turnover_ratio": null,
            "account_receivable_turnover_ratio": null,
            "reinvestment_rate": -15.33,
            "research_to_sale_ratio": null,
            "price_fair": 36.4,
            "eps_avg_yearly": 1.04,
            "eps_latest_yearly": 1.68,
            "eps_growth_yearly": 78.78
        },
        "20033": {
            "year_quarter": 20033,
            "year": 2003,
            "quarter": 3,
            "eps": 0.36,
            "eps_growth_year": 89.47,
            "eps_4q": 1.36,
            "eps_4q_growth_year": null,
            "roe": 2.96,
            "roe_4q": 11.54,
            "gross_profit": 63376,
            "gross_margin": 22.03,
            "gross_margin_4q_avg": 19.77,
            "net_income": 71963,
            "revenue": 287742,
            "common_shares": 2018682,
            "book_valuer_per_share": 12.22,
            "book_valuer_per_share_4q_avg": 11.8,
            "equity": 2466744,
            "current_ratio": 109.97,
            "debt_ratio": 17.43,
            "inventory_turnover_ratio": null,
            "account_receivable_turnover_ratio": null,
            "reinvestment_rate": 5.51,
            "research_to_sale_ratio": null,
            "price_fair": 38.73,
            "eps_avg_yearly": 1.11,
            "eps_latest_yearly": 1.44,
            "eps_growth_yearly": 56.13
        },
        "20034": {
            "year_quarter": 20034,
            "year": 2003,
            "quarter": 4,
            "eps": 0.35,
            "eps_growth_year": 12.9,
            "eps_4q": 1.37,
            "eps_4q_growth_year": 39.45,
            "roe": 2.84,
            "roe_4q": 11.59,
            "gross_profit": 75975,
            "gross_margin": 22.51,
            "gross_margin_4q_avg": 20.96,
            "net_income": 71483,
            "revenue": 337548,
            "common_shares": 2018682,
            "book_valuer_per_share": 12.61,
            "book_valuer_per_share_4q_avg": 12.09,
            "equity": 2563752,
            "current_ratio": 248.51,
            "debt_ratio": 33.58,
            "inventory_turnover_ratio": null,
            "account_receivable_turnover_ratio": null,
            "reinvestment_rate": -598.53,
            "research_to_sale_ratio": null,
            "price_fair": 40.2,
            "eps_avg_yearly": 1.15,
            "eps_latest_yearly": 1.4,
            "eps_growth_yearly": 46.52
        },
        "20041": {
            "year_quarter": 20041,
            "year": 2004,
            "quarter": 1,
            "eps": 0.44,
            "eps_growth_year": 69.23,
            "eps_4q": 1.58,
            "eps_4q_growth_year": 78.44,
            "roe": 3.41,
            "roe_4q": 12.780000000000001,
            "gross_profit": 61672,
            "gross_margin": 22.56,
            "gross_margin_4q_avg": 21.9,
            "net_income": 88070,
            "revenue": 273310,
            "common_shares": 2018682,
            "book_valuer_per_share": 12.87,
            "book_valuer_per_share_4q_avg": 12.4,
            "equity": 2597738,
            "current_ratio": 146.79,
            "debt_ratio": 18.67,
            "inventory_turnover_ratio": null,
            "account_receivable_turnover_ratio": null,
            "reinvestment_rate": 16.41,
            "research_to_sale_ratio": null,
            "price_fair": 42.88,
            "eps_avg_yearly": 1.23,
            "eps_latest_yearly": 1.76,
            "eps_growth_yearly": 53.57
        },
        "20042": {
            "year_quarter": 20042,
            "year": 2004,
            "quarter": 2,
            "eps": 0.02,
            "eps_growth_year": -95.24,
            "eps_4q": 0.97,
            "eps_4q_growth_year": -17.66,
            "roe": 0.19,
            "roe_4q": 9.399999999999999,
            "gross_profit": 70236,
            "gross_margin": 21.62,
            "gross_margin_4q_avg": 22.18,
            "net_income": 4873,
            "revenue": 324863,
            "common_shares": 2018682,
            "book_valuer_per_share": 12.05,
            "book_valuer_per_share_4q_avg": 12.44,
            "equity": 2431893,
            "current_ratio": 79.14,
            "debt_ratio": 34.14,
            "inventory_turnover_ratio": null,
            "account_receivable_turnover_ratio": null,
            "reinvestment_rate": 22.24,
            "research_to_sale_ratio": null,
            "price_fair": 16.67,
            "eps_avg_yearly": 1.1,
            "eps_latest_yearly": 0.08,
            "eps_growth_yearly": 5.19
        },
        "20043": {
            "year_quarter": 20043,
            "year": 2004,
            "quarter": 3,
            "eps": 0.4,
            "eps_growth_year": 11.11,
            "eps_4q": 1.21,
            "eps_4q_growth_year": -10.79,
            "roe": 3.27,
            "roe_4q": 9.71,
            "gross_profit": 74643,
            "gross_margin": 22.5,
            "gross_margin_4q_avg": 22.3,
            "net_income": 80711,
            "revenue": 331797,
            "common_shares": 2018682,
            "book_valuer_per_share": 12.44,
            "book_valuer_per_share_4q_avg": 12.49,
            "equity": 2511269,
            "current_ratio": 37.33,
            "debt_ratio": 36.24,
            "inventory_turnover_ratio": null,
            "account_receivable_turnover_ratio": null,
            "reinvestment_rate": 17.95,
            "research_to_sale_ratio": null,
            "price_fair": 40.18,
            "eps_avg_yearly": 1.15,
            "eps_latest_yearly": 1.6,
            "eps_growth_yearly": 764.67
        },
        "20044": {
            "year_quarter": 20044,
            "year": 2004,
            "quarter": 4,
            "eps": 0.35,
            "eps_growth_year": 0,
            "eps_4q": 1.21,
            "eps_4q_growth_year": -11.99,
            "roe": 2.83,
            "roe_4q": 9.7,
            "gross_profit": 83518,
            "gross_margin": 20.78,
            "gross_margin_4q_avg": 21.87,
            "net_income": 70885,
            "revenue": 402001,
            "common_shares": 2018682,
            "book_valuer_per_share": 12.31,
            "book_valuer_per_share_4q_avg": 12.42,
            "equity": 2496558,
            "current_ratio": 134.17,
            "debt_ratio": 48.95,
            "inventory_turnover_ratio": null,
            "account_receivable_turnover_ratio": null,
            "reinvestment_rate": -290.04,
            "research_to_sale_ratio": null,
            "price_fair": 40.98,
            "eps_avg_yearly": 1.17,
            "eps_latest_yearly": 1.4,
            "eps_growth_yearly": 690.61
        },
        "20051": {
            "year_quarter": 20051,
            "year": 2005,
            "quarter": 1,
            "eps": 0.12,
            "eps_growth_year": -72.73,
            "eps_4q": 0.87,
            "eps_4q_growth_year": -45.05,
            "roe": 0.99,
            "roe_4q": 7.28,
            "gross_profit": 66203,
            "gross_margin": 18.32,
            "gross_margin_4q_avg": 20.81,
            "net_income": 25080,
            "revenue": 361295,
            "common_shares": 2018682,
            "book_valuer_per_share": 12.68,
            "book_valuer_per_share_4q_avg": 12.37,
            "equity": 2560524,
            "current_ratio": 66.1,
            "debt_ratio": 37.31,
            "inventory_turnover_ratio": null,
            "account_receivable_turnover_ratio": null,
            "reinvestment_rate": 30.7,
            "research_to_sale_ratio": null,
            "price_fair": 38.97,
            "eps_avg_yearly": 1.11,
            "eps_latest_yearly": 0.48,
            "eps_growth_yearly": 611.15
        },
        "20052": {
            "year_quarter": 20052,
            "year": 2005,
            "quarter": 2,
            "eps": 0.4,
            "eps_growth_year": 1900,
            "eps_4q": 1.22,
            "eps_4q_growth_year": 26.14,
            "roe": 3.36,
            "roe_4q": 10.45,
            "gross_profit": 83770,
            "gross_margin": 23.02,
            "gross_margin_4q_avg": 21.16,
            "net_income": 85788,
            "revenue": 363874,
            "common_shares": 2018682,
            "book_valuer_per_share": 12.62,
            "book_valuer_per_share_4q_avg": 12.51,
            "equity": 2546980,
            "current_ratio": 53.12,
            "debt_ratio": 37.53,
            "inventory_turnover_ratio": null,
            "account_receivable_turnover_ratio": null,
            "reinvestment_rate": 28.53,
            "research_to_sale_ratio": null,
            "price_fair": 40.28,
            "eps_avg_yearly": 1.15,
            "eps_latest_yearly": 1.6,
            "eps_growth_yearly": 635.94
        },
        "20053": {
            "year_quarter": 20053,
            "year": 2005,
            "quarter": 3,
            "eps": 0.92,
            "eps_growth_year": 130,
            "eps_4q": 1.78,
            "eps_4q_growth_year": 46.57,
            "roe": 7.25,
            "roe_4q": 14.43,
            "gross_profit": 72536,
            "gross_margin": 19.9,
            "gross_margin_4q_avg": 20.51,
            "net_income": 194274,
            "revenue": 364527,
            "common_shares": 2119616,
            "book_valuer_per_share": 13.27,
            "book_valuer_per_share_4q_avg": 12.72,
            "equity": 2811709,
            "current_ratio": 44.92,
            "debt_ratio": 35.76,
            "inventory_turnover_ratio": null,
            "account_receivable_turnover_ratio": null,
            "reinvestment_rate": 19.87,
            "research_to_sale_ratio": null,
            "price_fair": 46.6,
            "eps_avg_yearly": 1.33,
            "eps_latest_yearly": 3.68,
            "eps_growth_yearly": 627.66
        },
        "20054": {
            "year_quarter": 20054,
            "year": 2005,
            "quarter": 4,
            "eps": 1.11,
            "eps_growth_year": 217.14,
            "eps_4q": 2.55,
            "eps_4q_growth_year": 110.81,
            "roe": 8.02,
            "roe_4q": 19.619999999999997,
            "gross_profit": 79986,
            "gross_margin": 21,
            "gross_margin_4q_avg": 20.56,
            "net_income": 235964,
            "revenue": 380826,
            "common_shares": 2119616,
            "book_valuer_per_share": 14.51,
            "book_valuer_per_share_4q_avg": 13.27,
            "equity": 3076185,
            "current_ratio": 225.46,
            "debt_ratio": 54.17,
            "inventory_turnover_ratio": null,
            "account_receivable_turnover_ratio": null,
            "reinvestment_rate": 166.13,
            "research_to_sale_ratio": null,
            "price_fair": 53.85,
            "eps_avg_yearly": 1.54,
            "eps_latest_yearly": 4.44,
            "eps_growth_yearly": 591.32
        },
        "20061": {
            "year_quarter": 20061,
            "year": 2006,
            "quarter": 1,
            "eps": 1.12,
            "eps_growth_year": 833.33,
            "eps_4q": 3.54,
            "eps_4q_growth_year": 307.96,
            "roe": 7.48,
            "roe_4q": 26.11,
            "gross_profit": 78097,
            "gross_margin": 22.73,
            "gross_margin_4q_avg": 21.66,
            "net_income": 238449,
            "revenue": 343518,
            "common_shares": 2119616,
            "book_valuer_per_share": 15.55,
            "book_valuer_per_share_4q_avg": 13.99,
            "equity": 3295528,
            "current_ratio": 82.39,
            "debt_ratio": 30.39,
            "inventory_turnover_ratio": null,
            "account_receivable_turnover_ratio": null,
            "reinvestment_rate": 5.01,
            "research_to_sale_ratio": null,
            "price_fair": 60.29,
            "eps_avg_yearly": 1.72,
            "eps_latest_yearly": 4.48,
            "eps_growth_yearly": 554.59
        },
        "20062": {
            "year_quarter": 20062,
            "year": 2006,
            "quarter": 2,
            "eps": 0.79,
            "eps_growth_year": 97.5,
            "eps_4q": 3.67,
            "eps_4q_growth_year": 199.96,
            "roe": 5.55,
            "roe_4q": 28.3,
            "gross_profit": 81422,
            "gross_margin": 21.59,
            "gross_margin_4q_avg": 21.31,
            "net_income": 183367,
            "revenue": 377074,
            "common_shares": 2119616,
            "book_valuer_per_share": 15.6,
            "book_valuer_per_share_4q_avg": 14.73,
            "equity": 3307143,
            "current_ratio": 80.18,
            "debt_ratio": 37.54,
            "inventory_turnover_ratio": null,
            "account_receivable_turnover_ratio": null,
            "reinvestment_rate": 4.87,
            "research_to_sale_ratio": null,
            "price_fair": 66.15,
            "eps_avg_yearly": 1.89,
            "eps_latest_yearly": 3.16,
            "eps_growth_yearly": 564.33
        },
        "20063": {
            "year_quarter": 20063,
            "year": 2006,
            "quarter": 3,
            "eps": 1.67,
            "eps_growth_year": 81.52,
            "eps_4q": 4.49,
            "eps_4q_growth_year": 152,
            "roe": 10.95,
            "roe_4q": 32,
            "gross_profit": 87969,
            "gross_margin": 22.6,
            "gross_margin_4q_avg": 21.98,
            "net_income": 389896,
            "revenue": 389290,
            "common_shares": 2331578,
            "book_valuer_per_share": 16.36,
            "book_valuer_per_share_4q_avg": 15.51,
            "equity": 3813786,
            "current_ratio": 143.81,
            "debt_ratio": 34.58,
            "inventory_turnover_ratio": null,
            "account_receivable_turnover_ratio": null,
            "reinvestment_rate": 4.7,
            "research_to_sale_ratio": null,
            "price_fair": 79.1,
            "eps_avg_yearly": 2.26,
            "eps_latest_yearly": 6.68,
            "eps_growth_yearly": 577.59
        },
        "20064": {
            "year_quarter": 20064,
            "year": 2006,
            "quarter": 4,
            "eps": 2.53,
            "eps_growth_year": 127.93,
            "eps_4q": 6.01,
            "eps_4q_growth_year": 135.93,
            "roe": 14.69,
            "roe_4q": 38.67,
            "gross_profit": 92381,
            "gross_margin": 23.13,
            "gross_margin_4q_avg": 22.51,
            "net_income": 590909,
            "revenue": 399345,
            "common_shares": 2331578,
            "book_valuer_per_share": 18.16,
            "book_valuer_per_share_4q_avg": 16.42,
            "equity": 4233789,
            "current_ratio": 91.82,
            "debt_ratio": 55.48,
            "inventory_turnover_ratio": null,
            "account_receivable_turnover_ratio": null,
            "reinvestment_rate": 101.85,
            "research_to_sale_ratio": null,
            "price_fair": 98.53,
            "eps_avg_yearly": 2.82,
            "eps_latest_yearly": 10.12,
            "eps_growth_yearly": 574.68
        },
        "20071": {
            "year_quarter": 20071,
            "year": 2007,
            "quarter": 1,
            "eps": 2.11,
            "eps_growth_year": 88.39,
            "eps_4q": 7.11,
            "eps_4q_growth_year": 100.54,
            "roe": 10.91,
            "roe_4q": 42.099999999999994,
            "gross_profit": 89021,
            "gross_margin": 22.34,
            "gross_margin_4q_avg": 22.42,
            "net_income": 491605,
            "revenue": 398560,
            "common_shares": 2331578,
            "book_valuer_per_share": 20.5,
            "book_valuer_per_share_4q_avg": 17.66,
            "equity": 4780708,
            "current_ratio": 55.16,
            "debt_ratio": 42.66,
            "inventory_turnover_ratio": null,
            "account_receivable_turnover_ratio": null,
            "reinvestment_rate": 3.49,
            "research_to_sale_ratio": null,
            "price_fair": 114.71,
            "eps_avg_yearly": 3.28,
            "eps_latest_yearly": 8.44,
            "eps_growth_yearly": 574.56
        },
        "20072": {
            "year_quarter": 20072,
            "year": 2007,
            "quarter": 2,
            "eps": 2.92,
            "eps_growth_year": 269.62,
            "eps_4q": 9.23,
            "eps_4q_growth_year": 151.52,
            "roe": 14.04,
            "roe_4q": 50.59,
            "gross_profit": 97359,
            "gross_margin": 22.2,
            "gross_margin_4q_avg": 22.57,
            "net_income": 681028,
            "revenue": 438596,
            "common_shares": 2331578,
            "book_valuer_per_share": 21.12,
            "book_valuer_per_share_4q_avg": 19.04,
            "equity": 4923337,
            "current_ratio": 46.54,
            "debt_ratio": 48.19,
            "inventory_turnover_ratio": null,
            "account_receivable_turnover_ratio": null,
            "reinvestment_rate": 3.14,
            "research_to_sale_ratio": null,
            "price_fair": 136.59,
            "eps_avg_yearly": 3.9,
            "eps_latest_yearly": 11.68,
            "eps_growth_yearly": 568.77
        },
        "20073": {
            "year_quarter": 20073,
            "year": 2007,
            "quarter": 3,
            "eps": 2.11,
            "eps_growth_year": 26.35,
            "eps_4q": 8.98,
            "eps_4q_growth_year": 100.19,
            "roe": 10.46,
            "roe_4q": 50.099999999999994,
            "gross_profit": 99409,
            "gross_margin": 20.71,
            "gross_margin_4q_avg": 22.1,
            "net_income": 541372,
            "revenue": 479945,
            "common_shares": 2564736,
            "book_valuer_per_share": 21.16,
            "book_valuer_per_share_4q_avg": 20.24,
            "equity": 5426681,
            "current_ratio": 35.63,
            "debt_ratio": 44.67,
            "inventory_turnover_ratio": null,
            "account_receivable_turnover_ratio": null,
            "reinvestment_rate": 1.78,
            "research_to_sale_ratio": null,
            "price_fair": 151.9,
            "eps_avg_yearly": 4.34,
            "eps_latest_yearly": 8.44,
            "eps_growth_yearly": 565.41
        },
        "20074": {
            "year_quarter": 20074,
            "year": 2007,
            "quarter": 4,
            "eps": 2.33,
            "eps_growth_year": -7.91,
            "eps_4q": 9.01,
            "eps_4q_growth_year": 50.09,
            "roe": 10.44,
            "roe_4q": 45.849999999999994,
            "gross_profit": 99435,
            "gross_margin": 20.02,
            "gross_margin_4q_avg": 21.32,
            "net_income": 597528,
            "revenue": 496713,
            "common_shares": 2564736,
            "book_valuer_per_share": 23.45,
            "book_valuer_per_share_4q_avg": 21.56,
            "equity": 6020336,
            "current_ratio": 119.27,
            "debt_ratio": 54.47,
            "inventory_turnover_ratio": null,
            "account_receivable_turnover_ratio": null,
            "reinvestment_rate": 75.06,
            "research_to_sale_ratio": null,
            "price_fair": 169.23,
            "eps_avg_yearly": 4.84,
            "eps_latest_yearly": 9.32,
            "eps_growth_yearly": 568.71
        },
        "20081": {
            "year_quarter": 20081,
            "year": 2008,
            "quarter": 1,
            "eps": 3.57,
            "eps_growth_year": 69.19,
            "eps_4q": 10.67,
            "eps_4q_growth_year": 50.17,
            "roe": 14.54,
            "roe_4q": 49.48,
            "gross_profit": 825688,
            "gross_margin": 57.11,
            "gross_margin_4q_avg": 30.01,
            "net_income": 914776,
            "revenue": 1445753,
            "common_shares": 2564736,
            "book_valuer_per_share": 25.59,
            "book_valuer_per_share_4q_avg": 22.83,
            "equity": 6562134,
            "current_ratio": 140.33,
            "debt_ratio": 51.56,
            "inventory_turnover_ratio": null,
            "account_receivable_turnover_ratio": null,
            "reinvestment_rate": 87.65,
            "research_to_sale_ratio": null,
            "price_fair": 196.61,
            "eps_avg_yearly": 5.62,
            "eps_latest_yearly": 14.28,
            "eps_growth_yearly": 575.58
        },
        "20082": {
            "year_quarter": 20082,
            "year": 2008,
            "quarter": 2,
            "eps": 3.91,
            "eps_growth_year": 33.9,
            "eps_4q": 11.91,
            "eps_4q_growth_year": 28.98,
            "roe": 16.09,
            "roe_4q": 51.53,
            "gross_profit": 947525,
            "gross_margin": 57.68,
            "gross_margin_4q_avg": 38.88,
            "net_income": 1003822,
            "revenue": 1642599,
            "common_shares": 2564736,
            "book_valuer_per_share": 23.06,
            "book_valuer_per_share_4q_avg": 23.32,
            "equity": 5913101,
            "current_ratio": 92.63,
            "debt_ratio": 60.01,
            "inventory_turnover_ratio": null,
            "account_receivable_turnover_ratio": null,
            "reinvestment_rate": 92.67,
            "research_to_sale_ratio": null,
            "price_fair": 230.65,
            "eps_avg_yearly": 6.59,
            "eps_latest_yearly": 15.64,
            "eps_growth_yearly": 601.83
        },
        "20083": {
            "year_quarter": 20083,
            "year": 2008,
            "quarter": 3,
            "eps": 4.58,
            "eps_growth_year": 117.06,
            "eps_4q": 14.38,
            "eps_4q_growth_year": 60.07,
            "roe": 17.59,
            "roe_4q": 58.66,
            "gross_profit": 1032662,
            "gross_margin": 61.33,
            "gross_margin_4q_avg": 49.04,
            "net_income": 1175903,
            "revenue": 1683809,
            "common_shares": 2564736,
            "book_valuer_per_share": 29.06,
            "book_valuer_per_share_4q_avg": 25.29,
            "equity": 7453365,
            "current_ratio": 134.13,
            "debt_ratio": 53.2,
            "inventory_turnover_ratio": null,
            "account_receivable_turnover_ratio": null,
            "reinvestment_rate": 82.49,
            "research_to_sale_ratio": null,
            "price_fair": 267.23,
            "eps_avg_yearly": 7.64,
            "eps_latest_yearly": 18.32,
            "eps_growth_yearly": 131.11
        },
        "20084": {
            "year_quarter": 20084,
            "year": 2008,
            "quarter": 4,
            "eps": 4.5,
            "eps_growth_year": 93.13,
            "eps_4q": 16.57,
            "eps_4q_growth_year": 83.82,
            "roe": 14.22,
            "roe_4q": 62.440000000000005,
            "gross_profit": 1039909,
            "gross_margin": 64.04,
            "gross_margin_4q_avg": 60.04,
            "net_income": 1153828,
            "revenue": 1623940,
            "common_shares": 2564736,
            "book_valuer_per_share": 34.21,
            "book_valuer_per_share_4q_avg": 27.98,
            "equity": 8774692,
            "current_ratio": 137.07,
            "debt_ratio": 49.88,
            "inventory_turnover_ratio": null,
            "account_receivable_turnover_ratio": 11.59,
            "reinvestment_rate": 49.55,
            "research_to_sale_ratio": null,
            "price_fair": 303.54,
            "eps_avg_yearly": 8.67,
            "eps_latest_yearly": 18,
            "eps_growth_yearly": 133.8
        },
        "20091": {
            "year_quarter": 20091,
            "year": 2009,
            "quarter": 1,
            "eps": 3.78,
            "eps_growth_year": 5.88,
            "eps_4q": 16.76,
            "eps_4q_growth_year": 57.05,
            "roe": 10.33,
            "roe_4q": 58.230000000000004,
            "gross_profit": 797741,
            "gross_margin": 62.76,
            "gross_margin_4q_avg": 61.45,
            "net_income": 970735,
            "revenue": 1271041,
            "common_shares": 2564736,
            "book_valuer_per_share": 39.06,
            "book_valuer_per_share_4q_avg": 31.35,
            "equity": 10017924,
            "current_ratio": 137.89,
            "debt_ratio": 46.5,
            "inventory_turnover_ratio": null,
            "account_receivable_turnover_ratio": 5.43,
            "reinvestment_rate": 73.89,
            "research_to_sale_ratio": null,
            "price_fair": 335.56,
            "eps_avg_yearly": 9.59,
            "eps_latest_yearly": 15.12,
            "eps_growth_yearly": 146.23
        },
        "20092": {
            "year_quarter": 20092,
            "year": 2009,
            "quarter": 2,
            "eps": 3.54,
            "eps_growth_year": -9.46,
            "eps_4q": 16.39,
            "eps_4q_growth_year": 37.63,
            "roe": 9.61,
            "roe_4q": 51.75,
            "gross_profit": 700654,
            "gross_margin": 55.46,
            "gross_margin_4q_avg": 60.9,
            "net_income": 909157,
            "revenue": 1263298,
            "common_shares": 2564736,
            "book_valuer_per_share": 34.69,
            "book_valuer_per_share_4q_avg": 34.26,
            "equity": 8898058,
            "current_ratio": 152.46,
            "debt_ratio": 54.95,
            "inventory_turnover_ratio": null,
            "account_receivable_turnover_ratio": 6.29,
            "reinvestment_rate": 68.85,
            "research_to_sale_ratio": null,
            "price_fair": 363.04,
            "eps_avg_yearly": 10.37,
            "eps_latest_yearly": 14.16,
            "eps_growth_yearly": 86.31
        },
        "20093": {
            "year_quarter": 20093,
            "year": 2009,
            "quarter": 3,
            "eps": 2.75,
            "eps_growth_year": -39.96,
            "eps_4q": 14.58,
            "eps_4q_growth_year": 1.41,
            "roe": 7.7,
            "roe_4q": 41.86,
            "gross_profit": 510401,
            "gross_margin": 42.5,
            "gross_margin_4q_avg": 56.19,
            "net_income": 705072,
            "revenue": 1200818,
            "common_shares": 2564736,
            "book_valuer_per_share": 36.69,
            "book_valuer_per_share_4q_avg": 36.16,
            "equity": 9408763,
            "current_ratio": 228.43,
            "debt_ratio": 47.78,
            "inventory_turnover_ratio": null,
            "account_receivable_turnover_ratio": 5.24,
            "reinvestment_rate": 67.44,
            "research_to_sale_ratio": null,
            "price_fair": 379.05,
            "eps_avg_yearly": 10.83,
            "eps_latest_yearly": 11,
            "eps_growth_yearly": 48.23
        },
        "20094": {
            "year_quarter": 20094,
            "year": 2009,
            "quarter": 4,
            "eps": 1.12,
            "eps_growth_year": -75.11,
            "eps_4q": 11.2,
            "eps_4q_growth_year": -32.42,
            "roe": 3.01,
            "roe_4q": 30.65,
            "gross_profit": 513295,
            "gross_margin": 46.89,
            "gross_margin_4q_avg": 51.9,
            "net_income": 286892,
            "revenue": 1094786,
            "common_shares": 2564736,
            "book_valuer_per_share": 37.62,
            "book_valuer_per_share_4q_avg": 37.02,
            "equity": 9649150,
            "current_ratio": 324.77,
            "debt_ratio": 49.56,
            "inventory_turnover_ratio": null,
            "account_receivable_turnover_ratio": 6.59,
            "reinvestment_rate": 48.31,
            "research_to_sale_ratio": null,
            "price_fair": 379.14,
            "eps_avg_yearly": 10.83,
            "eps_latest_yearly": 4.48,
            "eps_growth_yearly": 28.25
        },
        "20101": {
            "year_quarter": 20101,
            "year": 2010,
            "quarter": 1,
            "eps": 1.83,
            "eps_growth_year": -51.59,
            "eps_4q": 9.24,
            "eps_4q_growth_year": -44.88,
            "roe": 4.75,
            "roe_4q": 25.07,
            "gross_profit": 560421,
            "gross_margin": 45.79,
            "gross_margin_4q_avg": 47.66,
            "net_income": 468448,
            "revenue": 1223883,
            "common_shares": 2564736,
            "book_valuer_per_share": 39.25,
            "book_valuer_per_share_4q_avg": 37.06,
            "equity": 10065537,
            "current_ratio": 327.39,
            "debt_ratio": 48.04,
            "inventory_turnover_ratio": null,
            "account_receivable_turnover_ratio": 4.22,
            "reinvestment_rate": 81.57,
            "research_to_sale_ratio": null,
            "price_fair": 385.35,
            "eps_avg_yearly": 11.01,
            "eps_latest_yearly": 7.32,
            "eps_growth_yearly": 43.87
        },
        "20102": {
            "year_quarter": 20102,
            "year": 2010,
            "quarter": 2,
            "eps": 1.57,
            "eps_growth_year": -55.65,
            "eps_4q": 7.26,
            "eps_4q_growth_year": -55.68,
            "roe": 4.22,
            "roe_4q": 19.68,
            "gross_profit": 427574,
            "gross_margin": 41.14,
            "gross_margin_4q_avg": 44.08,
            "net_income": 402617,
            "revenue": 1039291,
            "common_shares": 2564736,
            "book_valuer_per_share": 35.15,
            "book_valuer_per_share_4q_avg": 37.18,
            "equity": 9015405,
            "current_ratio": 201.6,
            "debt_ratio": 52.55,
            "inventory_turnover_ratio": null,
            "account_receivable_turnover_ratio": 4.16,
            "reinvestment_rate": 91.57,
            "research_to_sale_ratio": null,
            "price_fair": 392.18,
            "eps_avg_yearly": 11.21,
            "eps_latest_yearly": 6.28,
            "eps_growth_yearly": 47.69
        },
        "20103": {
            "year_quarter": 20103,
            "year": 2010,
            "quarter": 3,
            "eps": 3.08,
            "eps_growth_year": 11.94,
            "eps_4q": 7.59,
            "eps_4q_growth_year": -47.93,
            "roe": 8.5,
            "roe_4q": 20.479999999999997,
            "gross_profit": 399679,
            "gross_margin": 29.29,
            "gross_margin_4q_avg": 40.78,
            "net_income": 789481,
            "revenue": 1364376,
            "common_shares": 2564736,
            "book_valuer_per_share": 37.25,
            "book_valuer_per_share_4q_avg": 37.32,
            "equity": 9554454,
            "current_ratio": 306.06,
            "debt_ratio": 45.75,
            "inventory_turnover_ratio": 137.78,
            "account_receivable_turnover_ratio": 5.64,
            "reinvestment_rate": 86.69,
            "research_to_sale_ratio": null,
            "price_fair": 404.51,
            "eps_avg_yearly": 11.56,
            "eps_latest_yearly": 12.32,
            "eps_growth_yearly": 43.88
        },
        "20104": {
            "year_quarter": 20104,
            "year": 2010,
            "quarter": 4,
            "eps": 1.06,
            "eps_growth_year": -5.45,
            "eps_4q": 7.53,
            "eps_4q_growth_year": -32.72,
            "roe": 2.9,
            "roe_4q": 20.37,
            "gross_profit": 360489,
            "gross_margin": 65.04,
            "gross_margin_4q_avg": 45.32,
            "net_income": 271603,
            "revenue": 554244,
            "common_shares": 2564736,
            "book_valuer_per_share": 35.8,
            "book_valuer_per_share_4q_avg": 36.86,
            "equity": 9182098,
            "current_ratio": 308.34,
            "debt_ratio": 45.11,
            "inventory_turnover_ratio": 14,
            "account_receivable_turnover_ratio": 2.36,
            "reinvestment_rate": 50.56,
            "research_to_sale_ratio": null,
            "price_fair": 275.41,
            "eps_avg_yearly": 11.19,
            "eps_latest_yearly": 4.24,
            "eps_growth_yearly": 14.61
        },
        "20111": {
            "year_quarter": 20111,
            "year": 2011,
            "quarter": 1,
            "eps": 0.93,
            "eps_growth_year": -49.18,
            "eps_4q": 6.63,
            "eps_4q_growth_year": -28.19,
            "roe": 2.55,
            "roe_4q": 18.169999999999998,
            "gross_profit": 333283,
            "gross_margin": 36.56,
            "gross_margin_4q_avg": 43.01,
            "net_income": 237802,
            "revenue": 911488,
            "common_shares": 2564736,
            "book_valuer_per_share": 37,
            "book_valuer_per_share_4q_avg": 36.3,
            "equity": 9488608,
            "current_ratio": 290.34,
            "debt_ratio": 44.44,
            "inventory_turnover_ratio": 18.91,
            "account_receivable_turnover_ratio": 3.91,
            "reinvestment_rate": 90.66,
            "research_to_sale_ratio": null,
            "price_fair": 279.96,
            "eps_avg_yearly": 10.9,
            "eps_latest_yearly": 3.72,
            "eps_growth_yearly": 15.7
        },
        "20112": {
            "year_quarter": 20112,
            "year": 2011,
            "quarter": 2,
            "eps": 1.59,
            "eps_growth_year": 1.56,
            "eps_4q": 6.66,
            "eps_4q_growth_year": -8.33,
            "roe": 4.44,
            "roe_4q": 18.39,
            "gross_profit": 297611,
            "gross_margin": 34.52,
            "gross_margin_4q_avg": 41.35,
            "net_income": 408912,
            "revenue": 862078,
            "common_shares": 2564736,
            "book_valuer_per_share": 34.82,
            "book_valuer_per_share_4q_avg": 36.22,
            "equity": 8929253,
            "current_ratio": 225.05,
            "debt_ratio": 47.86,
            "inventory_turnover_ratio": 23.79,
            "account_receivable_turnover_ratio": 3.68,
            "reinvestment_rate": 93.01,
            "research_to_sale_ratio": null,
            "price_fair": 357.44,
            "eps_avg_yearly": 10.56,
            "eps_latest_yearly": 6.36,
            "eps_growth_yearly": 23.84
        },
        "20113": {
            "year_quarter": 20113,
            "year": 2011,
            "quarter": 3,
            "eps": 0.86,
            "eps_growth_year": -72.08,
            "eps_4q": 4.44,
            "eps_4q_growth_year": -41.53,
            "roe": 2.37,
            "roe_4q": 12.26,
            "gross_profit": 307584,
            "gross_margin": 37.43,
            "gross_margin_4q_avg": 43.39,
            "net_income": 220408,
            "revenue": 821856,
            "common_shares": 2564736,
            "book_valuer_per_share": 37.6,
            "book_valuer_per_share_4q_avg": 36.31,
            "equity": 9643413,
            "current_ratio": 263.68,
            "debt_ratio": 45.68,
            "inventory_turnover_ratio": 65.18,
            "account_receivable_turnover_ratio": 3.4,
            "reinvestment_rate": 104.58,
            "research_to_sale_ratio": null,
            "price_fair": 300.3,
            "eps_avg_yearly": 10.25,
            "eps_latest_yearly": 3.44,
            "eps_growth_yearly": 19.3
        },
        "20114": {
            "year_quarter": 20114,
            "year": 2011,
            "quarter": 4,
            "eps": 0.53,
            "eps_growth_year": -49.57,
            "eps_4q": 3.92,
            "eps_4q_growth_year": -48.03,
            "roe": 1.38,
            "roe_4q": 10.740000000000002,
            "gross_profit": 257625,
            "gross_margin": 31.28,
            "gross_margin_4q_avg": 34.95,
            "net_income": 136979,
            "revenue": 823667,
            "common_shares": 2564736,
            "book_valuer_per_share": 39.85,
            "book_valuer_per_share_4q_avg": 37.32,
            "equity": 10221368,
            "current_ratio": 229.38,
            "debt_ratio": 48.41,
            "inventory_turnover_ratio": 35.6,
            "account_receivable_turnover_ratio": 3.26,
            "reinvestment_rate": 82.18,
            "research_to_sale_ratio": null,
            "price_fair": 167.56,
            "eps_avg_yearly": 9.8,
            "eps_latest_yearly": 2.12,
            "eps_growth_yearly": 7.1
        },
        "20121": {
            "year_quarter": 20121,
            "year": 2012,
            "quarter": 1,
            "eps": 0.8,
            "eps_growth_year": -13.98,
            "eps_4q": 3.78,
            "eps_4q_growth_year": -42.97,
            "roe": 2.01,
            "roe_4q": 10.2,
            "gross_profit": 298411,
            "gross_margin": 32.26,
            "gross_margin_4q_avg": 33.87,
            "net_income": 204009,
            "revenue": 924986,
            "common_shares": 2564736,
            "book_valuer_per_share": 39.36,
            "book_valuer_per_share_4q_avg": 37.91,
            "equity": 10093795,
            "current_ratio": 243.81,
            "debt_ratio": 50.58,
            "inventory_turnover_ratio": 34.65,
            "account_receivable_turnover_ratio": 3.62,
            "reinvestment_rate": 101.22,
            "research_to_sale_ratio": null,
            "price_fair": 150.54,
            "eps_avg_yearly": 9.11,
            "eps_latest_yearly": 3.2,
            "eps_growth_yearly": 6.53
        },
        "20122": {
            "year_quarter": 20122,
            "year": 2012,
            "quarter": 2,
            "eps": 0.2,
            "eps_growth_year": -87.43,
            "eps_4q": 2.39,
            "eps_4q_growth_year": -64.12,
            "roe": 0.52,
            "roe_4q": 6.279999999999999,
            "gross_profit": 295711,
            "gross_margin": 31.81,
            "gross_margin_4q_avg": 33.2,
            "net_income": 51405,
            "revenue": 929624,
            "common_shares": 2564736,
            "book_valuer_per_share": 38,
            "book_valuer_per_share_4q_avg": 38.7,
            "equity": 9746743,
            "current_ratio": 392.94,
            "debt_ratio": 56.67,
            "inventory_turnover_ratio": 62.95,
            "account_receivable_turnover_ratio": 3.69,
            "reinvestment_rate": 101.83,
            "research_to_sale_ratio": null,
            "price_fair": 24.54,
            "eps_avg_yearly": 8.18,
            "eps_latest_yearly": 0.8,
            "eps_growth_yearly": -14.6
        },
        "20123": {
            "year_quarter": 20123,
            "year": 2012,
            "quarter": 3,
            "eps": 0.5,
            "eps_growth_year": -41.67,
            "eps_4q": 2.03,
            "eps_4q_growth_year": -54.25,
            "roe": 1.32,
            "roe_4q": 5.2299999999999995,
            "gross_profit": 316138,
            "gross_margin": 34.44,
            "gross_margin_4q_avg": 32.45,
            "net_income": 128558,
            "revenue": 917986,
            "common_shares": 2564736,
            "book_valuer_per_share": 37.71,
            "book_valuer_per_share_4q_avg": 38.73,
            "equity": 9672317,
            "current_ratio": 304.13,
            "debt_ratio": 56.93,
            "inventory_turnover_ratio": 67.14,
            "account_receivable_turnover_ratio": 3.56,
            "reinvestment_rate": 116.36,
            "research_to_sale_ratio": null,
            "price_fair": 204.88,
            "eps_avg_yearly": 7.16,
            "eps_latest_yearly": 2,
            "eps_growth_yearly": 18.61
        },
        "20124": {
            "year_quarter": 20124,
            "year": 2012,
            "quarter": 4,
            "eps": 0.74,
            "eps_growth_year": 37.86,
            "eps_4q": 2.23,
            "eps_4q_growth_year": -42.95,
            "roe": 1.94,
            "roe_4q": 5.789999999999999,
            "gross_profit": 237088,
            "gross_margin": 26.66,
            "gross_margin_4q_avg": 31.29,
            "net_income": 188836,
            "revenue": 889288,
            "common_shares": 2564736,
            "book_valuer_per_share": 38.05,
            "book_valuer_per_share_4q_avg": 38.28,
            "equity": 9759446,
            "current_ratio": 312.91,
            "debt_ratio": 56.62,
            "inventory_turnover_ratio": 36.6,
            "account_receivable_turnover_ratio": 3.47,
            "reinvestment_rate": 125.74,
            "research_to_sale_ratio": null,
            "price_fair": 217.7,
            "eps_avg_yearly": 6.22,
            "eps_latest_yearly": 2.96,
            "eps_growth_yearly": 31.05
        },
        "20131": {
            "year_quarter": 20131,
            "year": 2013,
            "quarter": 1,
            "eps": 0.47,
            "eps_growth_year": -41.25,
            "eps_4q": 1.91,
            "eps_4q_growth_year": -49.46,
            "roe": 1.23,
            "roe_4q": 5.01,
            "gross_profit": 213073,
            "gross_margin": 27.01,
            "gross_margin_4q_avg": 29.98,
            "net_income": 121580,
            "revenue": 788775,
            "common_shares": 2564736,
            "book_valuer_per_share": 39.26,
            "book_valuer_per_share_4q_avg": 38.26,
            "equity": 10067957,
            "current_ratio": 318.41,
            "debt_ratio": 57.56,
            "inventory_turnover_ratio": 32.97,
            "account_receivable_turnover_ratio": 3.11,
            "reinvestment_rate": 159.04,
            "research_to_sale_ratio": null,
            "price_fair": 188.74,
            "eps_avg_yearly": 5.39,
            "eps_latest_yearly": 1.88,
            "eps_growth_yearly": 25.93
        },
        "20132": {
            "year_quarter": 20132,
            "year": 2013,
            "quarter": 2,
            "eps": 0.28,
            "eps_growth_year": 39.7,
            "eps_4q": 1.99,
            "eps_4q_growth_year": -16.74,
            "roe": 0.71,
            "roe_4q": 5.2,
            "gross_profit": 184852,
            "gross_margin": 21.94,
            "gross_margin_4q_avg": 27.51,
            "net_income": 71273,
            "revenue": 842390,
            "common_shares": 2564736,
            "book_valuer_per_share": 38.73,
            "book_valuer_per_share_4q_avg": 38.44,
            "equity": 9933079,
            "current_ratio": 296.96,
            "debt_ratio": 57.86,
            "inventory_turnover_ratio": 39.77,
            "account_receivable_turnover_ratio": 3.2,
            "reinvestment_rate": 183.09,
            "research_to_sale_ratio": null,
            "price_fair": 125.47,
            "eps_avg_yearly": 4.58,
            "eps_latest_yearly": 1.12,
            "eps_growth_yearly": 17.41
        },
        "20133": {
            "year_quarter": 20133,
            "year": 2013,
            "quarter": 3,
            "eps": 0.54,
            "eps_growth_year": 7.73,
            "eps_4q": 2.02,
            "eps_4q_growth_year": -0.38,
            "roe": 1.38,
            "roe_4q": 5.26,
            "gross_profit": 215208,
            "gross_margin": 25.75,
            "gross_margin_4q_avg": 25.34,
            "net_income": 137308,
            "revenue": 835884,
            "common_shares": 2564736,
            "book_valuer_per_share": 38.78,
            "book_valuer_per_share_4q_avg": 38.71,
            "equity": 9944841,
            "current_ratio": 513.64,
            "debt_ratio": 54.82,
            "inventory_turnover_ratio": 40.02,
            "account_receivable_turnover_ratio": 3.18,
            "reinvestment_rate": 201.83,
            "research_to_sale_ratio": null,
            "price_fair": 140.88,
            "eps_avg_yearly": 4.03,
            "eps_latest_yearly": 2.16,
            "eps_growth_yearly": 46.2
        },
        "20134": {
            "year_quarter": 20134,
            "year": 2013,
            "quarter": 4,
            "eps": 0.26,
            "eps_growth_year": -64.79,
            "eps_4q": 1.55,
            "eps_4q_growth_year": -30.75,
            "roe": 0.66,
            "roe_4q": 3.98,
            "gross_profit": 173389,
            "gross_margin": 20.01,
            "gross_margin_4q_avg": 23.68,
            "net_income": 66487,
            "revenue": 866346,
            "common_shares": 2564736,
            "book_valuer_per_share": 39.47,
            "book_valuer_per_share_4q_avg": 39.06,
            "equity": 10123930,
            "current_ratio": 184.52,
            "debt_ratio": 54.16,
            "inventory_turnover_ratio": 45.64,
            "account_receivable_turnover_ratio": 3.11,
            "reinvestment_rate": 165.65,
            "research_to_sale_ratio": null,
            "price_fair": 133.35,
            "eps_avg_yearly": 3.81,
            "eps_latest_yearly": 1.04,
            "eps_growth_yearly": 48.06
        },
        "20141": {
            "year_quarter": 20141,
            "year": 2014,
            "quarter": 1,
            "eps": 0.26,
            "eps_growth_year": -44.68,
            "eps_4q": 1.33,
            "eps_4q_growth_year": -30.57,
            "roe": 0.64,
            "roe_4q": 3.3899999999999997,
            "gross_profit": 223726,
            "gross_margin": 26.44,
            "gross_margin_4q_avg": 23.54,
            "net_income": 65410,
            "revenue": 846114,
            "common_shares": 2564736,
            "book_valuer_per_share": 40.64,
            "book_valuer_per_share_4q_avg": 39.41,
            "equity": 10423949,
            "current_ratio": 196.26,
            "debt_ratio": 53.22,
            "inventory_turnover_ratio": 40.84,
            "account_receivable_turnover_ratio": 2.75,
            "reinvestment_rate": 185.87,
            "research_to_sale_ratio": null,
            "price_fair": 119.61,
            "eps_avg_yearly": 3.42,
            "eps_latest_yearly": 1.04,
            "eps_growth_yearly": 32.21
        },
        "20142": {
            "year_quarter": 20142,
            "year": 2014,
            "quarter": 2,
            "eps": 0.24,
            "eps_growth_year": -14.29,
            "eps_4q": 1.29,
            "eps_4q_growth_year": -35.15,
            "roe": 0.61,
            "roe_4q": 3.29,
            "gross_profit": 215408,
            "gross_margin": 24.42,
            "gross_margin_4q_avg": 24.16,
            "net_income": 61685,
            "revenue": 881953,
            "common_shares": 2564736,
            "book_valuer_per_share": 38.55,
            "book_valuer_per_share_4q_avg": 39.36,
            "equity": 9887910,
            "current_ratio": 162.59,
            "debt_ratio": 55.36,
            "inventory_turnover_ratio": 41.9,
            "account_receivable_turnover_ratio": 2.81,
            "reinvestment_rate": 151.69,
            "research_to_sale_ratio": null,
            "price_fair": 107.98,
            "eps_avg_yearly": 3.09,
            "eps_latest_yearly": 0.96,
            "eps_growth_yearly": 33.84
        },
        "20143": {
            "year_quarter": 20143,
            "year": 2014,
            "quarter": 3,
            "eps": 0.39,
            "eps_growth_year": -27.78,
            "eps_4q": 1.15,
            "eps_4q_growth_year": -43.33,
            "roe": 1,
            "roe_4q": 2.91,
            "gross_profit": 227518,
            "gross_margin": 26.27,
            "gross_margin_4q_avg": 24.29,
            "net_income": 100514,
            "revenue": 866230,
            "common_shares": 2564736,
            "book_valuer_per_share": 39.74,
            "book_valuer_per_share_4q_avg": 39.6,
            "equity": 10191242,
            "current_ratio": 176.24,
            "debt_ratio": 53.48,
            "inventory_turnover_ratio": 37.14,
            "account_receivable_turnover_ratio": 2.79,
            "reinvestment_rate": 203.64,
            "research_to_sale_ratio": null,
            "price_fair": 84.44,
            "eps_avg_yearly": 2.41,
            "eps_latest_yearly": 1.56,
            "eps_growth_yearly": 25.42
        },
        "20144": {
            "year_quarter": 20144,
            "year": 2014,
            "quarter": 4,
            "eps": 0.41,
            "eps_growth_year": 58.08,
            "eps_4q": 1.3,
            "eps_4q_growth_year": -16.12,
            "roe": 1,
            "roe_4q": 3.25,
            "gross_profit": 237561,
            "gross_margin": 26.48,
            "gross_margin_4q_avg": 25.9,
            "net_income": 105105,
            "revenue": 896984,
            "common_shares": 2564736,
            "book_valuer_per_share": 41.83,
            "book_valuer_per_share_4q_avg": 40.19,
            "equity": 10727547,
            "current_ratio": 229.64,
            "debt_ratio": 49.83,
            "inventory_turnover_ratio": 38.4,
            "account_receivable_turnover_ratio": 2.94,
            "reinvestment_rate": 249.43,
            "research_to_sale_ratio": null,
            "price_fair": 78.75,
            "eps_avg_yearly": 2.25,
            "eps_latest_yearly": 1.64,
            "eps_growth_yearly": 43.1
        },
        "20151": {
            "year_quarter": 20151,
            "year": 2015,
            "quarter": 1,
            "eps": 0.56,
            "eps_growth_year": 115.38,
            "eps_4q": 1.6,
            "eps_4q_growth_year": 20.61,
            "roe": 1.34,
            "roe_4q": 3.9499999999999997,
            "gross_profit": 254970,
            "gross_margin": 30.62,
            "gross_margin_4q_avg": 26.95,
            "net_income": 143353,
            "revenue": 832582,
            "common_shares": 2564736,
            "book_valuer_per_share": 41.88,
            "book_valuer_per_share_4q_avg": 40.5,
            "equity": 10741579,
            "current_ratio": 249.07,
            "debt_ratio": 48.85,
            "inventory_turnover_ratio": 70.04,
            "account_receivable_turnover_ratio": 2.92,
            "reinvestment_rate": 232.55,
            "research_to_sale_ratio": null,
            "price_fair": 75.51,
            "eps_avg_yearly": 2.16,
            "eps_latest_yearly": 2.24,
            "eps_growth_yearly": 55.31
        },
        "20152": {
            "year_quarter": 20152,
            "year": 2015,
            "quarter": 2,
            "eps": -0.05,
            "eps_growth_year": -120.83,
            "eps_4q": 1.31,
            "eps_4q_growth_year": 1.36,
            "roe": -0.13,
            "roe_4q": 3.21,
            "gross_profit": 211332,
            "gross_margin": 25.13,
            "gross_margin_4q_avg": 27.13,
            "net_income": -13598,
            "revenue": 840807,
            "common_shares": 2564736,
            "book_valuer_per_share": 39.91,
            "book_valuer_per_share_4q_avg": 40.84,
            "equity": 10235045,
            "current_ratio": 220.2,
            "debt_ratio": 49.64,
            "inventory_turnover_ratio": 76.18,
            "account_receivable_turnover_ratio": 3.21,
            "reinvestment_rate": 258.92,
            "research_to_sale_ratio": null,
            "price_fair": 65.71,
            "eps_avg_yearly": 1.88,
            "eps_latest_yearly": 2.24,
            "eps_growth_yearly": 40.07
        },
        "20153": {
            "year_quarter": 20153,
            "year": 2015,
            "quarter": 3,
            "eps": 0.39,
            "eps_growth_year": 0,
            "eps_4q": 1.31,
            "eps_4q_growth_year": 14.06,
            "roe": 0.95,
            "roe_4q": 3.16,
            "gross_profit": 239634,
            "gross_margin": 28.54,
            "gross_margin_4q_avg": 27.69,
            "net_income": 100592,
            "revenue": 839698,
            "common_shares": 2564736,
            "book_valuer_per_share": 43.09,
            "book_valuer_per_share_4q_avg": 41.68,
            "equity": 11051705,
            "current_ratio": 213.29,
            "debt_ratio": 48.32,
            "inventory_turnover_ratio": 35.37,
            "account_receivable_turnover_ratio": 3.28,
            "reinvestment_rate": 278.63,
            "research_to_sale_ratio": null,
            "price_fair": 61.8,
            "eps_avg_yearly": 1.77,
            "eps_latest_yearly": 2.24,
            "eps_growth_yearly": 56.05
        },
        "20154": {
            "year_quarter": 20154,
            "year": 2015,
            "quarter": 4,
            "eps": 0.4,
            "eps_growth_year": -2.54,
            "eps_4q": 1.3,
            "eps_4q_growth_year": 0.02,
            "roe": 0.92,
            "roe_4q": 3.08,
            "gross_profit": 233828,
            "gross_margin": 27.56,
            "gross_margin_4q_avg": 27.96,
            "net_income": 102440,
            "revenue": 848370,
            "common_shares": 2564736,
            "book_valuer_per_share": 43.44,
            "book_valuer_per_share_4q_avg": 42.08,
            "equity": 11140577,
            "current_ratio": 208.37,
            "debt_ratio": 47.73,
            "inventory_turnover_ratio": 34.26,
            "account_receivable_turnover_ratio": 3.33,
            "reinvestment_rate": 156.24,
            "research_to_sale_ratio": null,
            "price_fair": 60.5,
            "eps_avg_yearly": 1.73,
            "eps_latest_yearly": 1.6,
            "eps_growth_yearly": 67.75
        },
        "20161": {
            "year_quarter": 20161,
            "year": 2016,
            "quarter": 1,
            "eps": 0.31,
            "eps_growth_year": -44.64,
            "eps_4q": 1.05,
            "eps_4q_growth_year": -34.68,
            "roe": 0.71,
            "roe_4q": 2.45,
            "gross_profit": 228633,
            "gross_margin": 28.11,
            "gross_margin_4q_avg": 27.34,
            "net_income": 78822,
            "revenue": 813346,
            "common_shares": 2564736,
            "book_valuer_per_share": 42.85,
            "book_valuer_per_share_4q_avg": 42.32,
            "equity": 10990557,
            "current_ratio": 471.85,
            "debt_ratio": 50.09,
            "inventory_turnover_ratio": 33.1,
            "account_receivable_turnover_ratio": 3.32,
            "reinvestment_rate": 83.6,
            "research_to_sale_ratio": null,
            "price_fair": 55.6,
            "eps_avg_yearly": 1.59,
            "eps_latest_yearly": 1.24,
            "eps_growth_yearly": 46.77
        },
        "20162": {
            "year_quarter": 20162,
            "year": 2016,
            "quarter": 2,
            "eps": 0.13,
            "eps_growth_year": null,
            "eps_4q": 1.23,
            "eps_4q_growth_year": -5.79,
            "roe": 0.31,
            "roe_4q": 2.8899999999999997,
            "gross_profit": 218376,
            "gross_margin": 26.56,
            "gross_margin_4q_avg": 27.69,
            "net_income": 34110,
            "revenue": 822080,
            "common_shares": 2564736,
            "book_valuer_per_share": 42.9,
            "book_valuer_per_share_4q_avg": 43.07,
            "equity": 11002740,
            "current_ratio": 148.38,
            "debt_ratio": 49.52,
            "inventory_turnover_ratio": 36.51,
            "account_receivable_turnover_ratio": 3.2,
            "reinvestment_rate": 66.88,
            "research_to_sale_ratio": null,
            "price_fair": 54.9,
            "eps_avg_yearly": 1.57,
            "eps_latest_yearly": 0.52,
            "eps_growth_yearly": 51.6
        },
        "20163": {
            "year_quarter": 20163,
            "year": 2016,
            "quarter": 3,
            "eps": 0.09,
            "eps_growth_year": -76.92,
            "eps_4q": 1.2,
            "eps_4q_growth_year": -8.41,
            "roe": 0.2,
            "roe_4q": 2.14,
            "gross_profit": 212945,
            "gross_margin": 25.68,
            "gross_margin_4q_avg": 26.98,
            "net_income": 21210,
            "revenue": 829077,
            "common_shares": 1974846,
            "book_valuer_per_share": 51.17,
            "book_valuer_per_share_4q_avg": 45.09,
            "equity": 10106244,
            "current_ratio": 116.78,
            "debt_ratio": 53.78,
            "inventory_turnover_ratio": 35.78,
            "account_receivable_turnover_ratio": 2.87,
            "reinvestment_rate": 101.02,
            "research_to_sale_ratio": null,
            "price_fair": 4.35,
            "eps_avg_yearly": 1.45,
            "eps_latest_yearly": 0.36,
            "eps_growth_yearly": -0.04
        },
        "20164": {
            "year_quarter": 20164,
            "year": 2016,
            "quarter": 4,
            "eps": -0.44,
            "eps_growth_year": -209.28,
            "eps_4q": 0.24,
            "eps_4q_growth_year": -81.29,
            "roe": -0.84,
            "roe_4q": 0.38000000000000006,
            "gross_profit": 147783,
            "gross_margin": 17.8,
            "gross_margin_4q_avg": 24.54,
            "net_income": -86201,
            "revenue": 830331,
            "common_shares": 1974846,
            "book_valuer_per_share": 52.27,
            "book_valuer_per_share_4q_avg": 47.3,
            "equity": 10323461,
            "current_ratio": 122.84,
            "debt_ratio": 51.92,
            "inventory_turnover_ratio": 38.73,
            "account_receivable_turnover_ratio": 2.85,
            "reinvestment_rate": 138.97,
            "research_to_sale_ratio": null,
            "price_fair": 4.01,
            "eps_avg_yearly": 1.34,
            "eps_latest_yearly": 0.36,
            "eps_growth_yearly": -14.82
        },
        "20171": {
            "year_quarter": 20171,
            "year": 2017,
            "quarter": 1,
            "eps": -0.37,
            "eps_growth_year": -219.35,
            "eps_4q": -0.52,
            "eps_4q_growth_year": -150.07,
            "roe": -0.73,
            "roe_4q": -1.0599999999999998,
            "gross_profit": 143037,
            "gross_margin": 18.45,
            "gross_margin_4q_avg": 22.12,
            "net_income": -72551,
            "revenue": 775250,
            "common_shares": 1974846,
            "book_valuer_per_share": 48.43,
            "book_valuer_per_share_4q_avg": 48.69,
            "equity": 9564412,
            "current_ratio": 118.61,
            "debt_ratio": 54.65,
            "inventory_turnover_ratio": 35.53,
            "account_receivable_turnover_ratio": 2.91,
            "reinvestment_rate": 20.26,
            "research_to_sale_ratio": null,
            "price_fair": 3.87,
            "eps_avg_yearly": 1.29,
            "eps_latest_yearly": 0.36,
            "eps_growth_yearly": -3.89
        },
        "20172": {
            "year_quarter": 20172,
            "year": 2017,
            "quarter": 2,
            "eps": -0.18,
            "eps_growth_year": -238.46,
            "eps_4q": -0.88,
            "eps_4q_growth_year": -171.62,
            "roe": -0.39,
            "roe_4q": -1.76,
            "gross_profit": 98609,
            "gross_margin": 12.31,
            "gross_margin_4q_avg": 18.56,
            "net_income": -36693,
            "revenue": 801287,
            "common_shares": 1974846,
            "book_valuer_per_share": 47.86,
            "book_valuer_per_share_4q_avg": 49.93,
            "equity": 9452494,
            "current_ratio": 170.26,
            "debt_ratio": 52.3,
            "inventory_turnover_ratio": 38.04,
            "account_receivable_turnover_ratio": 3.25,
            "reinvestment_rate": 21.29,
            "research_to_sale_ratio": null,
            "price_fair": 26.71,
            "eps_avg_yearly": 1.31,
            "eps_latest_yearly": 0.36,
            "eps_growth_yearly": 10.46
        },
        "20173": {
            "year_quarter": 20173,
            "year": 2017,
            "quarter": 3,
            "eps": 0.34,
            "eps_growth_year": 277.78,
            "eps_4q": -0.65,
            "eps_4q_growth_year": -154.34,
            "roe": 0.71,
            "roe_4q": -1.25,
            "gross_profit": 152479,
            "gross_margin": 19.06,
            "gross_margin_4q_avg": 16.91,
            "net_income": 66896,
            "revenue": 799900,
            "common_shares": 1974846,
            "book_valuer_per_share": 47.92,
            "book_valuer_per_share_4q_avg": 49.12,
            "equity": 9462976,
            "current_ratio": 171.08,
            "debt_ratio": 53.64,
            "inventory_turnover_ratio": 36.22,
            "account_receivable_turnover_ratio": 3.32,
            "reinvestment_rate": 117.09,
            "research_to_sale_ratio": null,
            "price_fair": 3.66,
            "eps_avg_yearly": 1.22,
            "eps_latest_yearly": 0.36,
            "eps_growth_yearly": -25.64
        },
        "20174": {
            "year_quarter": 20174,
            "year": 2017,
            "quarter": 4,
            "eps": 0.71,
            "eps_growth_year": null,
            "eps_4q": 0.5,
            "eps_4q_growth_year": 104.53,
            "roe": 1.49,
            "roe_4q": 1.08,
            "gross_profit": 164067,
            "gross_margin": 19.49,
            "gross_margin_4q_avg": 17.33,
            "net_income": 140400,
            "revenue": 841929,
            "common_shares": 1974846,
            "book_valuer_per_share": 47.73,
            "book_valuer_per_share_4q_avg": 47.99,
            "equity": 9426721,
            "current_ratio": 182.83,
            "debt_ratio": 53.05,
            "inventory_turnover_ratio": 37.44,
            "account_receivable_turnover_ratio": 3.3,
            "reinvestment_rate": 60.69,
            "research_to_sale_ratio": null,
            "price_fair": 49,
            "eps_avg_yearly": 1.4,
            "eps_latest_yearly": 2.84,
            "eps_growth_yearly": 38.63
        },
        "20181": {
            "year_quarter": 20181,
            "year": 2018,
            "quarter": 1,
            "eps": 0.36,
            "eps_growth_year": null,
            "eps_4q": 1.22,
            "eps_4q_growth_year": null,
            "roe": 0.76,
            "roe_4q": 2.57,
            "gross_profit": 188351,
            "gross_margin": 22.09,
            "gross_margin_4q_avg": 18.24,
            "net_income": 71152,
            "revenue": 852611,
            "common_shares": 1974846,
            "book_valuer_per_share": 46.92,
            "book_valuer_per_share_4q_avg": 47.61,
            "equity": 9266489,
            "current_ratio": 177.18,
            "debt_ratio": 52.73,
            "inventory_turnover_ratio": 33.44,
            "account_receivable_turnover_ratio": 3.35,
            "reinvestment_rate": 5.58,
            "research_to_sale_ratio": null,
            "price_fair": 41.63,
            "eps_avg_yearly": 1.44,
            "eps_latest_yearly": 1.44,
            "eps_growth_yearly": 18.91
        },
        "20182": {
            "year_quarter": 20182,
            "year": 2018,
            "quarter": 2,
            "eps": 0.59,
            "eps_growth_year": null,
            "eps_4q": 2,
            "eps_4q_growth_year": null,
            "roe": 1.23,
            "roe_4q": 4.1899999999999995,
            "gross_profit": 233707,
            "gross_margin": 24.79,
            "gross_margin_4q_avg": 21.36,
            "net_income": 117037,
            "revenue": 942622,
            "common_shares": 1974846,
            "book_valuer_per_share": 49.48,
            "book_valuer_per_share_4q_avg": 48.01,
            "equity": 9770639,
            "current_ratio": 180.44,
            "debt_ratio": 52.06,
            "inventory_turnover_ratio": 33.23,
            "account_receivable_turnover_ratio": 3.67,
            "reinvestment_rate": 103.06,
            "research_to_sale_ratio": null,
            "price_fair": 55.3,
            "eps_avg_yearly": 1.58,
            "eps_latest_yearly": 2.36,
            "eps_growth_yearly": 47.54
        },
        "20183": {
            "year_quarter": 20183,
            "year": 2018,
            "quarter": 3,
            "eps": 0.87,
            "eps_growth_year": 155.88,
            "eps_4q": 2.54,
            "eps_4q_growth_year": null,
            "roe": 1.74,
            "roe_4q": 5.22,
            "gross_profit": 267658,
            "gross_margin": 26.79,
            "gross_margin_4q_avg": 23.29,
            "net_income": 172083,
            "revenue": 999209,
            "common_shares": 1974846,
            "book_valuer_per_share": 50.46,
            "book_valuer_per_share_4q_avg": 48.65,
            "equity": 9965853,
            "current_ratio": 167.84,
            "debt_ratio": 50.78,
            "inventory_turnover_ratio": 34.65,
            "account_receivable_turnover_ratio": 3.67,
            "reinvestment_rate": 77.16,
            "research_to_sale_ratio": null,
            "price_fair": 62.02,
            "eps_avg_yearly": 1.77,
            "eps_latest_yearly": 3.48,
            "eps_growth_yearly": 41.53
        },
        "20184": {
            "year_quarter": 20184,
            "year": 2018,
            "quarter": 4,
            "eps": 0.78,
            "eps_growth_year": 9.29,
            "eps_4q": 2.6,
            "eps_4q_growth_year": 423.92,
            "roe": 1.52,
            "roe_4q": 5.25,
            "gross_profit": 279972,
            "gross_margin": 27.29,
            "gross_margin_4q_avg": 25.24,
            "net_income": 153439,
            "revenue": 1025782,
            "common_shares": 1974846,
            "book_valuer_per_share": 51.58,
            "book_valuer_per_share_4q_avg": 49.61,
            "equity": 10186815,
            "current_ratio": 175.62,
            "debt_ratio": 50.12,
            "inventory_turnover_ratio": 38.2,
            "account_receivable_turnover_ratio": 3.58,
            "reinvestment_rate": 18.8,
            "research_to_sale_ratio": null,
            "price_fair": 67.2,
            "eps_avg_yearly": 1.92,
            "eps_latest_yearly": 3.12,
            "eps_growth_yearly": 35.34
        },
        "20191": {
            "year_quarter": 20191,
            "year": 2019,
            "quarter": 1,
            "eps": 0.63,
            "eps_growth_year": 75,
            "eps_4q": 2.87,
            "eps_4q_growth_year": 134.64,
            "roe": 1.21,
            "roe_4q": 5.699999999999999,
            "gross_profit": 249601,
            "gross_margin": 25.9,
            "gross_margin_4q_avg": 26.19,
            "net_income": 124691,
            "revenue": 963884,
            "common_shares": 1974846,
            "book_valuer_per_share": 52.43,
            "book_valuer_per_share_4q_avg": 50.99,
            "equity": 10354647,
            "current_ratio": 162.7,
            "debt_ratio": 50.3,
            "inventory_turnover_ratio": 39.91,
            "account_receivable_turnover_ratio": 3.3,
            "reinvestment_rate": 44.43,
            "research_to_sale_ratio": null,
            "price_fair": 44.83,
            "eps_avg_yearly": 1.95,
            "eps_latest_yearly": 2.52,
            "eps_growth_yearly": 13.01
        },
        "20192": {
            "year_quarter": 20192,
            "year": 2019,
            "quarter": 2,
            "eps": 0.33,
            "eps_growth_year": -44.07,
            "eps_4q": 2.61,
            "eps_4q_growth_year": 30.33,
            "roe": 0.63,
            "roe_4q": 5.1,
            "gross_profit": 199872,
            "gross_margin": 21.04,
            "gross_margin_4q_avg": 25.26,
            "net_income": 65221,
            "revenue": 949739,
            "common_shares": 1974846,
            "book_valuer_per_share": 51.6,
            "book_valuer_per_share_4q_avg": 51.52,
            "equity": 10189776,
            "current_ratio": 128.61,
            "debt_ratio": 51.35,
            "inventory_turnover_ratio": 43.97,
            "account_receivable_turnover_ratio": 3.35,
            "reinvestment_rate": 83.67,
            "research_to_sale_ratio": null,
            "price_fair": 5.67,
            "eps_avg_yearly": 1.89,
            "eps_latest_yearly": 1.32,
            "eps_growth_yearly": -5.49
        },
        "20193": {
            "year_quarter": 20193,
            "year": 2019,
            "quarter": 3,
            "eps": 0.45,
            "eps_growth_year": -48.28,
            "eps_4q": 2.19,
            "eps_4q_growth_year": -13.76,
            "roe": 0.86,
            "roe_4q": 4.220000000000001,
            "gross_profit": 198671,
            "gross_margin": 21.43,
            "gross_margin_4q_avg": 23.92,
            "net_income": 88448,
            "revenue": 927117,
            "common_shares": 1974846,
            "book_valuer_per_share": 52.09,
            "book_valuer_per_share_4q_avg": 51.93,
            "equity": 10286167,
            "current_ratio": 132.05,
            "debt_ratio": 49.51,
            "inventory_turnover_ratio": 43.03,
            "account_receivable_turnover_ratio": 3.19,
            "reinvestment_rate": -20.75,
            "research_to_sale_ratio": null,
            "price_fair": 32.19,
            "eps_avg_yearly": 1.88,
            "eps_latest_yearly": 1.8,
            "eps_growth_yearly": 7.09
        },
        "20194": {
            "year_quarter": 20194,
            "year": 2019,
            "quarter": 4,
            "eps": 0.23,
            "eps_growth_year": -70.36,
            "eps_4q": 1.64,
            "eps_4q_growth_year": -36.96,
            "roe": 0.45,
            "roe_4q": 3.15,
            "gross_profit": 181004,
            "gross_margin": 19.63,
            "gross_margin_4q_avg": 22,
            "net_income": 45482,
            "revenue": 921985,
            "common_shares": 1974846,
            "book_valuer_per_share": 50.3,
            "book_valuer_per_share_4q_avg": 51.61,
            "equity": 9934363,
            "current_ratio": 127.31,
            "debt_ratio": 50.22,
            "inventory_turnover_ratio": 44.29,
            "account_receivable_turnover_ratio": 3.15,
            "reinvestment_rate": -79.61,
            "research_to_sale_ratio": null,
            "price_fair": 5.48,
            "eps_avg_yearly": 1.83,
            "eps_latest_yearly": 0.92,
            "eps_growth_yearly": -10.06
        },
        "20201": {
            "year_quarter": 20201,
            "year": 2020,
            "quarter": 1,
            "eps": 0.01,
            "eps_growth_year": -98.41,
            "eps_4q": 1.02,
            "eps_4q_growth_year": -64.42,
            "roe": 0.03,
            "roe_4q": 1.9699999999999998,
            "gross_profit": 146314,
            "gross_margin": 18.01,
            "gross_margin_4q_avg": 20.03,
            "net_income": 2692,
            "revenue": 812411,
            "common_shares": 1974846,
            "book_valuer_per_share": 50.31,
            "book_valuer_per_share_4q_avg": 51.08,
            "equity": 9936397,
            "current_ratio": 73.37,
            "debt_ratio": 49.69,
            "inventory_turnover_ratio": 40.3,
            "account_receivable_turnover_ratio": 3.06,
            "reinvestment_rate": -58.71,
            "research_to_sale_ratio": null,
            "price_fair": 5.18,
            "eps_avg_yearly": 1.73,
            "eps_latest_yearly": 0.04,
            "eps_growth_yearly": -34.44
        },
        "20202": {
            "year_quarter": 20202,
            "year": 2020,
            "quarter": 2,
            "eps": 0.67,
            "eps_growth_year": 103.03,
            "eps_4q": 1.36,
            "eps_4q_growth_year": -47.81,
            "roe": 1.34,
            "roe_4q": 2.68,
            "gross_profit": 130836,
            "gross_margin": 17.68,
            "gross_margin_4q_avg": 19.19,
            "net_income": 132393,
            "revenue": 740139,
            "common_shares": 1974846,
            "book_valuer_per_share": 49.48,
            "book_valuer_per_share_4q_avg": 50.55,
            "equity": 9770967,
            "current_ratio": 73.11,
            "debt_ratio": 49.85,
            "inventory_turnover_ratio": 36.62,
            "account_receivable_turnover_ratio": 2.86,
            "reinvestment_rate": -95.61,
            "research_to_sale_ratio": null,
            "price_fair": 66.73,
            "eps_avg_yearly": 1.91,
            "eps_latest_yearly": 2.68,
            "eps_growth_yearly": 2184.91
        },
        "20203": {
            "year_quarter": 20203,
            "year": 2020,
            "quarter": 3,
            "eps": 1.03,
            "eps_growth_year": 128.89,
            "eps_4q": 1.94,
            "eps_4q_growth_year": -11.09,
            "roe": 2.08,
            "roe_4q": 3.9,
            "gross_profit": 130164,
            "gross_margin": 16.56,
            "gross_margin_4q_avg": 17.97,
            "net_income": 203356,
            "revenue": 785825,
            "common_shares": 1974846,
            "book_valuer_per_share": 49.62,
            "book_valuer_per_share_4q_avg": 49.93,
            "equity": 9798605,
            "current_ratio": 131.48,
            "debt_ratio": 50.44,
            "inventory_turnover_ratio": 39.37,
            "account_receivable_turnover_ratio": 2.82,
            "reinvestment_rate": -167.82,
            "research_to_sale_ratio": null,
            "price_fair": 77.7,
            "eps_avg_yearly": 2.22,
            "eps_latest_yearly": 4.12,
            "eps_growth_yearly": 2213.08
        },
        "20204": {
            "year_quarter": 20204,
            "year": 2020,
            "quarter": 4,
            "eps": -0.05,
            "eps_growth_year": -120.67,
            "eps_4q": 1.67,
            "eps_4q_growth_year": 1.6,
            "roe": -0.1,
            "roe_4q": 3.35,
            "gross_profit": 140538,
            "gross_margin": 17.73,
            "gross_margin_4q_avg": 17.5,
            "net_income": -9402,
            "revenue": 792740,
            "common_shares": 1974846,
            "book_valuer_per_share": 49.37,
            "book_valuer_per_share_4q_avg": 49.7,
            "equity": 9749934,
            "current_ratio": 144.9,
            "debt_ratio": 49.96,
            "inventory_turnover_ratio": 40.1,
            "account_receivable_turnover_ratio": 2.75,
            "reinvestment_rate": -280.43,
            "research_to_sale_ratio": null,
            "price_fair": 77.7,
            "eps_avg_yearly": 2.22,
            "eps_latest_yearly": 4.12,
            "eps_growth_yearly": 2213.08
        },
        "20211": {
            "year_quarter": 20211,
            "year": 2021,
            "quarter": 1,
            "eps": 1.12,
            "eps_growth_year": 11100,
            "eps_4q": 2.77,
            "eps_4q_growth_year": 171.02,
            "roe": 2.23,
            "roe_4q": 5.55,
            "gross_profit": 136032,
            "gross_margin": 17.16,
            "gross_margin_4q_avg": 17.28,
            "net_income": 220685,
            "revenue": 792821,
            "common_shares": 1974846,
            "book_valuer_per_share": 50.81,
            "book_valuer_per_share_4q_avg": 49.82,
            "equity": 10034928,
            "current_ratio": 194.27,
            "debt_ratio": 45.64,
            "inventory_turnover_ratio": 41.06,
            "account_receivable_turnover_ratio": 2.58,
            "reinvestment_rate": -218.52,
            "research_to_sale_ratio": null,
            "price_fair": 77.7,
            "eps_avg_yearly": 2.22,
            "eps_latest_yearly": 4.12,
            "eps_growth_yearly": 2213.08
        },
        "20212": {
            "year_quarter": 20212,
            "year": 2021,
            "quarter": 2,
            "eps": 4.08,
            "eps_growth_year": 508.96,
            "eps_4q": 6.18,
            "eps_4q_growth_year": 353.61,
            "roe": 7.58,
            "roe_4q": 11.790000000000001,
            "gross_profit": 112248,
            "gross_margin": 13.91,
            "gross_margin_4q_avg": 16.34,
            "net_income": 804278,
            "revenue": 806921,
            "common_shares": 1974846,
            "book_valuer_per_share": 56.48,
            "book_valuer_per_share_4q_avg": 51.57,
            "equity": 11175549,
            "current_ratio": 176.45,
            "debt_ratio": 41.38,
            "inventory_turnover_ratio": 41.48,
            "account_receivable_turnover_ratio": 2.46,
            "reinvestment_rate": -127.18,
            "research_to_sale_ratio": null,
            "price_fair": 115.66,
            "eps_avg_yearly": 3.3,
            "eps_latest_yearly": 16.32,
            "eps_growth_yearly": 2124.16
        },
        "20213": {
            "year_quarter": 20213,
            "year": 2021,
            "quarter": 3,
            "eps": -1.24,
            "eps_growth_year": -220.39,
            "eps_4q": 3.91,
            "eps_4q_growth_year": 101.29,
            "roe": -2.28,
            "roe_4q": 7.4300000000000015,
            "gross_profit": 237371,
            "gross_margin": 25.13,
            "gross_margin_4q_avg": 18.48,
            "net_income": -246010,
            "revenue": 944479,
            "common_shares": 1974846,
            "book_valuer_per_share": 52.36,
            "book_valuer_per_share_4q_avg": 52.26,
            "equity": 10359040,
            "current_ratio": 141.82,
            "debt_ratio": 42.93,
            "inventory_turnover_ratio": 41.52,
            "account_receivable_turnover_ratio": 2.78,
            "reinvestment_rate": -178.4,
            "research_to_sale_ratio": null,
            "price_fair": 115.66,
            "eps_avg_yearly": 3.3,
            "eps_latest_yearly": 16.32,
            "eps_growth_yearly": 2124.16
        },
        "20214": {
            "year_quarter": 20214,
            "year": 2021,
            "quarter": 4,
            "eps": 1.31,
            "eps_growth_year": null,
            "eps_4q": 5.27,
            "eps_4q_growth_year": 216.26,
            "roe": 2.47,
            "roe_4q": 10,
            "gross_profit": 290650,
            "gross_margin": 28.8,
            "gross_margin_4q_avg": 21.25,
            "net_income": 256276,
            "revenue": 1009075,
            "common_shares": 1974846,
            "book_valuer_per_share": 52.72,
            "book_valuer_per_share_4q_avg": 53.09,
            "equity": 10428097,
            "current_ratio": 136.85,
            "debt_ratio": 45.34,
            "inventory_turnover_ratio": 43.27,
            "account_receivable_turnover_ratio": 2.93,
            "reinvestment_rate": -131.04,
            "research_to_sale_ratio": null,
            "price_fair": 117.02,
            "eps_avg_yearly": 3.34,
            "eps_latest_yearly": 16.32,
            "eps_growth_yearly": 2264.9
        },
        "20221": {
            "year_quarter": 20221,
            "year": 2022,
            "quarter": 1,
            "eps": 0.7,
            "eps_growth_year": -37.5,
            "eps_4q": 4.85,
            "eps_4q_growth_year": 75.05,
            "roe": 1.29,
            "roe_4q": 9.06,
            "gross_profit": 282868,
            "gross_margin": 28.1,
            "gross_margin_4q_avg": 23.99,
            "net_income": 135776,
            "revenue": 1006675,
            "common_shares": 1974846,
            "book_valuer_per_share": 53.59,
            "book_valuer_per_share_4q_avg": 53.79,
            "equity": 10598304,
            "current_ratio": 134.83,
            "debt_ratio": 46.67,
            "inventory_turnover_ratio": 44.24,
            "account_receivable_turnover_ratio": 2.97,
            "reinvestment_rate": -98.37,
            "research_to_sale_ratio": null,
            "price_fair": 120.98,
            "eps_avg_yearly": 3.46,
            "eps_latest_yearly": 2.8,
            "eps_growth_yearly": 2265.81
        },
        "20222": {
            "year_quarter": 20222,
            "year": 2022,
            "quarter": 2,
            "eps": 0.93,
            "eps_growth_year": -77.21,
            "eps_4q": 1.7,
            "eps_4q_growth_year": -72.51,
            "roe": 1.68,
            "roe_4q": 3.1599999999999997,
            "gross_profit": 446811,
            "gross_margin": 36.97,
            "gross_margin_4q_avg": 29.75,
            "net_income": 181817,
            "revenue": 1208633,
            "common_shares": 1974846,
            "book_valuer_per_share": 55.82,
            "book_valuer_per_share_4q_avg": 53.62,
            "equity": 11036526,
            "current_ratio": 160.05,
            "debt_ratio": 44.39,
            "inventory_turnover_ratio": 44.35,
            "account_receivable_turnover_ratio": 3.31,
            "reinvestment_rate": -114.72,
            "research_to_sale_ratio": null,
            "price_fair": 124.95,
            "eps_avg_yearly": 3.57,
            "eps_latest_yearly": 3.72,
            "eps_growth_yearly": 2255.46
        },
        "20223": {
            "year_quarter": 20223,
            "year": 2022,
            "quarter": 3,
            "eps": 0.97,
            "eps_growth_year": null,
            "eps_4q": 3.9,
            "eps_4q_growth_year": -0.22,
            "roe": 1.65,
            "roe_4q": 7.09,
            "gross_profit": 361091,
            "gross_margin": 31.61,
            "gross_margin_4q_avg": 31.37,
            "net_income": 189701,
            "revenue": 1142214,
            "common_shares": 1974846,
            "book_valuer_per_share": 60.62,
            "book_valuer_per_share_4q_avg": 55.69,
            "equity": 11982742,
            "current_ratio": 158.86,
            "debt_ratio": 43.26,
            "inventory_turnover_ratio": 39.14,
            "account_receivable_turnover_ratio": 3.04,
            "reinvestment_rate": -76.64,
            "research_to_sale_ratio": null,
            "price_fair": 126.12,
            "eps_avg_yearly": 3.6,
            "eps_latest_yearly": 3.88,
            "eps_growth_yearly": 2241.08
        },
        "20224": {
            "year_quarter": 20224,
            "year": 2022,
            "quarter": 4,
            "eps": 1.04,
            "eps_growth_year": -20.7,
            "eps_4q": 3.63,
            "eps_4q_growth_year": -31.04,
            "roe": 1.71,
            "roe_4q": 6.33,
            "gross_profit": 294508,
            "gross_margin": 27.98,
            "gross_margin_4q_avg": 31.17,
            "net_income": 202170,
            "revenue": 1052477,
            "common_shares": 1974846,
            "book_valuer_per_share": 58.95,
            "book_valuer_per_share_4q_avg": 57.25,
            "equity": 11651650,
            "current_ratio": 151.17,
            "debt_ratio": 43.03,
            "inventory_turnover_ratio": 34.58,
            "account_receivable_turnover_ratio": 3.25,
            "reinvestment_rate": -68.74,
            "research_to_sale_ratio": null,
            "price_fair": 129.15,
            "eps_avg_yearly": 3.69,
            "eps_latest_yearly": 4.16,
            "eps_growth_yearly": 2246.93
        },
        "20231": {
            "year_quarter": 20231,
            "year": 2023,
            "quarter": 1,
            "eps": 0.88,
            "eps_growth_year": 25.71,
            "eps_4q": 3.81,
            "eps_4q_growth_year": -21.33,
            "roe": 1.49,
            "roe_4q": 6.529999999999999,
            "gross_profit": 218736,
            "gross_margin": 23.54,
            "gross_margin_4q_avg": 30.03,
            "net_income": 171469,
            "revenue": 929368,
            "common_shares": 1974846,
            "book_valuer_per_share": 57.16,
            "book_valuer_per_share_4q_avg": 58.14,
            "equity": 11295952,
            "current_ratio": 125.98,
            "debt_ratio": 48.67,
            "inventory_turnover_ratio": 30.66,
            "account_receivable_turnover_ratio": 3.15,
            "reinvestment_rate": -24.17,
            "research_to_sale_ratio": null,
            "price_fair": 132.07,
            "eps_avg_yearly": 3.77,
            "eps_latest_yearly": 3.52,
            "eps_growth_yearly": 2248.22
        }
    },
    "months": {
        "2001-06": {
            "month": "2001-06",
            "price": "7.48",
            "revenue": 91445
        },
        "2001-07": {
            "month": "2001-07",
            "price": "5.84",
            "revenue": 115156
        },
        "2001-08": {
            "month": "2001-08",
            "price": "5.96",
            "revenue": 114995
        },
        "2001-09": {
            "month": "2001-09",
            "price": "4.84",
            "revenue": 113457
        },
        "2001-10": {
            "month": "2001-10",
            "price": "4.25",
            "revenue": 147970
        },
        "2001-11": {
            "month": "2001-11",
            "price": "4.83",
            "revenue": 139614
        },
        "2001-12": {
            "month": "2001-12",
            "price": "6.05",
            "revenue": 129418
        },
        "2002-01": {
            "month": "2002-01",
            "price": "7.28",
            "revenue": 107084
        },
        "2002-02": {
            "month": "2002-02",
            "price": "7.66",
            "revenue": 90499
        },
        "2002-03": {
            "month": "2002-03",
            "price": "7.29",
            "revenue": 142293
        },
        "2002-04": {
            "month": "2002-04",
            "price": "7.97",
            "revenue": 111639
        },
        "2002-05": {
            "month": "2002-05",
            "price": "7.65",
            "revenue": 114123
        },
        "2002-06": {
            "month": "2002-06",
            "price": "7.68",
            "revenue": 105351
        },
        "2002-07": {
            "month": "2002-07",
            "price": "6.96",
            "revenue": 106141
        },
        "2002-08": {
            "month": "2002-08",
            "price": "6.32",
            "revenue": 104057
        },
        "2002-09": {
            "month": "2002-09",
            "price": "6.18",
            "revenue": 109079
        },
        "2002-10": {
            "month": "2002-10",
            "price": "6.26",
            "revenue": 101857
        },
        "2002-11": {
            "month": "2002-11",
            "price": "7.18",
            "revenue": 131597
        },
        "2002-12": {
            "month": "2002-12",
            "price": "7.26",
            "revenue": 106554
        },
        "2003-01": {
            "month": "2003-01",
            "price": "8.37",
            "revenue": 92793
        },
        "2003-02": {
            "month": "2003-02",
            "price": "7.46",
            "revenue": 70486
        },
        "2003-03": {
            "month": "2003-03",
            "price": "7.05",
            "revenue": 116231
        },
        "2003-04": {
            "month": "2003-04",
            "price": "6.70",
            "revenue": 98231
        },
        "2003-05": {
            "month": "2003-05",
            "price": "6.64",
            "revenue": 94002
        },
        "2003-06": {
            "month": "2003-06",
            "price": "6.88",
            "revenue": 90181
        },
        "2003-07": {
            "month": "2003-07",
            "price": "7.27",
            "revenue": 92586
        },
        "2003-08": {
            "month": "2003-08",
            "price": "7.60",
            "revenue": 101654
        },
        "2003-09": {
            "month": "2003-09",
            "price": "9.53",
            "revenue": 93503
        },
        "2003-10": {
            "month": "2003-10",
            "price": "11.35",
            "revenue": 95711
        },
        "2003-11": {
            "month": "2003-11",
            "price": "11.32",
            "revenue": 135578
        },
        "2003-12": {
            "month": "2003-12",
            "price": "11.82",
            "revenue": 106258
        },
        "2004-01": {
            "month": "2004-01",
            "price": "13.92",
            "revenue": 83872
        },
        "2004-02": {
            "month": "2004-02",
            "price": "13.78",
            "revenue": 89899
        },
        "2004-03": {
            "month": "2004-03",
            "price": "15.84",
            "revenue": 99538
        },
        "2004-04": {
            "month": "2004-04",
            "price": "13.80",
            "revenue": 103926
        },
        "2004-05": {
            "month": "2004-05",
            "price": "11.58",
            "revenue": 108596
        },
        "2004-06": {
            "month": "2004-06",
            "price": "11.29",
            "revenue": 112343
        },
        "2004-07": {
            "month": "2004-07",
            "price": "10.83",
            "revenue": 120649
        },
        "2004-08": {
            "month": "2004-08",
            "price": "10.54",
            "revenue": 106055
        },
        "2004-09": {
            "month": "2004-09",
            "price": "11.52",
            "revenue": 105103
        },
        "2004-10": {
            "month": "2004-10",
            "price": "14.14",
            "revenue": 122255
        },
        "2004-11": {
            "month": "2004-11",
            "price": "16.60",
            "revenue": 138773
        },
        "2004-12": {
            "month": "2004-12",
            "price": "17.30",
            "revenue": 140963
        },
        "2005-01": {
            "month": "2005-01",
            "price": "17.57",
            "revenue": 121361
        },
        "2005-02": {
            "month": "2005-02",
            "price": "18.65",
            "revenue": 104568
        },
        "2005-03": {
            "month": "2005-03",
            "price": "25.03",
            "revenue": 135367
        },
        "2005-04": {
            "month": "2005-04",
            "price": "24.81",
            "revenue": 120510
        },
        "2005-05": {
            "month": "2005-05",
            "price": "20.58",
            "revenue": 120603
        },
        "2005-06": {
            "month": "2005-06",
            "price": "22.13",
            "revenue": 122761
        },
        "2005-07": {
            "month": "2005-07",
            "price": "20.97",
            "revenue": 121705
        },
        "2005-08": {
            "month": "2005-08",
            "price": "19.88",
            "revenue": 255269
        },
        "2005-09": {
            "month": "2005-09",
            "price": "18.47",
            "revenue": 264594
        },
        "2005-10": {
            "month": "2005-10",
            "price": "16.44",
            "revenue": 279809
        },
        "2005-11": {
            "month": "2005-11",
            "price": "17.62",
            "revenue": 278650
        },
        "2005-12": {
            "month": "2005-12",
            "price": "17.58",
            "revenue": 275795
        },
        "2006-01": {
            "month": "2006-01",
            "price": "16.91",
            "revenue": 244918
        },
        "2006-02": {
            "month": "2006-02",
            "price": "18.20",
            "revenue": 223554
        },
        "2006-03": {
            "month": "2006-03",
            "price": "17.30",
            "revenue": 270461
        },
        "2006-04": {
            "month": "2006-04",
            "price": "20.87",
            "revenue": 270548
        },
        "2006-05": {
            "month": "2006-05",
            "price": "25.47",
            "revenue": 270245
        },
        "2006-06": {
            "month": "2006-06",
            "price": "23.75",
            "revenue": 270339
        },
        "2006-07": {
            "month": "2006-07",
            "price": "27.18",
            "revenue": 281627
        },
        "2006-08": {
            "month": "2006-08",
            "price": "27.26",
            "revenue": 359631
        },
        "2006-09": {
            "month": "2006-09",
            "price": "29.73",
            "revenue": 361589
        },
        "2006-10": {
            "month": "2006-10",
            "price": "31.91",
            "revenue": 373439
        },
        "2006-11": {
            "month": "2006-11",
            "price": "36.66",
            "revenue": 373007
        },
        "2006-12": {
            "month": "2006-12",
            "price": "39.68",
            "revenue": 386573
        },
        "2007-01": {
            "month": "2007-01",
            "price": "39.85",
            "revenue": 374899
        },
        "2007-02": {
            "month": "2007-02",
            "price": "40.78",
            "revenue": 333287
        },
        "2007-03": {
            "month": "2007-03",
            "price": "48.40",
            "revenue": 394070
        },
        "2007-04": {
            "month": "2007-04",
            "price": "60.07",
            "revenue": 389803
        },
        "2007-05": {
            "month": "2007-05",
            "price": "58.14",
            "revenue": 433913
        },
        "2007-06": {
            "month": "2007-06",
            "price": "55.81",
            "revenue": 399806
        },
        "2007-07": {
            "month": "2007-07",
            "price": "68.63",
            "revenue": 350314
        },
        "2007-08": {
            "month": "2007-08",
            "price": "89.87",
            "revenue": 379068
        },
        "2007-09": {
            "month": "2007-09",
            "price": "112.72",
            "revenue": 417732
        },
        "2007-10": {
            "month": "2007-10",
            "price": "140.30",
            "revenue": 440899
        },
        "2007-11": {
            "month": "2007-11",
            "price": "102.99",
            "revenue": 421423
        },
        "2007-12": {
            "month": "2007-12",
            "price": "84.42",
            "revenue": 439563
        },
        "2008-01": {
            "month": "2008-01",
            "price": "82.51",
            "revenue": 436467
        },
        "2008-02": {
            "month": "2008-02",
            "price": "90.41",
            "revenue": 417476
        },
        "2008-03": {
            "month": "2008-03",
            "price": "92.84",
            "revenue": 589005
        },
        "2008-04": {
            "month": "2008-04",
            "price": "104.15",
            "revenue": 550184
        },
        "2008-05": {
            "month": "2008-05",
            "price": "117.88",
            "revenue": 560339
        },
        "2008-06": {
            "month": "2008-06",
            "price": "92.53",
            "revenue": 545351
        },
        "2008-07": {
            "month": "2008-07",
            "price": "86.28",
            "revenue": 564319
        },
        "2008-08": {
            "month": "2008-08",
            "price": "85.88",
            "revenue": 587918
        },
        "2008-09": {
            "month": "2008-09",
            "price": "82.20",
            "revenue": 556452
        },
        "2008-10": {
            "month": "2008-10",
            "price": "54.32",
            "revenue": 575921
        },
        "2008-11": {
            "month": "2008-11",
            "price": "50.27",
            "revenue": 535417
        },
        "2008-12": {
            "month": "2008-12",
            "price": "49.63",
            "revenue": 538237
        },
        "2009-01": {
            "month": "2009-01",
            "price": "53.97",
            "revenue": 438941
        },
        "2009-02": {
            "month": "2009-02",
            "price": "63.48",
            "revenue": 418046
        },
        "2009-03": {
            "month": "2009-03",
            "price": "68.48",
            "revenue": 444331
        },
        "2009-04": {
            "month": "2009-04",
            "price": "74.60",
            "revenue": 438041
        },
        "2009-05": {
            "month": "2009-05",
            "price": "88.50",
            "revenue": 423392
        },
        "2009-06": {
            "month": "2009-06",
            "price": "87.45",
            "revenue": 401613
        },
        "2009-07": {
            "month": "2009-07",
            "price": "90.13",
            "revenue": 461409
        },
        "2009-08": {
            "month": "2009-08",
            "price": "85.50",
            "revenue": 398672
        },
        "2009-09": {
            "month": "2009-09",
            "price": "85.81",
            "revenue": 385249
        },
        "2009-10": {
            "month": "2009-10",
            "price": "87.95",
            "revenue": 393621
        },
        "2009-11": {
            "month": "2009-11",
            "price": "88.85",
            "revenue": 377874
        },
        "2009-12": {
            "month": "2009-12",
            "price": "87.97",
            "revenue": 400216
        },
        "2010-01": {
            "month": "2010-01",
            "price": "88.14",
            "revenue": 376526
        },
        "2010-02": {
            "month": "2010-02",
            "price": "84.35",
            "revenue": 344606
        },
        "2010-03": {
            "month": "2010-03",
            "price": "85.00",
            "revenue": 386721
        },
        "2010-04": {
            "month": "2010-04",
            "price": "81.70",
            "revenue": 383256
        },
        "2010-05": {
            "month": "2010-05",
            "price": "76.48",
            "revenue": 389386
        },
        "2010-06": {
            "month": "2010-06",
            "price": "71.70",
            "revenue": 425015
        },
        "2010-07": {
            "month": "2010-07",
            "price": "72.15",
            "revenue": 335422
        },
        "2010-08": {
            "month": "2010-08",
            "price": "70.83",
            "revenue": 335545
        },
        "2010-09": {
            "month": "2010-09",
            "price": "68.39",
            "revenue": 329360
        },
        "2010-10": {
            "month": "2010-10",
            "price": "66.71",
            "revenue": 335450
        },
        "2010-11": {
            "month": "2010-11",
            "price": "66.35",
            "revenue": 313059
        },
        "2010-12": {
            "month": "2010-12",
            "price": "67.49",
            "revenue": 341010
        },
        "2011-01": {
            "month": "2011-01",
            "price": "66.81",
            "revenue": 363317
        },
        "2011-02": {
            "month": "2011-02",
            "price": "64.95",
            "revenue": 288094
        },
        "2011-03": {
            "month": "2011-03",
            "price": "62.08",
            "revenue": 327276
        },
        "2011-04": {
            "month": "2011-04",
            "price": "59.61",
            "revenue": 302150
        },
        "2011-05": {
            "month": "2011-05",
            "price": "58.63",
            "revenue": 313337
        },
        "2011-06": {
            "month": "2011-06",
            "price": "51.19",
            "revenue": 292779
        },
        "2011-07": {
            "month": "2011-07",
            "price": "48.30",
            "revenue": 286143
        },
        "2011-08": {
            "month": "2011-08",
            "price": "46.32",
            "revenue": 296876
        },
        "2011-09": {
            "month": "2011-09",
            "price": "44.42",
            "revenue": 289341
        },
        "2011-10": {
            "month": "2011-10",
            "price": "43.73",
            "revenue": 295066
        },
        "2011-11": {
            "month": "2011-11",
            "price": "42.70",
            "revenue": 299733
        },
        "2011-12": {
            "month": "2011-12",
            "price": "41.02",
            "revenue": 307479
        },
        "2012-01": {
            "month": "2012-01",
            "price": "40.97",
            "revenue": 298672
        },
        "2012-02": {
            "month": "2012-02",
            "price": "46.46",
            "revenue": 281795
        },
        "2012-03": {
            "month": "2012-03",
            "price": "46.07",
            "revenue": 318573
        },
        "2012-04": {
            "month": "2012-04",
            "price": "42.20",
            "revenue": 297118
        },
        "2012-05": {
            "month": "2012-05",
            "price": "40.49",
            "revenue": 301407
        },
        "2012-06": {
            "month": "2012-06",
            "price": "36.60",
            "revenue": 287166
        },
        "2012-07": {
            "month": "2012-07",
            "price": "35.46",
            "revenue": 328486
        },
        "2012-08": {
            "month": "2012-08",
            "price": "34.59",
            "revenue": 358748
        },
        "2012-09": {
            "month": "2012-09",
            "price": "34.42",
            "revenue": 303714
        },
        "2012-10": {
            "month": "2012-10",
            "price": "34.38",
            "revenue": 307746
        },
        "2012-11": {
            "month": "2012-11",
            "price": "34.76",
            "revenue": 290694
        },
        "2012-12": {
            "month": "2012-12",
            "price": "37.39",
            "revenue": 297910
        },
        "2013-01": {
            "month": "2013-01",
            "price": "39.25",
            "revenue": 292737
        },
        "2013-02": {
            "month": "2013-02",
            "price": "37.40",
            "revenue": 222078
        },
        "2013-03": {
            "month": "2013-03",
            "price": "36.17",
            "revenue": 264500
        },
        "2013-04": {
            "month": "2013-04",
            "price": "35.18",
            "revenue": 276283
        },
        "2013-05": {
            "month": "2013-05",
            "price": "35.32",
            "revenue": 291287
        },
        "2013-06": {
            "month": "2013-06",
            "price": "33.75",
            "revenue": 286697
        },
        "2013-07": {
            "month": "2013-07",
            "price": "31.63",
            "revenue": 286207
        },
        "2013-08": {
            "month": "2013-08",
            "price": "31.67",
            "revenue": 278340
        },
        "2013-09": {
            "month": "2013-09",
            "price": "39.17",
            "revenue": 271268
        },
        "2013-10": {
            "month": "2013-10",
            "price": "38.93",
            "revenue": 291209
        },
        "2013-11": {
            "month": "2013-11",
            "price": "36.88",
            "revenue": 278051
        },
        "2013-12": {
            "month": "2013-12",
            "price": "40.01",
            "revenue": 297727
        },
        "2014-01": {
            "month": "2014-01",
            "price": "39.13",
            "revenue": 288689
        },
        "2014-02": {
            "month": "2014-02",
            "price": "38.95",
            "revenue": 256992
        },
        "2014-03": {
            "month": "2014-03",
            "price": "39.42",
            "revenue": 302357
        },
        "2014-04": {
            "month": "2014-04",
            "price": "37.58",
            "revenue": 295551
        },
        "2014-05": {
            "month": "2014-05",
            "price": "35.75",
            "revenue": 298567
        },
        "2014-06": {
            "month": "2014-06",
            "price": "35.44",
            "revenue": 287481
        },
        "2014-07": {
            "month": "2014-07",
            "price": "35.00",
            "revenue": 281810
        },
        "2014-08": {
            "month": "2014-08",
            "price": "35.09",
            "revenue": 296982
        },
        "2014-09": {
            "month": "2014-09",
            "price": "35.02",
            "revenue": 288980
        },
        "2014-10": {
            "month": "2014-10",
            "price": "32.40",
            "revenue": 300856
        },
        "2014-11": {
            "month": "2014-11",
            "price": "32.65",
            "revenue": 289012
        },
        "2014-12": {
            "month": "2014-12",
            "price": "32.97",
            "revenue": 310809
        },
        "2015-01": {
            "month": "2015-01",
            "price": "34.43",
            "revenue": 293861
        },
        "2015-02": {
            "month": "2015-02",
            "price": "33.28",
            "revenue": 250580
        },
        "2015-03": {
            "month": "2015-03",
            "price": "32.46",
            "revenue": 295758
        },
        "2015-04": {
            "month": "2015-04",
            "price": "32.14",
            "revenue": 271532
        },
        "2015-05": {
            "month": "2015-05",
            "price": "31.62",
            "revenue": 285317
        },
        "2015-06": {
            "month": "2015-06",
            "price": "29.32",
            "revenue": 275074
        },
        "2015-07": {
            "month": "2015-07",
            "price": "29.49",
            "revenue": 281823
        },
        "2015-08": {
            "month": "2015-08",
            "price": "25.87",
            "revenue": 283999
        },
        "2015-09": {
            "month": "2015-09",
            "price": "22.47",
            "revenue": 279045
        },
        "2015-10": {
            "month": "2015-10",
            "price": "22.86",
            "revenue": 285627
        },
        "2015-11": {
            "month": "2015-11",
            "price": "21.90",
            "revenue": 273316
        },
        "2015-12": {
            "month": "2015-12",
            "price": "19.95",
            "revenue": 289980
        },
        "2016-01": {
            "month": "2016-01",
            "price": "20.24",
            "revenue": 284769
        },
        "2016-02": {
            "month": "2016-02",
            "price": "21.40",
            "revenue": 245077
        },
        "2016-03": {
            "month": "2016-03",
            "price": "26.00",
            "revenue": 279536
        },
        "2016-04": {
            "month": "2016-04",
            "price": "24.69",
            "revenue": 272174
        },
        "2016-05": {
            "month": "2016-05",
            "price": "21.99",
            "revenue": 280441
        },
        "2016-06": {
            "month": "2016-06",
            "price": "22.13",
            "revenue": 275298
        },
        "2016-07": {
            "month": "2016-07",
            "price": "22.84",
            "revenue": 281509
        },
        "2016-08": {
            "month": "2016-08",
            "price": "22.32",
            "revenue": 283233
        },
        "2016-09": {
            "month": "2016-09",
            "price": "21.95",
            "revenue": 264959
        },
        "2016-10": {
            "month": "2016-10",
            "price": "24.67",
            "revenue": 290690
        },
        "2016-11": {
            "month": "2016-11",
            "price": "28.15",
            "revenue": 271355
        },
        "2016-12": {
            "month": "2016-12",
            "price": "27.75",
            "revenue": 269037
        },
        "2017-01": {
            "month": "2017-01",
            "price": "27.12",
            "revenue": 261219
        },
        "2017-02": {
            "month": "2017-02",
            "price": "30.88",
            "revenue": 235467
        },
        "2017-03": {
            "month": "2017-03",
            "price": "32.15",
            "revenue": 279456
        },
        "2017-04": {
            "month": "2017-04",
            "price": "29.17",
            "revenue": 265942
        },
        "2017-05": {
            "month": "2017-05",
            "price": "27.58",
            "revenue": 271522
        },
        "2017-06": {
            "month": "2017-06",
            "price": "27.49",
            "revenue": 262799
        },
        "2017-07": {
            "month": "2017-07",
            "price": "27.52",
            "revenue": 264037
        },
        "2017-08": {
            "month": "2017-08",
            "price": "29.72",
            "revenue": 268124
        },
        "2017-09": {
            "month": "2017-09",
            "price": "29.36",
            "revenue": 269291
        },
        "2017-10": {
            "month": "2017-10",
            "price": "28.02",
            "revenue": 273480
        },
        "2017-11": {
            "month": "2017-11",
            "price": "28.33",
            "revenue": 270396
        },
        "2017-12": {
            "month": "2017-12",
            "price": "29.26",
            "revenue": 297489
        },
        "2018-01": {
            "month": "2018-01",
            "price": "29.83",
            "revenue": 295382
        },
        "2018-02": {
            "month": "2018-02",
            "price": "29.69",
            "revenue": 247457
        },
        "2018-03": {
            "month": "2018-03",
            "price": "29.92",
            "revenue": 308324
        },
        "2018-04": {
            "month": "2018-04",
            "price": "28.52",
            "revenue": 292505
        },
        "2018-05": {
            "month": "2018-05",
            "price": "28.58",
            "revenue": 330500
        },
        "2018-06": {
            "month": "2018-06",
            "price": "28.50",
            "revenue": 323550
        },
        "2018-07": {
            "month": "2018-07",
            "price": "29.25",
            "revenue": 345812
        },
        "2018-08": {
            "month": "2018-08",
            "price": "34.07",
            "revenue": 338026
        },
        "2018-09": {
            "month": "2018-09",
            "price": "34.36",
            "revenue": 317557
        },
        "2018-10": {
            "month": "2018-10",
            "price": "33.48",
            "revenue": 340121
        },
        "2018-11": {
            "month": "2018-11",
            "price": "28.86",
            "revenue": 347045
        },
        "2018-12": {
            "month": "2018-12",
            "price": "31.18",
            "revenue": 343313
        },
        "2019-01": {
            "month": "2019-01",
            "price": "31.13",
            "revenue": 351207
        },
        "2019-02": {
            "month": "2019-02",
            "price": "29.36",
            "revenue": 279793
        },
        "2019-03": {
            "month": "2019-03",
            "price": "29.76",
            "revenue": 332930
        },
        "2019-04": {
            "month": "2019-04",
            "price": "30.60",
            "revenue": 307542
        },
        "2019-05": {
            "month": "2019-05",
            "price": "31.45",
            "revenue": 334518
        },
        "2019-06": {
            "month": "2019-06",
            "price": "31.75",
            "revenue": 306715
        },
        "2019-07": {
            "month": "2019-07",
            "price": "35.54",
            "revenue": 321681
        },
        "2019-08": {
            "month": "2019-08",
            "price": "33.79",
            "revenue": 306034
        },
        "2019-09": {
            "month": "2019-09",
            "price": "33.79",
            "revenue": 302038
        },
        "2019-10": {
            "month": "2019-10",
            "price": "31.78",
            "revenue": 309163
        },
        "2019-11": {
            "month": "2019-11",
            "price": "30.21",
            "revenue": 304245
        },
        "2019-12": {
            "month": "2019-12",
            "price": "29.91",
            "revenue": 314958
        },
        "2020-01": {
            "month": "2020-01",
            "price": "29.02",
            "revenue": 284599
        },
        "2020-02": {
            "month": "2020-02",
            "price": "26.75",
            "revenue": 255903
        },
        "2020-03": {
            "month": "2020-03",
            "price": "22.56",
            "revenue": 274295
        },
        "2020-04": {
            "month": "2020-04",
            "price": "23.42",
            "revenue": 245612
        },
        "2020-05": {
            "month": "2020-05",
            "price": "23.76",
            "revenue": 249481
        },
        "2020-06": {
            "month": "2020-06",
            "price": "25.36",
            "revenue": 244823
        },
        "2020-07": {
            "month": "2020-07",
            "price": "24.42",
            "revenue": 269745
        },
        "2020-08": {
            "month": "2020-08",
            "price": "24.65",
            "revenue": 259240
        },
        "2020-09": {
            "month": "2020-09",
            "price": "25.18",
            "revenue": 257142
        },
        "2020-10": {
            "month": "2020-10",
            "price": "25.51",
            "revenue": 267984
        },
        "2020-11": {
            "month": "2020-11",
            "price": "26.25",
            "revenue": 259465
        },
        "2020-12": {
            "month": "2020-12",
            "price": "31.58",
            "revenue": 272695
        },
        "2021-01": {
            "month": "2021-01",
            "price": "32.65",
            "revenue": 278417
        },
        "2021-02": {
            "month": "2021-02",
            "price": "32.07",
            "revenue": 238152
        },
        "2021-03": {
            "month": "2021-03",
            "price": "34.51",
            "revenue": 278820
        },
        "2021-04": {
            "month": "2021-04",
            "price": "44.23",
            "revenue": 257405
        },
        "2021-05": {
            "month": "2021-05",
            "price": "44.02",
            "revenue": 264202
        },
        "2021-06": {
            "month": "2021-06",
            "price": "56.56",
            "revenue": 279885
        },
        "2021-07": {
            "month": "2021-07",
            "price": "69.58",
            "revenue": 300398
        },
        "2021-08": {
            "month": "2021-08",
            "price": "69.25",
            "revenue": 311717
        },
        "2021-09": {
            "month": "2021-09",
            "price": "69.66",
            "revenue": 330167
        },
        "2021-10": {
            "month": "2021-10",
            "price": "63.02",
            "revenue": 347259
        },
        "2021-11": {
            "month": "2021-11",
            "price": "57.06",
            "revenue": 331804
        },
        "2021-12": {
            "month": "2021-12",
            "price": "59.52",
            "revenue": 332921
        },
        "2022-01": {
            "month": "2022-01",
            "price": "52.82",
            "revenue": 338921
        },
        "2022-02": {
            "month": "2022-02",
            "price": "52.32",
            "revenue": 301358
        },
        "2022-03": {
            "month": "2022-03",
            "price": "52.84",
            "revenue": 368622
        },
        "2022-04": {
            "month": "2022-04",
            "price": "51.87",
            "revenue": 384366
        },
        "2022-05": {
            "month": "2022-05",
            "price": "52.16",
            "revenue": 426236
        },
        "2022-06": {
            "month": "2022-06",
            "price": "48.65",
            "revenue": 406343
        },
        "2022-07": {
            "month": "2022-07",
            "price": "40.30",
            "revenue": 399538
        },
        "2022-08": {
            "month": "2022-08",
            "price": "39.86",
            "revenue": 390907
        },
        "2022-09": {
            "month": "2022-09",
            "price": "36.02",
            "revenue": 345944
        },
        "2022-10": {
            "month": "2022-10",
            "price": "33.42",
            "revenue": 371141
        },
        "2022-11": {
            "month": "2022-11",
            "price": "34.62",
            "revenue": 330545
        },
        "2022-12": {
            "month": "2022-12",
            "price": "38.52",
            "revenue": 345528
        },
        "2023-01": {
            "month": "2023-01",
            "price": "38.53",
            "revenue": 318084
        },
        "2023-02": {
            "month": "2023-02",
            "price": "39.29",
            "revenue": 281291
        },
        "2023-03": {
            "month": "2023-03",
            "price": "41.65",
            "revenue": 328961
        },
        "2023-04": {
            "month": "2023-04",
            "price": "39.92",
            "revenue": 315126
        },
        "2023-05": {
            "month": "2023-05",
            "price": "39.70",
            "revenue": 351925
        }
    }
}
