{
    "summary": {
        "stock_name": "中櫃",
        "stock_id": "2613",
        "category": "航運",
        "main_business": "經營港埠碼頭貨櫃集散站<br>辦理貨櫃修理維護業務<br>辦理一般倉庫及保稅業務",
        "website_url": "http://www.cctcorp.com.tw",
        "ceo": "吳清泉",
        "pe_ratio": 36,
        "report_year_from": 2001,
        "report_year_to": 2023,
        "age": 22,
        "eps_negative_percentage": 17,
        "eps_growth_avg": {
            "last_all": 7.3,
            "last_2y": 20.08,
            "last_4y": 1.49,
            "last_8y": 3.52,
            "last_12y": 7.72,
            "last_16y": 3.82,
            "last_20y": 7.3,
            "at_2006_last_3y": 9.82,
            "at_2007_last_3y": 19.86,
            "at_2008_last_3y": 9.68,
            "at_2009_last_3y": -7.9,
            "at_2010_last_3y": 3.09,
            "at_2011_last_3y": 3.42,
            "at_2012_last_3y": -34.88,
            "at_2013_last_3y": 20.35,
            "at_2014_last_3y": 22.47,
            "at_2015_last_3y": -10.21,
            "at_2016_last_3y": 20.94,
            "at_2017_last_3y": 6.05,
            "at_2018_last_3y": -0.68,
            "at_2019_last_3y": 5.57,
            "at_2020_last_3y": -12.71,
            "at_2021_last_3y": 10.76,
            "at_2022_last_3y": 1.38,
            "at_2023_last_3y": 1.38,
            "at_2006_last_all": 9.82,
            "at_2007_last_all": 19.86,
            "at_2008_last_all": 27.74,
            "at_2009_last_all": 6.45,
            "at_2010_last_all": 6.45,
            "at_2011_last_all": 12.82,
            "at_2012_last_all": 4.26,
            "at_2013_last_all": 11.08,
            "at_2014_last_all": 12.86,
            "at_2015_last_all": 4.44,
            "at_2016_last_all": 9.82,
            "at_2017_last_all": 9.53,
            "at_2018_last_all": 8.99,
            "at_2019_last_all": 4.74,
            "at_2020_last_all": 4.19,
            "at_2021_last_all": 9.82,
            "at_2022_last_all": 7.3,
            "at_2023_last_all": 7.3
        },
        "latest_eps": 0.61,
        "latest_price": 21.7,
        "latest_roe": 2.74,
        "latest_gross_margin": 10.24,
        "latest_equity": 3039103,
        "latest_revenue": 714874,
        "latest_gross_profit": 73231,
        "latest_net_income": -30902,
        "latest_debt_ratio": 70.61,
        "latest_current_ratio": 103.23,
        "latest_account_receivable_turnover_ratio": 1.39,
        "latest_inventory_turnover_ratio": 3.77,
        "latest_reinvestment_rate": -34.59,
        "latest_research_to_sale_ratio": null
    },
    "eps_dividends": {
        "1993": {
            "cash": 0.8,
            "stock": 3,
            "eps": 0
        },
        "1994": {
            "cash": 0.5,
            "stock": 1,
            "eps": 0
        },
        "1995": {
            "cash": 1,
            "stock": 1,
            "eps": 0
        },
        "1996": {
            "cash": 1.5,
            "stock": 0,
            "eps": 0
        },
        "1997": {
            "cash": 1,
            "stock": 0,
            "eps": 0
        },
        "1998": {
            "cash": 1,
            "stock": 0,
            "eps": 0
        },
        "2001": {
            "cash": 0,
            "stock": 0,
            "eps": -1.38
        },
        "2002": {
            "cash": 0,
            "stock": 0,
            "eps": -2.07
        },
        "2003": {
            "cash": 0,
            "stock": 0,
            "eps": 0.37
        },
        "2004": {
            "cash": 0,
            "stock": 0,
            "eps": 3.03
        },
        "2005": {
            "cash": 0,
            "stock": 0,
            "eps": 2.13
        },
        "2006": {
            "cash": 0,
            "stock": 0,
            "eps": 1.26
        },
        "2007": {
            "cash": 0,
            "stock": 0,
            "eps": 1.89
        },
        "2008": {
            "cash": 0,
            "stock": 0,
            "eps": 3.01
        },
        "2009": {
            "cash": 0,
            "stock": 0,
            "eps": -1.29
        },
        "2010": {
            "cash": 0,
            "stock": 0,
            "eps": 1
        },
        "2011": {
            "cash": 0,
            "stock": 0,
            "eps": 1.51
        },
        "2012": {
            "cash": 0,
            "stock": 0,
            "eps": 0.67
        },
        "2013": {
            "cash": 0,
            "stock": 0,
            "eps": 1.11
        },
        "2014": {
            "cash": 0.15,
            "stock": 0.5,
            "eps": 1.43
        },
        "2015": {
            "cash": 0.18,
            "stock": 0.68,
            "eps": 0.29
        },
        "2016": {
            "cash": 0.04,
            "stock": 0.12,
            "eps": 0.49
        },
        "2017": {
            "cash": 0.07,
            "stock": 0.2,
            "eps": 0.52
        },
        "2018": {
            "cash": 0.33,
            "stock": 0,
            "eps": 0.53
        },
        "2019": {
            "cash": 0.34,
            "stock": 0,
            "eps": 0.24
        },
        "2020": {
            "cash": 0.17,
            "stock": 0,
            "eps": 0.23
        },
        "2021": {
            "cash": 0.2,
            "stock": 0,
            "eps": 1.63
        },
        "2022": {
            "cash": 1.65,
            "stock": 0,
            "eps": 1.05
        },
        "2023": {
            "cash": 1.05,
            "stock": 0,
            "eps": -0.23
        }
    },
    "dividends": {
        "1993-04-19": {
            "cash": 0.8,
            "stock": 3
        },
        "1994-04-20": {
            "cash": 0.5,
            "stock": 1
        },
        "1995-04-14": {
            "cash": 1,
            "stock": 1
        },
        "1996-04-11": {
            "cash": 1.5,
            "stock": 0
        },
        "1997-04-21": {
            "cash": 1,
            "stock": 0
        },
        "1998-04-28": {
            "cash": 1,
            "stock": 0
        },
        "2014-09-19": {
            "cash": 0.15,
            "stock": 0.5
        },
        "2015-09-16": {
            "cash": 0.18,
            "stock": 0.68
        },
        "2016-10-19": {
            "cash": 0.04,
            "stock": 0.12
        },
        "2017-10-11": {
            "cash": 0.07,
            "stock": 0.2
        },
        "2018-08-21": {
            "cash": 0.33,
            "stock": 0
        },
        "2019-08-14": {
            "cash": 0.34,
            "stock": 0
        },
        "2020-04-24": {
            "cash": 0.17,
            "stock": 0
        },
        "2021-04-12": {
            "cash": 0.2,
            "stock": 0
        },
        "2022-04-07": {
            "cash": 1.65,
            "stock": 0
        },
        "2023-04-10": {
            "cash": 1.05,
            "stock": 0
        }
    },
    "prices": {
        "200101": "6.79",
        "200102": "7.51",
        "200103": "6.86",
        "200104": "6.35",
        "200105": "5.05",
        "200106": "4.88",
        "200107": "4.56",
        "200108": "4.71",
        "200109": "4.86",
        "200110": "3.94",
        "200111": "3.86",
        "200112": "4.26",
        "200201": "4.54",
        "200202": "4.36",
        "200203": "4.55",
        "200204": "6.24",
        "200205": "5.49",
        "200206": "5.46",
        "200207": "4.95",
        "200208": "4.05",
        "200209": "3.62",
        "200210": "3.47",
        "200211": "3.80",
        "200212": "3.74",
        "200301": "5.47",
        "200302": "5.32",
        "200303": "4.73",
        "200304": "4.48",
        "200305": "4.08",
        "200306": "4.71",
        "200307": "5.09",
        "200308": "5.46",
        "200309": "5.53",
        "200310": "5.97",
        "200311": "7.22",
        "200312": "6.96",
        "200401": "9.14",
        "200402": "14.56",
        "200403": "14.77",
        "200404": "12.78",
        "200405": "8.71",
        "200406": "8.34",
        "200407": "8.22",
        "200408": "7.54",
        "200409": "8.95",
        "200410": "10.96",
        "200411": "11.86",
        "200412": "11.66",
        "200501": "13.91",
        "200502": "13.51",
        "200503": "13.52",
        "200504": "11.48",
        "200505": "11.39",
        "200506": "12.40",
        "200507": "11.71",
        "200508": "10.56",
        "200509": "9.28",
        "200510": "7.88",
        "200511": "7.67",
        "200512": "8.94",
        "200601": "8.56",
        "200602": "8.44",
        "200603": "7.63",
        "200604": "8.95",
        "200605": "12.79",
        "200606": "11.46",
        "200607": "11.25",
        "200608": "10.37",
        "200609": "10.22",
        "200610": "11.80",
        "200611": "13.08",
        "200612": "13.84",
        "200701": "13.21",
        "200702": "13.09",
        "200703": "12.77",
        "200704": "13.70",
        "200705": "13.00",
        "200706": "13.09",
        "200707": "16.36",
        "200708": "15.12",
        "200709": "15.59",
        "200710": "15.85",
        "200711": "13.61",
        "200712": "13.64",
        "200801": "14.08",
        "200802": "15.07",
        "200803": "18.25",
        "200804": "26.12",
        "200805": "27.91",
        "200806": "21.84",
        "200807": "21.13",
        "200808": "19.73",
        "200809": "15.19",
        "200810": "11.18",
        "200811": "17.18",
        "200812": "18.97",
        "200901": "17.33",
        "200902": "15.85",
        "200903": "17.80",
        "200904": "18.87",
        "200905": "19.57",
        "200906": "18.30",
        "200907": "19.57",
        "200908": "18.50",
        "200909": "18.00",
        "200910": "18.81",
        "200911": "17.83",
        "200912": "17.91",
        "201001": "19.08",
        "201002": "16.84",
        "201003": "17.54",
        "201004": "18.26",
        "201005": "16.83",
        "201006": "17.57",
        "201007": "20.12",
        "201008": "20.25",
        "201009": "18.80",
        "201010": "18.79",
        "201011": "18.60",
        "201012": "20.12",
        "201101": "25.95",
        "201102": "22.89",
        "201103": "22.72",
        "201104": "22.88",
        "201105": "22.72",
        "201106": "21.70",
        "201107": "20.60",
        "201108": "17.57",
        "201109": "15.46",
        "201110": "15.53",
        "201111": "14.62",
        "201112": "13.45",
        "201201": "13.92",
        "201202": "15.97",
        "201203": "15.91",
        "201204": "14.52",
        "201205": "14.01",
        "201206": "13.42",
        "201207": "13.18",
        "201208": "15.51",
        "201209": "17.73",
        "201210": "19.94",
        "201211": "19.83",
        "201212": "20.40",
        "201301": "20.44",
        "201302": "20.53",
        "201303": "20.06",
        "201304": "18.98",
        "201305": "18.78",
        "201306": "18.13",
        "201307": "17.50",
        "201308": "17.70",
        "201309": "17.99",
        "201310": "19.83",
        "201311": "19.60",
        "201312": "20.66",
        "201401": "21.08",
        "201402": "20.97",
        "201403": "20.95",
        "201404": "20.44",
        "201405": "19.33",
        "201406": "18.89",
        "201407": "19.12",
        "201408": "19.56",
        "201409": "19.36",
        "201410": "18.20",
        "201411": "18.54",
        "201412": "18.95",
        "201501": "19.57",
        "201502": "18.72",
        "201503": "18.88",
        "201504": "18.56",
        "201505": "17.50",
        "201506": "15.76",
        "201507": "15.18",
        "201508": "13.63",
        "201509": "13.33",
        "201510": "14.11",
        "201511": "13.99",
        "201512": "13.13",
        "201601": "12.48",
        "201602": "12.62",
        "201603": "13.31",
        "201604": "13.25",
        "201605": "13.21",
        "201606": "13.46",
        "201607": "13.62",
        "201608": "13.56",
        "201609": "13.62",
        "201610": "13.48",
        "201611": "13.80",
        "201612": "13.24",
        "201701": "13.16",
        "201702": "14.06",
        "201703": "13.95",
        "201704": "13.57",
        "201705": "13.33",
        "201706": "13.29",
        "201707": "13.19",
        "201708": "13.29",
        "201709": "13.35",
        "201710": "13.16",
        "201711": "13.00",
        "201712": "12.93",
        "201801": "13.12",
        "201802": "12.71",
        "201803": "12.80",
        "201804": "13.08",
        "201805": "12.85",
        "201806": "12.79",
        "201807": "12.50",
        "201808": "12.47",
        "201809": "12.38",
        "201810": "12.10",
        "201811": "11.77",
        "201812": "12.31",
        "201901": "12.76",
        "201902": "13.46",
        "201903": "13.15",
        "201904": "14.23",
        "201905": "13.26",
        "201906": "13.21",
        "201907": "13.33",
        "201908": "13.44",
        "201909": "13.91",
        "201910": "13.53",
        "201911": "13.43",
        "201912": "14.34",
        "202001": "14.04",
        "202002": "12.62",
        "202003": "11.44",
        "202004": "12.22",
        "202005": "13.38",
        "202006": "13.62",
        "202007": "14.68",
        "202008": "14.59",
        "202009": "15.53",
        "202010": "14.99",
        "202011": "17.70",
        "202012": "20.08",
        "202101": "18.86",
        "202102": "17.36",
        "202103": "18.90",
        "202104": "23.19",
        "202105": "26.06",
        "202106": "34.68",
        "202107": "40.11",
        "202108": "33.48",
        "202109": "31.02",
        "202110": "27.04",
        "202111": "26.68",
        "202112": "26.58",
        "202201": "24.68",
        "202202": "26.35",
        "202203": "36.64",
        "202204": "37.85",
        "202205": "36.69",
        "202206": "31.72",
        "202207": "27.29",
        "202208": "26.23",
        "202209": "27.42",
        "202210": "22.56",
        "202211": "21.58",
        "202212": "22.62",
        "202301": "21.75",
        "202302": "22.61",
        "202303": "23.28",
        "202304": "22.50",
        "202305": "22.10"
    },
    "quarters": {
        "20011": {
            "year_quarter": 20011,
            "year": 2001,
            "quarter": 1,
            "eps": -0.12,
            "eps_growth_year": null,
            "eps_4q": -2.61,
            "eps_4q_growth_year": null,
            "roe": -0.88,
            "roe_4q": -0.88,
            "gross_profit": 13740,
            "gross_margin": 4.55,
            "gross_margin_4q_avg": 4.55,
            "net_income": -10832,
            "revenue": 301983,
            "common_shares": 890010,
            "book_valuer_per_share": 13.85,
            "book_valuer_per_share_4q_avg": 13.85,
            "equity": 1233102,
            "current_ratio": 33.18,
            "debt_ratio": 70.53,
            "inventory_turnover_ratio": null,
            "account_receivable_turnover_ratio": null,
            "reinvestment_rate": null,
            "research_to_sale_ratio": null,
            "price_fair": 0,
            "eps_avg_yearly": 0,
            "eps_latest_yearly": 0,
            "eps_growth_yearly": 0
        },
        "20012": {
            "year_quarter": 20012,
            "year": 2001,
            "quarter": 2,
            "eps": -0.4,
            "eps_growth_year": null,
            "eps_4q": -1.99,
            "eps_4q_growth_year": null,
            "roe": -2.93,
            "roe_4q": -3.81,
            "gross_profit": 36724,
            "gross_margin": 11.74,
            "gross_margin_4q_avg": 8.15,
            "net_income": -35550,
            "revenue": 312852,
            "common_shares": 890010,
            "book_valuer_per_share": 13.46,
            "book_valuer_per_share_4q_avg": 13.66,
            "equity": 1197552,
            "current_ratio": 37.57,
            "debt_ratio": 71.29,
            "inventory_turnover_ratio": null,
            "account_receivable_turnover_ratio": null,
            "reinvestment_rate": null,
            "research_to_sale_ratio": null,
            "price_fair": 0,
            "eps_avg_yearly": 0,
            "eps_latest_yearly": 0,
            "eps_growth_yearly": 0
        },
        "20013": {
            "year_quarter": 20013,
            "year": 2001,
            "quarter": 3,
            "eps": -0.36,
            "eps_growth_year": null,
            "eps_4q": -2.1,
            "eps_4q_growth_year": null,
            "roe": -2.68,
            "roe_4q": -6.49,
            "gross_profit": 4873,
            "gross_margin": 1.66,
            "gross_margin_4q_avg": 5.98,
            "net_income": -31685,
            "revenue": 293915,
            "common_shares": 890010,
            "book_valuer_per_share": 13.1,
            "book_valuer_per_share_4q_avg": 13.47,
            "equity": 1165867,
            "current_ratio": 34.57,
            "debt_ratio": 71.87,
            "inventory_turnover_ratio": null,
            "account_receivable_turnover_ratio": null,
            "reinvestment_rate": null,
            "research_to_sale_ratio": null,
            "price_fair": 0,
            "eps_avg_yearly": 0,
            "eps_latest_yearly": 0,
            "eps_growth_yearly": 0
        },
        "20014": {
            "year_quarter": 20014,
            "year": 2001,
            "quarter": 4,
            "eps": -0.5,
            "eps_growth_year": null,
            "eps_4q": -1.38,
            "eps_4q_growth_year": null,
            "roe": -3.93,
            "roe_4q": -10.420000000000002,
            "gross_profit": -4061,
            "gross_margin": -1.48,
            "gross_margin_4q_avg": 4.12,
            "net_income": -44874,
            "revenue": 274766,
            "common_shares": 890010,
            "book_valuer_per_share": 12.53,
            "book_valuer_per_share_4q_avg": 13.24,
            "equity": 1115337,
            "current_ratio": 39.63,
            "debt_ratio": 73.15,
            "inventory_turnover_ratio": null,
            "account_receivable_turnover_ratio": null,
            "reinvestment_rate": null,
            "research_to_sale_ratio": null,
            "price_fair": 0,
            "eps_avg_yearly": 0,
            "eps_latest_yearly": 0,
            "eps_growth_yearly": 0
        },
        "20021": {
            "year_quarter": 20021,
            "year": 2002,
            "quarter": 1,
            "eps": -0.55,
            "eps_growth_year": null,
            "eps_4q": -1.82,
            "eps_4q_growth_year": null,
            "roe": -4.6,
            "roe_4q": -14.139999999999999,
            "gross_profit": -9128,
            "gross_margin": -3.59,
            "gross_margin_4q_avg": 2.08,
            "net_income": -48622,
            "revenue": 254545,
            "common_shares": 890010,
            "book_valuer_per_share": 11.2,
            "book_valuer_per_share_4q_avg": 12.57,
            "equity": 997080,
            "current_ratio": 27.07,
            "debt_ratio": 75.04,
            "inventory_turnover_ratio": null,
            "account_receivable_turnover_ratio": null,
            "reinvestment_rate": null,
            "research_to_sale_ratio": null,
            "price_fair": 0,
            "eps_avg_yearly": 0,
            "eps_latest_yearly": 0,
            "eps_growth_yearly": 0
        },
        "20022": {
            "year_quarter": 20022,
            "year": 2002,
            "quarter": 2,
            "eps": -0.78,
            "eps_growth_year": null,
            "eps_4q": -2.19,
            "eps_4q_growth_year": null,
            "roe": -7.2,
            "roe_4q": -18.41,
            "gross_profit": 29766,
            "gross_margin": 10.02,
            "gross_margin_4q_avg": 1.65,
            "net_income": -69292,
            "revenue": 297213,
            "common_shares": 890010,
            "book_valuer_per_share": 10.42,
            "book_valuer_per_share_4q_avg": 11.81,
            "equity": 927788,
            "current_ratio": 40.08,
            "debt_ratio": 76.4,
            "inventory_turnover_ratio": null,
            "account_receivable_turnover_ratio": null,
            "reinvestment_rate": null,
            "research_to_sale_ratio": null,
            "price_fair": 0,
            "eps_avg_yearly": 0,
            "eps_latest_yearly": 0,
            "eps_growth_yearly": 0
        },
        "20023": {
            "year_quarter": 20023,
            "year": 2002,
            "quarter": 3,
            "eps": -0.26,
            "eps_growth_year": null,
            "eps_4q": -2.09,
            "eps_4q_growth_year": null,
            "roe": -2.52,
            "roe_4q": -18.25,
            "gross_profit": 19952,
            "gross_margin": 6.62,
            "gross_margin_4q_avg": 2.89,
            "net_income": -23135,
            "revenue": 301421,
            "common_shares": 890010,
            "book_valuer_per_share": 10.16,
            "book_valuer_per_share_4q_avg": 11.08,
            "equity": 904653,
            "current_ratio": 42.1,
            "debt_ratio": 77.07,
            "inventory_turnover_ratio": null,
            "account_receivable_turnover_ratio": null,
            "reinvestment_rate": null,
            "research_to_sale_ratio": null,
            "price_fair": 0,
            "eps_avg_yearly": 0,
            "eps_latest_yearly": 0,
            "eps_growth_yearly": 0
        },
        "20024": {
            "year_quarter": 20024,
            "year": 2002,
            "quarter": 4,
            "eps": -0.48,
            "eps_growth_year": null,
            "eps_4q": -2.06,
            "eps_4q_growth_year": null,
            "roe": -4.8,
            "roe_4q": -19.119999999999997,
            "gross_profit": 20961,
            "gross_margin": 7.34,
            "gross_margin_4q_avg": 5.1,
            "net_income": -42408,
            "revenue": 285738,
            "common_shares": 890010,
            "book_valuer_per_share": 9.69,
            "book_valuer_per_share_4q_avg": 10.37,
            "equity": 862298,
            "current_ratio": 47.04,
            "debt_ratio": 78.11,
            "inventory_turnover_ratio": null,
            "account_receivable_turnover_ratio": null,
            "reinvestment_rate": null,
            "research_to_sale_ratio": null,
            "price_fair": 0,
            "eps_avg_yearly": 0,
            "eps_latest_yearly": 0,
            "eps_growth_yearly": 0
        },
        "20031": {
            "year_quarter": 20031,
            "year": 2003,
            "quarter": 1,
            "eps": 0.06,
            "eps_growth_year": null,
            "eps_4q": -1.34,
            "eps_4q_growth_year": null,
            "roe": 0.67,
            "roe_4q": -13.850000000000001,
            "gross_profit": 37672,
            "gross_margin": 13.01,
            "gross_margin_4q_avg": 9.25,
            "net_income": 5763,
            "revenue": 289493,
            "common_shares": 890010,
            "book_valuer_per_share": 9.75,
            "book_valuer_per_share_4q_avg": 10.01,
            "equity": 868008,
            "current_ratio": 37.2,
            "debt_ratio": 77.47,
            "inventory_turnover_ratio": null,
            "account_receivable_turnover_ratio": null,
            "reinvestment_rate": null,
            "research_to_sale_ratio": null,
            "price_fair": 0,
            "eps_avg_yearly": 0,
            "eps_latest_yearly": 0,
            "eps_growth_yearly": 0
        },
        "20032": {
            "year_quarter": 20032,
            "year": 2003,
            "quarter": 2,
            "eps": 0.15,
            "eps_growth_year": null,
            "eps_4q": -0.52,
            "eps_4q_growth_year": null,
            "roe": 1.53,
            "roe_4q": -5.119999999999999,
            "gross_profit": 50365,
            "gross_margin": 15.93,
            "gross_margin_4q_avg": 10.73,
            "net_income": 13385,
            "revenue": 316077,
            "common_shares": 890010,
            "book_valuer_per_share": 9.9,
            "book_valuer_per_share_4q_avg": 9.88,
            "equity": 881393,
            "current_ratio": 38.37,
            "debt_ratio": 77.2,
            "inventory_turnover_ratio": null,
            "account_receivable_turnover_ratio": null,
            "reinvestment_rate": null,
            "research_to_sale_ratio": null,
            "price_fair": 21,
            "eps_avg_yearly": 0.6,
            "eps_latest_yearly": 0.6,
            "eps_growth_yearly": 600
        },
        "20033": {
            "year_quarter": 20033,
            "year": 2003,
            "quarter": 3,
            "eps": 0.14,
            "eps_growth_year": null,
            "eps_4q": -0.13,
            "eps_4q_growth_year": null,
            "roe": 1.37,
            "roe_4q": -1.2299999999999995,
            "gross_profit": 56315,
            "gross_margin": 17.62,
            "gross_margin_4q_avg": 13.48,
            "net_income": 12271,
            "revenue": 319654,
            "common_shares": 890010,
            "book_valuer_per_share": 10.16,
            "book_valuer_per_share_4q_avg": 9.88,
            "equity": 904148,
            "current_ratio": 37.8,
            "debt_ratio": 76.58,
            "inventory_turnover_ratio": null,
            "account_receivable_turnover_ratio": null,
            "reinvestment_rate": null,
            "research_to_sale_ratio": null,
            "price_fair": 20.3,
            "eps_avg_yearly": 0.58,
            "eps_latest_yearly": 0.56,
            "eps_growth_yearly": 286.67
        },
        "20034": {
            "year_quarter": 20034,
            "year": 2003,
            "quarter": 4,
            "eps": 0.02,
            "eps_growth_year": null,
            "eps_4q": 0.36,
            "eps_4q_growth_year": null,
            "roe": 0.21,
            "roe_4q": 3.7800000000000002,
            "gross_profit": 12192,
            "gross_margin": 4.21,
            "gross_margin_4q_avg": 12.69,
            "net_income": 1875,
            "revenue": 289540,
            "common_shares": 890010,
            "book_valuer_per_share": 10.18,
            "book_valuer_per_share_4q_avg": 10,
            "equity": 906072,
            "current_ratio": 52.97,
            "debt_ratio": 77.38,
            "inventory_turnover_ratio": null,
            "account_receivable_turnover_ratio": null,
            "reinvestment_rate": null,
            "research_to_sale_ratio": null,
            "price_fair": 14.47,
            "eps_avg_yearly": 0.41,
            "eps_latest_yearly": 0.08,
            "eps_growth_yearly": 76.83
        },
        "20041": {
            "year_quarter": 20041,
            "year": 2004,
            "quarter": 1,
            "eps": 0.21,
            "eps_growth_year": 250,
            "eps_4q": 0.52,
            "eps_4q_growth_year": null,
            "roe": 2.02,
            "roe_4q": 5.13,
            "gross_profit": 46667,
            "gross_margin": 15.22,
            "gross_margin_4q_avg": 13.25,
            "net_income": 18512,
            "revenue": 306521,
            "common_shares": 890010,
            "book_valuer_per_share": 10.39,
            "book_valuer_per_share_4q_avg": 10.16,
            "equity": 924535,
            "current_ratio": 40.28,
            "debt_ratio": 76.23,
            "inventory_turnover_ratio": null,
            "account_receivable_turnover_ratio": null,
            "reinvestment_rate": null,
            "research_to_sale_ratio": null,
            "price_fair": 18.2,
            "eps_avg_yearly": 0.52,
            "eps_latest_yearly": 0.84,
            "eps_growth_yearly": 1007.62
        },
        "20042": {
            "year_quarter": 20042,
            "year": 2004,
            "quarter": 2,
            "eps": 0.3,
            "eps_growth_year": 100,
            "eps_4q": 0.67,
            "eps_4q_growth_year": null,
            "roe": 2.81,
            "roe_4q": 6.41,
            "gross_profit": 57664,
            "gross_margin": 16.62,
            "gross_margin_4q_avg": 13.42,
            "net_income": 26339,
            "revenue": 346963,
            "common_shares": 890010,
            "book_valuer_per_share": 10.68,
            "book_valuer_per_share_4q_avg": 10.35,
            "equity": 950874,
            "current_ratio": 47.35,
            "debt_ratio": 75.36,
            "inventory_turnover_ratio": null,
            "account_receivable_turnover_ratio": null,
            "reinvestment_rate": null,
            "research_to_sale_ratio": null,
            "price_fair": 22.96,
            "eps_avg_yearly": 0.66,
            "eps_latest_yearly": 1.2,
            "eps_growth_yearly": 840.38
        },
        "20043": {
            "year_quarter": 20043,
            "year": 2004,
            "quarter": 3,
            "eps": 1.15,
            "eps_growth_year": 721.43,
            "eps_4q": 1.68,
            "eps_4q_growth_year": null,
            "roe": 10.18,
            "roe_4q": 15.22,
            "gross_profit": 64198,
            "gross_margin": 17.03,
            "gross_margin_4q_avg": 13.27,
            "net_income": 102009,
            "revenue": 376971,
            "common_shares": 890010,
            "book_valuer_per_share": 11.83,
            "book_valuer_per_share_4q_avg": 10.77,
            "equity": 1052883,
            "current_ratio": 67.42,
            "debt_ratio": 71.85,
            "inventory_turnover_ratio": null,
            "account_receivable_turnover_ratio": null,
            "reinvestment_rate": null,
            "research_to_sale_ratio": null,
            "price_fair": 45.97,
            "eps_avg_yearly": 1.31,
            "eps_latest_yearly": 4.6,
            "eps_growth_yearly": 889.21
        },
        "20044": {
            "year_quarter": 20044,
            "year": 2004,
            "quarter": 4,
            "eps": 1.37,
            "eps_growth_year": 6750,
            "eps_4q": 3.02,
            "eps_4q_growth_year": 751.4,
            "roe": 11.32,
            "roe_4q": 26.33,
            "gross_profit": 67879,
            "gross_margin": 19.16,
            "gross_margin_4q_avg": 17.01,
            "net_income": 121670,
            "revenue": 354252,
            "common_shares": 890010,
            "book_valuer_per_share": 12.32,
            "book_valuer_per_share_4q_avg": 11.31,
            "equity": 1096734,
            "current_ratio": 98.11,
            "debt_ratio": 71.58,
            "inventory_turnover_ratio": null,
            "account_receivable_turnover_ratio": null,
            "reinvestment_rate": null,
            "research_to_sale_ratio": null,
            "price_fair": 66.8,
            "eps_avg_yearly": 1.91,
            "eps_latest_yearly": 5.48,
            "eps_growth_yearly": 773.11
        },
        "20051": {
            "year_quarter": 20051,
            "year": 2005,
            "quarter": 1,
            "eps": 0.25,
            "eps_growth_year": 19.05,
            "eps_4q": 3.01,
            "eps_4q_growth_year": 477.23,
            "roe": 2.04,
            "roe_4q": 26.349999999999998,
            "gross_profit": 50223,
            "gross_margin": 15.4,
            "gross_margin_4q_avg": 17.05,
            "net_income": 22606,
            "revenue": 326188,
            "common_shares": 890010,
            "book_valuer_per_share": 12.58,
            "book_valuer_per_share_4q_avg": 11.85,
            "equity": 1119234,
            "current_ratio": 79.97,
            "debt_ratio": 69.86,
            "inventory_turnover_ratio": null,
            "account_receivable_turnover_ratio": null,
            "reinvestment_rate": -1179.72,
            "research_to_sale_ratio": null,
            "price_fair": 62.83,
            "eps_avg_yearly": 1.8,
            "eps_latest_yearly": 1,
            "eps_growth_yearly": 635.59
        },
        "20052": {
            "year_quarter": 20052,
            "year": 2005,
            "quarter": 2,
            "eps": 0.32,
            "eps_growth_year": 6.67,
            "eps_4q": 3.12,
            "eps_4q_growth_year": 364.18,
            "roe": 2.49,
            "roe_4q": 26.03,
            "gross_profit": 58111,
            "gross_margin": 17.03,
            "gross_margin_4q_avg": 17.16,
            "net_income": 28155,
            "revenue": 341238,
            "common_shares": 890010,
            "book_valuer_per_share": 12.87,
            "book_valuer_per_share_4q_avg": 12.4,
            "equity": 1145527,
            "current_ratio": 87.14,
            "debt_ratio": 69.18,
            "inventory_turnover_ratio": null,
            "account_receivable_turnover_ratio": null,
            "reinvestment_rate": -345.6,
            "research_to_sale_ratio": null,
            "price_fair": 60.82,
            "eps_avg_yearly": 1.74,
            "eps_latest_yearly": 1.28,
            "eps_growth_yearly": 577.42
        },
        "20053": {
            "year_quarter": 20053,
            "year": 2005,
            "quarter": 3,
            "eps": 0.26,
            "eps_growth_year": -77.39,
            "eps_4q": 2.22,
            "eps_4q_growth_year": 32.42,
            "roe": 1.98,
            "roe_4q": 17.830000000000002,
            "gross_profit": 52783,
            "gross_margin": 15.88,
            "gross_margin_4q_avg": 16.87,
            "net_income": 22870,
            "revenue": 332420,
            "common_shares": 890010,
            "book_valuer_per_share": 13.13,
            "book_valuer_per_share_4q_avg": 12.73,
            "equity": 1168397,
            "current_ratio": 93.2,
            "debt_ratio": 68.82,
            "inventory_turnover_ratio": null,
            "account_receivable_turnover_ratio": null,
            "reinvestment_rate": -227.26,
            "research_to_sale_ratio": null,
            "price_fair": 58.38,
            "eps_avg_yearly": 1.67,
            "eps_latest_yearly": 1.04,
            "eps_growth_yearly": 512.18
        },
        "20054": {
            "year_quarter": 20054,
            "year": 2005,
            "quarter": 4,
            "eps": 1.3,
            "eps_growth_year": -5.11,
            "eps_4q": 2.13,
            "eps_4q_growth_year": -29.6,
            "roe": 9.42,
            "roe_4q": 15.93,
            "gross_profit": 65514,
            "gross_margin": 18.73,
            "gross_margin_4q_avg": 16.76,
            "net_income": 115525,
            "revenue": 349743,
            "common_shares": 890010,
            "book_valuer_per_share": 14.43,
            "book_valuer_per_share_4q_avg": 13.25,
            "equity": 1283965,
            "current_ratio": 151.84,
            "debt_ratio": 66.93,
            "inventory_turnover_ratio": null,
            "account_receivable_turnover_ratio": null,
            "reinvestment_rate": -110.62,
            "research_to_sale_ratio": null,
            "price_fair": 69.62,
            "eps_avg_yearly": 1.99,
            "eps_latest_yearly": 5.2,
            "eps_growth_yearly": 611.07
        },
        "20061": {
            "year_quarter": 20061,
            "year": 2006,
            "quarter": 1,
            "eps": 0.24,
            "eps_growth_year": -4,
            "eps_4q": 2.12,
            "eps_4q_growth_year": -29.57,
            "roe": 1.64,
            "roe_4q": 15.530000000000001,
            "gross_profit": 47706,
            "gross_margin": 14.52,
            "gross_margin_4q_avg": 16.54,
            "net_income": 21224,
            "revenue": 328628,
            "common_shares": 890010,
            "book_valuer_per_share": 14.71,
            "book_valuer_per_share_4q_avg": 13.79,
            "equity": 1309259,
            "current_ratio": 133.82,
            "debt_ratio": 64.85,
            "inventory_turnover_ratio": null,
            "account_receivable_turnover_ratio": null,
            "reinvestment_rate": -86.58,
            "research_to_sale_ratio": null,
            "price_fair": 66.62,
            "eps_avg_yearly": 1.9,
            "eps_latest_yearly": 0.96,
            "eps_growth_yearly": 532.97
        },
        "20062": {
            "year_quarter": 20062,
            "year": 2006,
            "quarter": 2,
            "eps": 0.42,
            "eps_growth_year": 31.25,
            "eps_4q": 2.23,
            "eps_4q_growth_year": -28.48,
            "roe": 2.79,
            "roe_4q": 15.83,
            "gross_profit": 68368,
            "gross_margin": 19.26,
            "gross_margin_4q_avg": 17.1,
            "net_income": 37023,
            "revenue": 354935,
            "common_shares": 890010,
            "book_valuer_per_share": 15.12,
            "book_valuer_per_share_4q_avg": 14.35,
            "equity": 1345421,
            "current_ratio": 156.26,
            "debt_ratio": 64.19,
            "inventory_turnover_ratio": null,
            "account_receivable_turnover_ratio": null,
            "reinvestment_rate": -55.12,
            "research_to_sale_ratio": null,
            "price_fair": 66.02,
            "eps_avg_yearly": 1.89,
            "eps_latest_yearly": 1.68,
            "eps_growth_yearly": 515.05
        },
        "20063": {
            "year_quarter": 20063,
            "year": 2006,
            "quarter": 3,
            "eps": 0.4,
            "eps_growth_year": 53.85,
            "eps_4q": 2.37,
            "eps_4q_growth_year": 6.65,
            "roe": 2.59,
            "roe_4q": 16.439999999999998,
            "gross_profit": 62452,
            "gross_margin": 18.36,
            "gross_margin_4q_avg": 17.72,
            "net_income": 35321,
            "revenue": 340144,
            "common_shares": 890010,
            "book_valuer_per_share": 15.51,
            "book_valuer_per_share_4q_avg": 14.94,
            "equity": 1379977,
            "current_ratio": 162.47,
            "debt_ratio": 63.19,
            "inventory_turnover_ratio": null,
            "account_receivable_turnover_ratio": null,
            "reinvestment_rate": -47.93,
            "research_to_sale_ratio": null,
            "price_fair": 65.3,
            "eps_avg_yearly": 1.87,
            "eps_latest_yearly": 1.6,
            "eps_growth_yearly": 476.9
        },
        "20064": {
            "year_quarter": 20064,
            "year": 2006,
            "quarter": 4,
            "eps": 0.2,
            "eps_growth_year": -84.62,
            "eps_4q": 1.23,
            "eps_4q_growth_year": -42.13,
            "roe": 1.3,
            "roe_4q": 8.32,
            "gross_profit": 55887,
            "gross_margin": 15.94,
            "gross_margin_4q_avg": 17.02,
            "net_income": 18138,
            "revenue": 350587,
            "common_shares": 890010,
            "book_valuer_per_share": 15.73,
            "book_valuer_per_share_4q_avg": 15.27,
            "equity": 1399987,
            "current_ratio": 227.96,
            "debt_ratio": 63.95,
            "inventory_turnover_ratio": null,
            "account_receivable_turnover_ratio": null,
            "reinvestment_rate": -41.73,
            "research_to_sale_ratio": null,
            "price_fair": 62.81,
            "eps_avg_yearly": 1.79,
            "eps_latest_yearly": 0.8,
            "eps_growth_yearly": 431.77
        },
        "20071": {
            "year_quarter": 20071,
            "year": 2007,
            "quarter": 1,
            "eps": 0.36,
            "eps_growth_year": 50,
            "eps_4q": 1.36,
            "eps_4q_growth_year": -35.78,
            "roe": 2.29,
            "roe_4q": 8.969999999999999,
            "gross_profit": 52399,
            "gross_margin": 15.78,
            "gross_margin_4q_avg": 17.34,
            "net_income": 32454,
            "revenue": 331998,
            "common_shares": 890010,
            "book_valuer_per_share": 16.08,
            "book_valuer_per_share_4q_avg": 15.61,
            "equity": 1431238,
            "current_ratio": 215.38,
            "debt_ratio": 62.04,
            "inventory_turnover_ratio": null,
            "account_receivable_turnover_ratio": null,
            "reinvestment_rate": -38.73,
            "research_to_sale_ratio": null,
            "price_fair": 62.04,
            "eps_avg_yearly": 1.77,
            "eps_latest_yearly": 1.44,
            "eps_growth_yearly": 424.78
        },
        "20072": {
            "year_quarter": 20072,
            "year": 2007,
            "quarter": 2,
            "eps": 0.35,
            "eps_growth_year": -16.67,
            "eps_4q": 1.31,
            "eps_4q_growth_year": -41.3,
            "roe": 2.17,
            "roe_4q": 8.35,
            "gross_profit": 62836,
            "gross_margin": 17.91,
            "gross_margin_4q_avg": 17,
            "net_income": 31342,
            "revenue": 350813,
            "common_shares": 890010,
            "book_valuer_per_share": 16.44,
            "book_valuer_per_share_4q_avg": 15.94,
            "equity": 1463441,
            "current_ratio": 157.68,
            "debt_ratio": 62.15,
            "inventory_turnover_ratio": null,
            "account_receivable_turnover_ratio": null,
            "reinvestment_rate": -37.31,
            "research_to_sale_ratio": null,
            "price_fair": 63.79,
            "eps_avg_yearly": 1.82,
            "eps_latest_yearly": 1.4,
            "eps_growth_yearly": 386.59
        },
        "20073": {
            "year_quarter": 20073,
            "year": 2007,
            "quarter": 3,
            "eps": 0.46,
            "eps_growth_year": 15,
            "eps_4q": 1.37,
            "eps_4q_growth_year": -42.02,
            "roe": 2.78,
            "roe_4q": 8.54,
            "gross_profit": 65331,
            "gross_margin": 17.77,
            "gross_margin_4q_avg": 16.85,
            "net_income": 41282,
            "revenue": 367721,
            "common_shares": 890010,
            "book_valuer_per_share": 16.91,
            "book_valuer_per_share_4q_avg": 16.29,
            "equity": 1504627,
            "current_ratio": 168.65,
            "debt_ratio": 61.78,
            "inventory_turnover_ratio": null,
            "account_receivable_turnover_ratio": null,
            "reinvestment_rate": -34.5,
            "research_to_sale_ratio": null,
            "price_fair": 66.59,
            "eps_avg_yearly": 1.9,
            "eps_latest_yearly": 1.84,
            "eps_growth_yearly": 396.11
        },
        "20074": {
            "year_quarter": 20074,
            "year": 2007,
            "quarter": 4,
            "eps": 0.72,
            "eps_growth_year": 260,
            "eps_4q": 2.2,
            "eps_4q_growth_year": 78.67,
            "roe": 3.34,
            "roe_4q": 10.579999999999998,
            "gross_profit": 83725,
            "gross_margin": 21.94,
            "gross_margin_4q_avg": 18.35,
            "net_income": 51094,
            "revenue": 381577,
            "common_shares": 890010,
            "book_valuer_per_share": 17.48,
            "book_valuer_per_share_4q_avg": 16.73,
            "equity": 1556093,
            "current_ratio": 198.54,
            "debt_ratio": 62.3,
            "inventory_turnover_ratio": null,
            "account_receivable_turnover_ratio": null,
            "reinvestment_rate": -25.07,
            "research_to_sale_ratio": null,
            "price_fair": 72.71,
            "eps_avg_yearly": 2.08,
            "eps_latest_yearly": 2.88,
            "eps_growth_yearly": 431.67
        },
        "20081": {
            "year_quarter": 20081,
            "year": 2008,
            "quarter": 1,
            "eps": 0.57,
            "eps_growth_year": 58.33,
            "eps_4q": 2.29,
            "eps_4q_growth_year": 68.26,
            "roe": 2.59,
            "roe_4q": 10.879999999999999,
            "gross_profit": 76121,
            "gross_margin": 17.55,
            "gross_margin_4q_avg": 18.79,
            "net_income": 40890,
            "revenue": 433832,
            "common_shares": 890010,
            "book_valuer_per_share": 17.98,
            "book_valuer_per_share_4q_avg": 17.2,
            "equity": 1599910,
            "current_ratio": 213.11,
            "debt_ratio": 61.36,
            "inventory_turnover_ratio": null,
            "account_receivable_turnover_ratio": null,
            "reinvestment_rate": -15.57,
            "research_to_sale_ratio": null,
            "price_fair": 75.86,
            "eps_avg_yearly": 2.17,
            "eps_latest_yearly": 2.28,
            "eps_growth_yearly": 188.96
        },
        "20082": {
            "year_quarter": 20082,
            "year": 2008,
            "quarter": 2,
            "eps": 0.69,
            "eps_growth_year": 97.14,
            "eps_4q": 2.56,
            "eps_4q_growth_year": 95.2,
            "roe": 3.04,
            "roe_4q": 11.749999999999998,
            "gross_profit": 85640,
            "gross_margin": 19.06,
            "gross_margin_4q_avg": 19.08,
            "net_income": 49277,
            "revenue": 449429,
            "common_shares": 890010,
            "book_valuer_per_share": 18.47,
            "book_valuer_per_share_4q_avg": 17.71,
            "equity": 1643645,
            "current_ratio": 182.99,
            "debt_ratio": 60.99,
            "inventory_turnover_ratio": null,
            "account_receivable_turnover_ratio": null,
            "reinvestment_rate": 7.77,
            "research_to_sale_ratio": null,
            "price_fair": 79.28,
            "eps_avg_yearly": 2.27,
            "eps_latest_yearly": 2.76,
            "eps_growth_yearly": 183.51
        },
        "20083": {
            "year_quarter": 20083,
            "year": 2008,
            "quarter": 3,
            "eps": 0.64,
            "eps_growth_year": 39.13,
            "eps_4q": 2.61,
            "eps_4q_growth_year": 90.08,
            "roe": 2.76,
            "roe_4q": 11.73,
            "gross_profit": 70042,
            "gross_margin": 15.57,
            "gross_margin_4q_avg": 18.53,
            "net_income": 45895,
            "revenue": 449793,
            "common_shares": 890010,
            "book_valuer_per_share": 18.93,
            "book_valuer_per_share_4q_avg": 18.22,
            "equity": 1684428,
            "current_ratio": 131.11,
            "debt_ratio": 61.72,
            "inventory_turnover_ratio": null,
            "account_receivable_turnover_ratio": null,
            "reinvestment_rate": 51.02,
            "research_to_sale_ratio": null,
            "price_fair": 74.81,
            "eps_avg_yearly": 2.14,
            "eps_latest_yearly": 2.56,
            "eps_growth_yearly": 110.87
        },
        "20084": {
            "year_quarter": 20084,
            "year": 2008,
            "quarter": 4,
            "eps": 1.11,
            "eps_growth_year": 54.17,
            "eps_4q": 3.03,
            "eps_4q_growth_year": 37.48,
            "roe": 3.91,
            "roe_4q": 12.3,
            "gross_profit": 58123,
            "gross_margin": 14.11,
            "gross_margin_4q_avg": 16.57,
            "net_income": 78834,
            "revenue": 412056,
            "common_shares": 890010,
            "book_valuer_per_share": 26.36,
            "book_valuer_per_share_4q_avg": 20.44,
            "equity": 2346230,
            "current_ratio": 112.76,
            "debt_ratio": 45.3,
            "inventory_turnover_ratio": null,
            "account_receivable_turnover_ratio": 3.98,
            "reinvestment_rate": 58.46,
            "research_to_sale_ratio": null,
            "price_fair": 72.54,
            "eps_avg_yearly": 2.07,
            "eps_latest_yearly": 4.44,
            "eps_growth_yearly": 124.45
        },
        "20091": {
            "year_quarter": 20091,
            "year": 2009,
            "quarter": 1,
            "eps": -0.23,
            "eps_growth_year": -140.35,
            "eps_4q": 1.77,
            "eps_4q_growth_year": -22.76,
            "roe": -0.7,
            "roe_4q": 9.01,
            "gross_profit": 3039,
            "gross_margin": 0.88,
            "gross_margin_4q_avg": 12.41,
            "net_income": -16265,
            "revenue": 343855,
            "common_shares": 890010,
            "book_valuer_per_share": 26.23,
            "book_valuer_per_share_4q_avg": 22.5,
            "equity": 2334205,
            "current_ratio": 85.62,
            "debt_ratio": 46.33,
            "inventory_turnover_ratio": null,
            "account_receivable_turnover_ratio": 1.73,
            "reinvestment_rate": 81.84,
            "research_to_sale_ratio": null,
            "price_fair": 75.04,
            "eps_avg_yearly": 2.14,
            "eps_latest_yearly": 4.44,
            "eps_growth_yearly": 154.54
        },
        "20092": {
            "year_quarter": 20092,
            "year": 2009,
            "quarter": 2,
            "eps": -1.14,
            "eps_growth_year": -265.22,
            "eps_4q": 0.3,
            "eps_4q_growth_year": -88.1,
            "roe": -3.55,
            "roe_4q": 2.42,
            "gross_profit": -32333,
            "gross_margin": -7.36,
            "gross_margin_4q_avg": 5.8,
            "net_income": -81392,
            "revenue": 439417,
            "common_shares": 890010,
            "book_valuer_per_share": 25.36,
            "book_valuer_per_share_4q_avg": 24.22,
            "equity": 2257031,
            "current_ratio": 59.15,
            "debt_ratio": 57.95,
            "inventory_turnover_ratio": null,
            "account_receivable_turnover_ratio": 1.98,
            "reinvestment_rate": 187.84,
            "research_to_sale_ratio": null,
            "price_fair": 77.2,
            "eps_avg_yearly": 2.21,
            "eps_latest_yearly": 4.44,
            "eps_growth_yearly": 157.58
        },
        "20093": {
            "year_quarter": 20093,
            "year": 2009,
            "quarter": 3,
            "eps": -0.18,
            "eps_growth_year": -128.12,
            "eps_4q": -0.36,
            "eps_4q_growth_year": -113.61,
            "roe": -0.57,
            "roe_4q": -0.9100000000000001,
            "gross_profit": 16806,
            "gross_margin": 3.06,
            "gross_margin_4q_avg": 2.67,
            "net_income": -12802,
            "revenue": 548749,
            "common_shares": 890010,
            "book_valuer_per_share": 25.23,
            "book_valuer_per_share_4q_avg": 25.8,
            "equity": 2245973,
            "current_ratio": 142.01,
            "debt_ratio": 58.98,
            "inventory_turnover_ratio": null,
            "account_receivable_turnover_ratio": 1.95,
            "reinvestment_rate": 199,
            "research_to_sale_ratio": null,
            "price_fair": 80.34,
            "eps_avg_yearly": 2.3,
            "eps_latest_yearly": 4.44,
            "eps_growth_yearly": 175.47
        },
        "20094": {
            "year_quarter": 20094,
            "year": 2009,
            "quarter": 4,
            "eps": 0.26,
            "eps_growth_year": -76.58,
            "eps_4q": -1.3,
            "eps_4q_growth_year": -142.83,
            "roe": 0.81,
            "roe_4q": -4.01,
            "gross_profit": 57582,
            "gross_margin": 9.63,
            "gross_margin_4q_avg": 1.55,
            "net_income": 18252,
            "revenue": 598070,
            "common_shares": 890010,
            "book_valuer_per_share": 31.82,
            "book_valuer_per_share_4q_avg": 27.16,
            "equity": 2264522,
            "current_ratio": 144.55,
            "debt_ratio": 58.74,
            "inventory_turnover_ratio": null,
            "account_receivable_turnover_ratio": 3.53,
            "reinvestment_rate": 255.14,
            "research_to_sale_ratio": null,
            "price_fair": 71.87,
            "eps_avg_yearly": 2.05,
            "eps_latest_yearly": 4.44,
            "eps_growth_yearly": 56.76
        },
        "20101": {
            "year_quarter": 20101,
            "year": 2010,
            "quarter": 1,
            "eps": -0.17,
            "eps_growth_year": null,
            "eps_4q": -1.23,
            "eps_4q_growth_year": -169.61,
            "roe": -0.52,
            "roe_4q": -3.8299999999999996,
            "gross_profit": 15263,
            "gross_margin": 2.59,
            "gross_margin_4q_avg": 1.98,
            "net_income": -11846,
            "revenue": 590022,
            "common_shares": 890010,
            "book_valuer_per_share": 31.65,
            "book_valuer_per_share_4q_avg": 28.52,
            "equity": 2252083,
            "current_ratio": 144.78,
            "debt_ratio": 58.58,
            "inventory_turnover_ratio": null,
            "account_receivable_turnover_ratio": 1.8,
            "reinvestment_rate": 274.7,
            "research_to_sale_ratio": null,
            "price_fair": 75.35,
            "eps_avg_yearly": 2.15,
            "eps_latest_yearly": 4.44,
            "eps_growth_yearly": 91.57
        },
        "20102": {
            "year_quarter": 20102,
            "year": 2010,
            "quarter": 2,
            "eps": 0.12,
            "eps_growth_year": null,
            "eps_4q": 0.03,
            "eps_4q_growth_year": -91.33,
            "roe": 0.37,
            "roe_4q": 0.09000000000000008,
            "gross_profit": 48361,
            "gross_margin": 7.22,
            "gross_margin_4q_avg": 5.63,
            "net_income": 8261,
            "revenue": 669558,
            "common_shares": 890010,
            "book_valuer_per_share": 31.66,
            "book_valuer_per_share_4q_avg": 30.09,
            "equity": 2252973,
            "current_ratio": 134.31,
            "debt_ratio": 59.04,
            "inventory_turnover_ratio": null,
            "account_receivable_turnover_ratio": 1.95,
            "reinvestment_rate": 294.09,
            "research_to_sale_ratio": null,
            "price_fair": 77,
            "eps_avg_yearly": 2.2,
            "eps_latest_yearly": 4.44,
            "eps_growth_yearly": 70.73
        },
        "20103": {
            "year_quarter": 20103,
            "year": 2010,
            "quarter": 3,
            "eps": 0.47,
            "eps_growth_year": null,
            "eps_4q": 0.64,
            "eps_4q_growth_year": null,
            "roe": 1.86,
            "roe_4q": 2.52,
            "gross_profit": 92718,
            "gross_margin": 13.92,
            "gross_margin_4q_avg": 8.34,
            "net_income": 42241,
            "revenue": 666231,
            "common_shares": 890010,
            "book_valuer_per_share": 25.8,
            "book_valuer_per_share_4q_avg": 30.23,
            "equity": 2296133,
            "current_ratio": 138.64,
            "debt_ratio": 58.88,
            "inventory_turnover_ratio": null,
            "account_receivable_turnover_ratio": 1.83,
            "reinvestment_rate": 283.04,
            "research_to_sale_ratio": null,
            "price_fair": 77.98,
            "eps_avg_yearly": 2.23,
            "eps_latest_yearly": 1.88,
            "eps_growth_yearly": 189.3
        },
        "20104": {
            "year_quarter": 20104,
            "year": 2010,
            "quarter": 4,
            "eps": 0.58,
            "eps_growth_year": 122.98,
            "eps_4q": 1.12,
            "eps_4q_growth_year": null,
            "roe": 1.78,
            "roe_4q": 3.4899999999999998,
            "gross_profit": 79694,
            "gross_margin": 12.41,
            "gross_margin_4q_avg": 9.04,
            "net_income": 41244,
            "revenue": 642207,
            "common_shares": 890010,
            "book_valuer_per_share": 33.04,
            "book_valuer_per_share_4q_avg": 30.54,
            "equity": 2351035,
            "current_ratio": 140.22,
            "debt_ratio": 58.01,
            "inventory_turnover_ratio": null,
            "account_receivable_turnover_ratio": 1.84,
            "reinvestment_rate": 277.65,
            "research_to_sale_ratio": null,
            "price_fair": 83.3,
            "eps_avg_yearly": 2.38,
            "eps_latest_yearly": 2.32,
            "eps_growth_yearly": 218.66
        },
        "20111": {
            "year_quarter": 20111,
            "year": 2011,
            "quarter": 1,
            "eps": 0,
            "eps_growth_year": null,
            "eps_4q": 1.29,
            "eps_4q_growth_year": null,
            "roe": 0.01,
            "roe_4q": 4.0200000000000005,
            "gross_profit": 31361,
            "gross_margin": 5.22,
            "gross_margin_4q_avg": 9.69,
            "net_income": 118,
            "revenue": 600691,
            "common_shares": 890010,
            "book_valuer_per_share": 33.13,
            "book_valuer_per_share_4q_avg": 30.91,
            "equity": 2358154,
            "current_ratio": 145.64,
            "debt_ratio": 57.52,
            "inventory_turnover_ratio": null,
            "account_receivable_turnover_ratio": 1.79,
            "reinvestment_rate": 300.03,
            "research_to_sale_ratio": null,
            "price_fair": 86.96,
            "eps_avg_yearly": 2.48,
            "eps_latest_yearly": 2.32,
            "eps_growth_yearly": 207.4
        },
        "20112": {
            "year_quarter": 20112,
            "year": 2011,
            "quarter": 2,
            "eps": 0.47,
            "eps_growth_year": 300.72,
            "eps_4q": 1.64,
            "eps_4q_growth_year": 6118.34,
            "roe": 1.4,
            "roe_4q": 5.05,
            "gross_profit": 62562,
            "gross_margin": 9.43,
            "gross_margin_4q_avg": 10.25,
            "net_income": 33194,
            "revenue": 663224,
            "common_shares": 890010,
            "book_valuer_per_share": 33.51,
            "book_valuer_per_share_4q_avg": 31.37,
            "equity": 2384704,
            "current_ratio": 118.79,
            "debt_ratio": 57.92,
            "inventory_turnover_ratio": null,
            "account_receivable_turnover_ratio": 1.95,
            "reinvestment_rate": 329.29,
            "research_to_sale_ratio": null,
            "price_fair": 91.7,
            "eps_avg_yearly": 2.62,
            "eps_latest_yearly": 2.32,
            "eps_growth_yearly": 234.72
        },
        "20113": {
            "year_quarter": 20113,
            "year": 2011,
            "quarter": 3,
            "eps": 0.25,
            "eps_growth_year": -47.34,
            "eps_4q": 1.3,
            "eps_4q_growth_year": 102.86,
            "roe": 0.74,
            "roe_4q": 3.9299999999999997,
            "gross_profit": 51320,
            "gross_margin": 8.01,
            "gross_margin_4q_avg": 8.77,
            "net_income": 17792,
            "revenue": 640985,
            "common_shares": 890010,
            "book_valuer_per_share": 33.69,
            "book_valuer_per_share_4q_avg": 33.34,
            "equity": 2398170,
            "current_ratio": 124.87,
            "debt_ratio": 57.05,
            "inventory_turnover_ratio": null,
            "account_receivable_turnover_ratio": 1.79,
            "reinvestment_rate": 352.15,
            "research_to_sale_ratio": null,
            "price_fair": 88.03,
            "eps_avg_yearly": 2.52,
            "eps_latest_yearly": 1,
            "eps_growth_yearly": 195.6
        },
        "20114": {
            "year_quarter": 20114,
            "year": 2011,
            "quarter": 4,
            "eps": 0.79,
            "eps_growth_year": 36.93,
            "eps_4q": 1.51,
            "eps_4q_growth_year": 34.58,
            "roe": 2.34,
            "roe_4q": 4.49,
            "gross_profit": 82831,
            "gross_margin": 13.16,
            "gross_margin_4q_avg": 8.96,
            "net_income": 56520,
            "revenue": 629638,
            "common_shares": 890010,
            "book_valuer_per_share": 34.28,
            "book_valuer_per_share_4q_avg": 33.65,
            "equity": 2439676,
            "current_ratio": 129.18,
            "debt_ratio": 56.41,
            "inventory_turnover_ratio": null,
            "account_receivable_turnover_ratio": 1.75,
            "reinvestment_rate": 324.66,
            "research_to_sale_ratio": null,
            "price_fair": 89.25,
            "eps_avg_yearly": 2.55,
            "eps_latest_yearly": 3.16,
            "eps_growth_yearly": 275.34
        },
        "20121": {
            "year_quarter": 20121,
            "year": 2012,
            "quarter": 1,
            "eps": -0.26,
            "eps_growth_year": null,
            "eps_4q": 1.25,
            "eps_4q_growth_year": -3.23,
            "roe": -0.76,
            "roe_4q": 3.7199999999999998,
            "gross_profit": 13962,
            "gross_margin": 2.44,
            "gross_margin_4q_avg": 8.26,
            "net_income": -18561,
            "revenue": 572405,
            "common_shares": 890010,
            "book_valuer_per_share": 34.02,
            "book_valuer_per_share_4q_avg": 33.88,
            "equity": 2421226,
            "current_ratio": 121.81,
            "debt_ratio": 56.2,
            "inventory_turnover_ratio": null,
            "account_receivable_turnover_ratio": 1.63,
            "reinvestment_rate": 385.52,
            "research_to_sale_ratio": null,
            "price_fair": 90.6,
            "eps_avg_yearly": 2.59,
            "eps_latest_yearly": 3.16,
            "eps_growth_yearly": 326.57
        },
        "20122": {
            "year_quarter": 20122,
            "year": 2012,
            "quarter": 2,
            "eps": 0.26,
            "eps_growth_year": -44.64,
            "eps_4q": 1.04,
            "eps_4q_growth_year": -36.56,
            "roe": 0.76,
            "roe_4q": 3.08,
            "gross_profit": 49518,
            "gross_margin": 7.93,
            "gross_margin_4q_avg": 7.89,
            "net_income": 18380,
            "revenue": 624454,
            "common_shares": 890010,
            "book_valuer_per_share": 34.27,
            "book_valuer_per_share_4q_avg": 34.07,
            "equity": 2439384,
            "current_ratio": 121.86,
            "debt_ratio": 56.57,
            "inventory_turnover_ratio": null,
            "account_receivable_turnover_ratio": 1.71,
            "reinvestment_rate": 379.4,
            "research_to_sale_ratio": null,
            "price_fair": 89.6,
            "eps_avg_yearly": 2.56,
            "eps_latest_yearly": 3.16,
            "eps_growth_yearly": 366.97
        },
        "20123": {
            "year_quarter": 20123,
            "year": 2012,
            "quarter": 3,
            "eps": 0.29,
            "eps_growth_year": 15.49,
            "eps_4q": 1.08,
            "eps_4q_growth_year": -16.78,
            "roe": 0.84,
            "roe_4q": 3.1799999999999997,
            "gross_profit": 53476,
            "gross_margin": 8.37,
            "gross_margin_4q_avg": 7.98,
            "net_income": 20550,
            "revenue": 639222,
            "common_shares": 890010,
            "book_valuer_per_share": 34.54,
            "book_valuer_per_share_4q_avg": 34.28,
            "equity": 2458241,
            "current_ratio": 119.5,
            "debt_ratio": 56,
            "inventory_turnover_ratio": null,
            "account_receivable_turnover_ratio": 1.65,
            "reinvestment_rate": 338.59,
            "research_to_sale_ratio": null,
            "price_fair": 81.43,
            "eps_avg_yearly": 2.33,
            "eps_latest_yearly": 1.16,
            "eps_growth_yearly": 379.49
        },
        "20124": {
            "year_quarter": 20124,
            "year": 2012,
            "quarter": 4,
            "eps": 0.38,
            "eps_growth_year": -51.9,
            "eps_4q": 0.67,
            "eps_4q_growth_year": -55.82,
            "roe": 1.1,
            "roe_4q": 1.9400000000000002,
            "gross_profit": 61952,
            "gross_margin": 9.78,
            "gross_margin_4q_avg": 7.13,
            "net_income": 27168,
            "revenue": 633741,
            "common_shares": 890010,
            "book_valuer_per_share": 34.88,
            "book_valuer_per_share_4q_avg": 34.43,
            "equity": 2482392,
            "current_ratio": 127.08,
            "debt_ratio": 55.7,
            "inventory_turnover_ratio": null,
            "account_receivable_turnover_ratio": 1.59,
            "reinvestment_rate": 431.4,
            "research_to_sale_ratio": null,
            "price_fair": 64.4,
            "eps_avg_yearly": 1.84,
            "eps_latest_yearly": 1.52,
            "eps_growth_yearly": 351.22
        },
        "20131": {
            "year_quarter": 20131,
            "year": 2013,
            "quarter": 1,
            "eps": 0.01,
            "eps_growth_year": null,
            "eps_4q": 0.94,
            "eps_4q_growth_year": -24.58,
            "roe": 0.04,
            "roe_4q": 2.74,
            "gross_profit": 29582,
            "gross_margin": 4.86,
            "gross_margin_4q_avg": 7.74,
            "net_income": 971,
            "revenue": 608397,
            "common_shares": 890010,
            "book_valuer_per_share": 33.22,
            "book_valuer_per_share_4q_avg": 34.23,
            "equity": 2364120,
            "current_ratio": 124.57,
            "debt_ratio": 57.68,
            "inventory_turnover_ratio": 20.07,
            "account_receivable_turnover_ratio": 1.55,
            "reinvestment_rate": 288.72,
            "research_to_sale_ratio": null,
            "price_fair": 55.4,
            "eps_avg_yearly": 1.58,
            "eps_latest_yearly": 0.04,
            "eps_growth_yearly": 245.41
        },
        "20132": {
            "year_quarter": 20132,
            "year": 2013,
            "quarter": 2,
            "eps": 0.39,
            "eps_growth_year": 51.03,
            "eps_4q": 1.07,
            "eps_4q_growth_year": 2.89,
            "roe": 1.16,
            "roe_4q": 3.1399999999999997,
            "gross_profit": 63718,
            "gross_margin": 9.91,
            "gross_margin_4q_avg": 8.23,
            "net_income": 27560,
            "revenue": 643139,
            "common_shares": 890010,
            "book_valuer_per_share": 33.6,
            "book_valuer_per_share_4q_avg": 34.06,
            "equity": 2391334,
            "current_ratio": 130.1,
            "debt_ratio": 57.27,
            "inventory_turnover_ratio": 10.25,
            "account_receivable_turnover_ratio": 1.62,
            "reinvestment_rate": -11.7,
            "research_to_sale_ratio": null,
            "price_fair": 55.3,
            "eps_avg_yearly": 1.58,
            "eps_latest_yearly": 1.56,
            "eps_growth_yearly": 2114.73
        },
        "20133": {
            "year_quarter": 20133,
            "year": 2013,
            "quarter": 3,
            "eps": 0.22,
            "eps_growth_year": -23.79,
            "eps_4q": 1,
            "eps_4q_growth_year": -7.32,
            "roe": 0.65,
            "roe_4q": 2.95,
            "gross_profit": 51095,
            "gross_margin": 8.05,
            "gross_margin_4q_avg": 8.15,
            "net_income": 15528,
            "revenue": 634672,
            "common_shares": 890010,
            "book_valuer_per_share": 33.83,
            "book_valuer_per_share_4q_avg": 33.88,
            "equity": 2407812,
            "current_ratio": 133.72,
            "debt_ratio": 56.66,
            "inventory_turnover_ratio": 10.2,
            "account_receivable_turnover_ratio": 1.58,
            "reinvestment_rate": -11.02,
            "research_to_sale_ratio": null,
            "price_fair": 52.58,
            "eps_avg_yearly": 1.5,
            "eps_latest_yearly": 0.88,
            "eps_growth_yearly": 1860.39
        },
        "20134": {
            "year_quarter": 20134,
            "year": 2013,
            "quarter": 4,
            "eps": 0.49,
            "eps_growth_year": 29.5,
            "eps_4q": 1.09,
            "eps_4q_growth_year": 63.65,
            "roe": 1.47,
            "roe_4q": 3.3200000000000003,
            "gross_profit": 78810,
            "gross_margin": 12.11,
            "gross_margin_4q_avg": 8.73,
            "net_income": 36390,
            "revenue": 650680,
            "common_shares": 890010,
            "book_valuer_per_share": 34.41,
            "book_valuer_per_share_4q_avg": 33.77,
            "equity": 2532416,
            "current_ratio": 148.91,
            "debt_ratio": 55.01,
            "inventory_turnover_ratio": 9.71,
            "account_receivable_turnover_ratio": 1.61,
            "reinvestment_rate": -24.81,
            "research_to_sale_ratio": null,
            "price_fair": 54.18,
            "eps_avg_yearly": 1.55,
            "eps_latest_yearly": 1.96,
            "eps_growth_yearly": 1723.44
        },
        "20141": {
            "year_quarter": 20141,
            "year": 2014,
            "quarter": 1,
            "eps": 0.08,
            "eps_growth_year": 700,
            "eps_4q": 1.15,
            "eps_4q_growth_year": 22.08,
            "roe": 0.24,
            "roe_4q": 3.5199999999999996,
            "gross_profit": 38472,
            "gross_margin": 6.18,
            "gross_margin_4q_avg": 9.06,
            "net_income": 6118,
            "revenue": 622694,
            "common_shares": 890010,
            "book_valuer_per_share": 34.33,
            "book_valuer_per_share_4q_avg": 34.04,
            "equity": 2554386,
            "current_ratio": 156.53,
            "debt_ratio": 54.27,
            "inventory_turnover_ratio": 9.74,
            "account_receivable_turnover_ratio": 1.56,
            "reinvestment_rate": -26.49,
            "research_to_sale_ratio": null,
            "price_fair": 50.27,
            "eps_avg_yearly": 1.44,
            "eps_latest_yearly": 0.32,
            "eps_growth_yearly": 1536.34
        },
        "20142": {
            "year_quarter": 20142,
            "year": 2014,
            "quarter": 2,
            "eps": 0.52,
            "eps_growth_year": 33.33,
            "eps_4q": 1.26,
            "eps_4q_growth_year": 17.23,
            "roe": 1.6,
            "roe_4q": 3.96,
            "gross_profit": 85938,
            "gross_margin": 12.63,
            "gross_margin_4q_avg": 9.74,
            "net_income": 40995,
            "revenue": 680675,
            "common_shares": 890010,
            "book_valuer_per_share": 34.71,
            "book_valuer_per_share_4q_avg": 34.32,
            "equity": 2582197,
            "current_ratio": 143.25,
            "debt_ratio": 54.85,
            "inventory_turnover_ratio": 9.51,
            "account_receivable_turnover_ratio": 1.67,
            "reinvestment_rate": -19.81,
            "research_to_sale_ratio": null,
            "price_fair": 52.15,
            "eps_avg_yearly": 1.49,
            "eps_latest_yearly": 2.08,
            "eps_growth_yearly": 1591.64
        },
        "20143": {
            "year_quarter": 20143,
            "year": 2014,
            "quarter": 3,
            "eps": 0.48,
            "eps_growth_year": 118.18,
            "eps_4q": 1.55,
            "eps_4q_growth_year": 54.81,
            "roe": 1.44,
            "roe_4q": 4.75,
            "gross_profit": 77670,
            "gross_margin": 11.15,
            "gross_margin_4q_avg": 10.52,
            "net_income": 37540,
            "revenue": 696314,
            "common_shares": 934511,
            "book_valuer_per_share": 33.57,
            "book_valuer_per_share_4q_avg": 34.26,
            "equity": 2622238,
            "current_ratio": 151.61,
            "debt_ratio": 53.76,
            "inventory_turnover_ratio": 9.35,
            "account_receivable_turnover_ratio": 1.57,
            "reinvestment_rate": -17.64,
            "research_to_sale_ratio": null,
            "price_fair": 52.27,
            "eps_avg_yearly": 1.49,
            "eps_latest_yearly": 1.92,
            "eps_growth_yearly": 1491.86
        },
        "20144": {
            "year_quarter": 20144,
            "year": 2014,
            "quarter": 4,
            "eps": 0.35,
            "eps_growth_year": -28.97,
            "eps_4q": 1.43,
            "eps_4q_growth_year": 30.45,
            "roe": 1.05,
            "roe_4q": 4.33,
            "gross_profit": 62276,
            "gross_margin": 9.58,
            "gross_margin_4q_avg": 9.89,
            "net_income": 27664,
            "revenue": 650373,
            "common_shares": 934511,
            "book_valuer_per_share": 33.65,
            "book_valuer_per_share_4q_avg": 34.07,
            "equity": 2650736,
            "current_ratio": 153.02,
            "debt_ratio": 53.33,
            "inventory_turnover_ratio": 7.96,
            "account_receivable_turnover_ratio": 1.5,
            "reinvestment_rate": -24.62,
            "research_to_sale_ratio": null,
            "price_fair": 49.58,
            "eps_avg_yearly": 1.42,
            "eps_latest_yearly": 1.4,
            "eps_growth_yearly": 1475.03
        },
        "20151": {
            "year_quarter": 20151,
            "year": 2015,
            "quarter": 1,
            "eps": -0.08,
            "eps_growth_year": -200,
            "eps_4q": 1.26,
            "eps_4q_growth_year": 9.86,
            "roe": -0.25,
            "roe_4q": 3.8400000000000003,
            "gross_profit": 24211,
            "gross_margin": 4.07,
            "gross_margin_4q_avg": 9.36,
            "net_income": -6582,
            "revenue": 595487,
            "common_shares": 934511,
            "book_valuer_per_share": 33.57,
            "book_valuer_per_share_4q_avg": 33.88,
            "equity": 2645882,
            "current_ratio": 135.39,
            "debt_ratio": 53.03,
            "inventory_turnover_ratio": 7.07,
            "account_receivable_turnover_ratio": 1.52,
            "reinvestment_rate": -22.14,
            "research_to_sale_ratio": null,
            "price_fair": 49.58,
            "eps_avg_yearly": 1.42,
            "eps_latest_yearly": 1.4,
            "eps_growth_yearly": 1475.03
        },
        "20152": {
            "year_quarter": 20152,
            "year": 2015,
            "quarter": 2,
            "eps": 0.24,
            "eps_growth_year": -53.85,
            "eps_4q": 0.91,
            "eps_4q_growth_year": -27.8,
            "roe": 0.71,
            "roe_4q": 2.95,
            "gross_profit": 61636,
            "gross_margin": 9.22,
            "gross_margin_4q_avg": 8.51,
            "net_income": 18689,
            "revenue": 668777,
            "common_shares": 934511,
            "book_valuer_per_share": 33.58,
            "book_valuer_per_share_4q_avg": 33.59,
            "equity": 2648797,
            "current_ratio": 112.32,
            "debt_ratio": 53.95,
            "inventory_turnover_ratio": 7.54,
            "account_receivable_turnover_ratio": 1.7,
            "reinvestment_rate": -32.94,
            "research_to_sale_ratio": null,
            "price_fair": 49.58,
            "eps_avg_yearly": 1.42,
            "eps_latest_yearly": 1.4,
            "eps_growth_yearly": 1475.03
        },
        "20153": {
            "year_quarter": 20153,
            "year": 2015,
            "quarter": 3,
            "eps": -0.11,
            "eps_growth_year": -122.92,
            "eps_4q": 0.36,
            "eps_4q_growth_year": -76.96,
            "roe": -0.37,
            "roe_4q": 1.1400000000000001,
            "gross_profit": 30051,
            "gross_margin": 4.73,
            "gross_margin_4q_avg": 6.9,
            "net_income": -9685,
            "revenue": 635340,
            "common_shares": 998058,
            "book_valuer_per_share": 31.35,
            "book_valuer_per_share_4q_avg": 33.04,
            "equity": 2640786,
            "current_ratio": 89.13,
            "debt_ratio": 55.35,
            "inventory_turnover_ratio": 7.54,
            "account_receivable_turnover_ratio": 1.51,
            "reinvestment_rate": -23.62,
            "research_to_sale_ratio": null,
            "price_fair": 50.91,
            "eps_avg_yearly": 1.45,
            "eps_latest_yearly": 1.4,
            "eps_growth_yearly": 1626.14
        },
        "20154": {
            "year_quarter": 20154,
            "year": 2015,
            "quarter": 4,
            "eps": 0.24,
            "eps_growth_year": -32.21,
            "eps_4q": 0.27,
            "eps_4q_growth_year": -81.29,
            "roe": 0.76,
            "roe_4q": 0.8500000000000001,
            "gross_profit": 83244,
            "gross_margin": 12.79,
            "gross_margin_4q_avg": 7.7,
            "net_income": 20063,
            "revenue": 651071,
            "common_shares": 998058,
            "book_valuer_per_share": 31.4,
            "book_valuer_per_share_4q_avg": 32.48,
            "equity": 2645394,
            "current_ratio": 104,
            "debt_ratio": 56.99,
            "inventory_turnover_ratio": 7,
            "account_receivable_turnover_ratio": 1.52,
            "reinvestment_rate": -15.76,
            "research_to_sale_ratio": null,
            "price_fair": 44.94,
            "eps_avg_yearly": 1.28,
            "eps_latest_yearly": 1.4,
            "eps_growth_yearly": 1702.36
        },
        "20161": {
            "year_quarter": 20161,
            "year": 2016,
            "quarter": 1,
            "eps": 0.03,
            "eps_growth_year": null,
            "eps_4q": 0.38,
            "eps_4q_growth_year": -70.32,
            "roe": 0.1,
            "roe_4q": 1.2,
            "gross_profit": 33229,
            "gross_margin": 5.53,
            "gross_margin_4q_avg": 8.07,
            "net_income": 2547,
            "revenue": 601062,
            "common_shares": 998058,
            "book_valuer_per_share": 31.44,
            "book_valuer_per_share_4q_avg": 31.94,
            "equity": 2648642,
            "current_ratio": 62.88,
            "debt_ratio": 56.3,
            "inventory_turnover_ratio": 6.86,
            "account_receivable_turnover_ratio": 1.45,
            "reinvestment_rate": -28.76,
            "research_to_sale_ratio": null,
            "price_fair": 41.24,
            "eps_avg_yearly": 1.18,
            "eps_latest_yearly": 0.12,
            "eps_growth_yearly": 1515.78
        },
        "20162": {
            "year_quarter": 20162,
            "year": 2016,
            "quarter": 2,
            "eps": 0.36,
            "eps_growth_year": 50,
            "eps_4q": 0.51,
            "eps_4q_growth_year": -43.63,
            "roe": 1.18,
            "roe_4q": 1.67,
            "gross_profit": 73714,
            "gross_margin": 11.23,
            "gross_margin_4q_avg": 8.57,
            "net_income": 31593,
            "revenue": 656324,
            "common_shares": 998058,
            "book_valuer_per_share": 31.42,
            "book_valuer_per_share_4q_avg": 31.4,
            "equity": 2697474,
            "current_ratio": 66.21,
            "debt_ratio": 55.9,
            "inventory_turnover_ratio": 6.83,
            "account_receivable_turnover_ratio": 1.55,
            "reinvestment_rate": 116.62,
            "research_to_sale_ratio": null,
            "price_fair": 42,
            "eps_avg_yearly": 1.2,
            "eps_latest_yearly": 1.44,
            "eps_growth_yearly": 1756.13
        },
        "20163": {
            "year_quarter": 20163,
            "year": 2016,
            "quarter": 3,
            "eps": -0.06,
            "eps_growth_year": null,
            "eps_4q": 0.56,
            "eps_4q_growth_year": 57.11,
            "roe": -0.18,
            "roe_4q": 1.86,
            "gross_profit": 64065,
            "gross_margin": 9.78,
            "gross_margin_4q_avg": 9.83,
            "net_income": -4886,
            "revenue": 654864,
            "common_shares": 1010034,
            "book_valuer_per_share": 30.79,
            "book_valuer_per_share_4q_avg": 31.26,
            "equity": 2706729,
            "current_ratio": 91.11,
            "debt_ratio": 56.27,
            "inventory_turnover_ratio": 5.76,
            "account_receivable_turnover_ratio": 1.43,
            "reinvestment_rate": 102.79,
            "research_to_sale_ratio": null,
            "price_fair": 42.13,
            "eps_avg_yearly": 1.2,
            "eps_latest_yearly": 1.44,
            "eps_growth_yearly": 1911.58
        },
        "20164": {
            "year_quarter": 20164,
            "year": 2016,
            "quarter": 4,
            "eps": 0.16,
            "eps_growth_year": -34.73,
            "eps_4q": 0.43,
            "eps_4q_growth_year": 59.52,
            "roe": 0.59,
            "roe_4q": 1.69,
            "gross_profit": 82699,
            "gross_margin": 12.47,
            "gross_margin_4q_avg": 9.75,
            "net_income": 16823,
            "revenue": 662997,
            "common_shares": 1210034,
            "book_valuer_per_share": 27.43,
            "book_valuer_per_share_4q_avg": 30.27,
            "equity": 2969885,
            "current_ratio": 86.18,
            "debt_ratio": 51.86,
            "inventory_turnover_ratio": 4.95,
            "account_receivable_turnover_ratio": 1.42,
            "reinvestment_rate": 140.97,
            "research_to_sale_ratio": null,
            "price_fair": 41.02,
            "eps_avg_yearly": 1.17,
            "eps_latest_yearly": 1.44,
            "eps_growth_yearly": 2090.33
        },
        "20171": {
            "year_quarter": 20171,
            "year": 2017,
            "quarter": 1,
            "eps": -0.07,
            "eps_growth_year": -333.33,
            "eps_4q": 0.33,
            "eps_4q_growth_year": -12.03,
            "roe": -0.26,
            "roe_4q": 1.3299999999999998,
            "gross_profit": 24861,
            "gross_margin": 4.08,
            "gross_margin_4q_avg": 9.39,
            "net_income": -7780,
            "revenue": 609942,
            "common_shares": 1210034,
            "book_valuer_per_share": 27.38,
            "book_valuer_per_share_4q_avg": 29.26,
            "equity": 2965722,
            "current_ratio": 83.53,
            "debt_ratio": 51.58,
            "inventory_turnover_ratio": 5,
            "account_receivable_turnover_ratio": 1.35,
            "reinvestment_rate": 149.91,
            "research_to_sale_ratio": null,
            "price_fair": 45.42,
            "eps_avg_yearly": 1.3,
            "eps_latest_yearly": 1.44,
            "eps_growth_yearly": 2365.86
        },
        "20172": {
            "year_quarter": 20172,
            "year": 2017,
            "quarter": 2,
            "eps": 0.16,
            "eps_growth_year": -55.56,
            "eps_4q": 0.19,
            "eps_4q_growth_year": -62.12,
            "roe": 0.58,
            "roe_4q": 0.73,
            "gross_profit": 58588,
            "gross_margin": 8.69,
            "gross_margin_4q_avg": 8.76,
            "net_income": 17291,
            "revenue": 674258,
            "common_shares": 1210034,
            "book_valuer_per_share": 27.47,
            "book_valuer_per_share_4q_avg": 28.27,
            "equity": 2975052,
            "current_ratio": 86.81,
            "debt_ratio": 51.79,
            "inventory_turnover_ratio": 5.37,
            "account_receivable_turnover_ratio": 1.47,
            "reinvestment_rate": 156.47,
            "research_to_sale_ratio": null,
            "price_fair": 44.28,
            "eps_avg_yearly": 1.27,
            "eps_latest_yearly": 1.44,
            "eps_growth_yearly": 761.59
        },
        "20173": {
            "year_quarter": 20173,
            "year": 2017,
            "quarter": 3,
            "eps": 0.2,
            "eps_growth_year": null,
            "eps_4q": 0.44,
            "eps_4q_growth_year": -20.96,
            "roe": 0.76,
            "roe_4q": 1.67,
            "gross_profit": 67659,
            "gross_margin": 9.7,
            "gross_margin_4q_avg": 8.74,
            "net_income": 22649,
            "revenue": 697373,
            "common_shares": 1234235,
            "book_valuer_per_share": 27.13,
            "book_valuer_per_share_4q_avg": 27.35,
            "equity": 2997481,
            "current_ratio": 84.59,
            "debt_ratio": 51.74,
            "inventory_turnover_ratio": 5.74,
            "account_receivable_turnover_ratio": 1.41,
            "reinvestment_rate": 159.07,
            "research_to_sale_ratio": null,
            "price_fair": 43.93,
            "eps_avg_yearly": 1.26,
            "eps_latest_yearly": 0.8,
            "eps_growth_yearly": 795.89
        },
        "20174": {
            "year_quarter": 20174,
            "year": 2017,
            "quarter": 4,
            "eps": 0.23,
            "eps_growth_year": 47.66,
            "eps_4q": 0.52,
            "eps_4q_growth_year": 22.3,
            "roe": 0.84,
            "roe_4q": 1.9200000000000002,
            "gross_profit": 80199,
            "gross_margin": 11.77,
            "gross_margin_4q_avg": 8.56,
            "net_income": 25370,
            "revenue": 681534,
            "common_shares": 1234235,
            "book_valuer_per_share": 27.35,
            "book_valuer_per_share_4q_avg": 27.33,
            "equity": 3022296,
            "current_ratio": 89.12,
            "debt_ratio": 52.01,
            "inventory_turnover_ratio": 5.74,
            "account_receivable_turnover_ratio": 1.36,
            "reinvestment_rate": 193.44,
            "research_to_sale_ratio": null,
            "price_fair": 39.38,
            "eps_avg_yearly": 1.13,
            "eps_latest_yearly": 0.92,
            "eps_growth_yearly": 742.03
        },
        "20181": {
            "year_quarter": 20181,
            "year": 2018,
            "quarter": 1,
            "eps": -0.03,
            "eps_growth_year": null,
            "eps_4q": 0.56,
            "eps_4q_growth_year": 70.48,
            "roe": -0.1,
            "roe_4q": 2.08,
            "gross_profit": 39365,
            "gross_margin": 5.89,
            "gross_margin_4q_avg": 9.01,
            "net_income": -3113,
            "revenue": 668262,
            "common_shares": 1234235,
            "book_valuer_per_share": 27.35,
            "book_valuer_per_share_4q_avg": 27.33,
            "equity": 3021763,
            "current_ratio": 84.06,
            "debt_ratio": 51.8,
            "inventory_turnover_ratio": 6.22,
            "account_receivable_turnover_ratio": 1.39,
            "reinvestment_rate": 204.88,
            "research_to_sale_ratio": null,
            "price_fair": 43.4,
            "eps_avg_yearly": 1.24,
            "eps_latest_yearly": 0.92,
            "eps_growth_yearly": 895.84
        },
        "20182": {
            "year_quarter": 20182,
            "year": 2018,
            "quarter": 2,
            "eps": 0.35,
            "eps_growth_year": 118.75,
            "eps_4q": 0.75,
            "eps_4q_growth_year": 289.03,
            "roe": 1.27,
            "roe_4q": 2.7699999999999996,
            "gross_profit": 88869,
            "gross_margin": 12.11,
            "gross_margin_4q_avg": 9.87,
            "net_income": 38372,
            "revenue": 733840,
            "common_shares": 1234235,
            "book_valuer_per_share": 27.25,
            "book_valuer_per_share_4q_avg": 27.27,
            "equity": 3010682,
            "current_ratio": 74.5,
            "debt_ratio": 53.28,
            "inventory_turnover_ratio": 6.39,
            "account_receivable_turnover_ratio": 1.43,
            "reinvestment_rate": 194.79,
            "research_to_sale_ratio": null,
            "price_fair": 38.5,
            "eps_avg_yearly": 1.1,
            "eps_latest_yearly": 0.92,
            "eps_growth_yearly": 678.48
        },
        "20183": {
            "year_quarter": 20183,
            "year": 2018,
            "quarter": 3,
            "eps": 0.18,
            "eps_growth_year": -10,
            "eps_4q": 0.73,
            "eps_4q_growth_year": 63.75,
            "roe": 0.65,
            "roe_4q": 2.6599999999999997,
            "gross_profit": 73214,
            "gross_margin": 9.87,
            "gross_margin_4q_avg": 9.91,
            "net_income": 19618,
            "revenue": 742049,
            "common_shares": 1234235,
            "book_valuer_per_share": 27.44,
            "book_valuer_per_share_4q_avg": 27.35,
            "equity": 3032602,
            "current_ratio": 76.69,
            "debt_ratio": 52.97,
            "inventory_turnover_ratio": 6.62,
            "account_receivable_turnover_ratio": 1.35,
            "reinvestment_rate": 320.3,
            "research_to_sale_ratio": null,
            "price_fair": 31.5,
            "eps_avg_yearly": 0.9,
            "eps_latest_yearly": 0.72,
            "eps_growth_yearly": 651.23
        },
        "20184": {
            "year_quarter": 20184,
            "year": 2018,
            "quarter": 4,
            "eps": 0.03,
            "eps_growth_year": -85.7,
            "eps_4q": 0.53,
            "eps_4q_growth_year": 1.68,
            "roe": 0.12,
            "roe_4q": 1.94,
            "gross_profit": 48337,
            "gross_margin": 6.84,
            "gross_margin_4q_avg": 8.68,
            "net_income": 3634,
            "revenue": 706764,
            "common_shares": 1234235,
            "book_valuer_per_share": 27.43,
            "book_valuer_per_share_4q_avg": 27.37,
            "equity": 3031443,
            "current_ratio": 90.33,
            "debt_ratio": 52.83,
            "inventory_turnover_ratio": 6.47,
            "account_receivable_turnover_ratio": 1.31,
            "reinvestment_rate": 335.93,
            "research_to_sale_ratio": null,
            "price_fair": 24.03,
            "eps_avg_yearly": 0.69,
            "eps_latest_yearly": 0.12,
            "eps_growth_yearly": 613.73
        },
        "20191": {
            "year_quarter": 20191,
            "year": 2019,
            "quarter": 1,
            "eps": -0.19,
            "eps_growth_year": null,
            "eps_4q": 0.28,
            "eps_4q_growth_year": -49.93,
            "roe": -0.77,
            "roe_4q": 1.27,
            "gross_profit": 49201,
            "gross_margin": 7.51,
            "gross_margin_4q_avg": 9.08,
            "net_income": -23288,
            "revenue": 654865,
            "common_shares": 1484235,
            "book_valuer_per_share": 22.01,
            "book_valuer_per_share_4q_avg": 26.03,
            "equity": 2994205,
            "current_ratio": 87.97,
            "debt_ratio": 74.45,
            "inventory_turnover_ratio": 5.9,
            "account_receivable_turnover_ratio": 1.25,
            "reinvestment_rate": 357.81,
            "research_to_sale_ratio": null,
            "price_fair": 24.03,
            "eps_avg_yearly": 0.69,
            "eps_latest_yearly": 0.12,
            "eps_growth_yearly": 613.73
        },
        "20192": {
            "year_quarter": 20192,
            "year": 2019,
            "quarter": 2,
            "eps": 0.1,
            "eps_growth_year": -71.43,
            "eps_4q": 0.1,
            "eps_4q_growth_year": -86.14,
            "roe": 0.48,
            "roe_4q": 0.48,
            "gross_profit": 86461,
            "gross_margin": 11.95,
            "gross_margin_4q_avg": 9.04,
            "net_income": 14247,
            "revenue": 723369,
            "common_shares": 1484235,
            "book_valuer_per_share": 21.8,
            "book_valuer_per_share_4q_avg": 24.67,
            "equity": 2966056,
            "current_ratio": 85.02,
            "debt_ratio": 74.74,
            "inventory_turnover_ratio": 6.15,
            "account_receivable_turnover_ratio": 1.36,
            "reinvestment_rate": 338.83,
            "research_to_sale_ratio": null,
            "price_fair": 24.03,
            "eps_avg_yearly": 0.69,
            "eps_latest_yearly": 0.12,
            "eps_growth_yearly": 613.73
        },
        "20193": {
            "year_quarter": 20193,
            "year": 2019,
            "quarter": 3,
            "eps": 0.17,
            "eps_growth_year": -5.56,
            "eps_4q": 0.13,
            "eps_4q_growth_year": -82.27,
            "roe": 0.77,
            "roe_4q": 0.6,
            "gross_profit": 97975,
            "gross_margin": 13.17,
            "gross_margin_4q_avg": 9.87,
            "net_income": 22921,
            "revenue": 744130,
            "common_shares": 1484235,
            "book_valuer_per_share": 21.99,
            "book_valuer_per_share_4q_avg": 23.31,
            "equity": 2992066,
            "current_ratio": 86.56,
            "debt_ratio": 74.28,
            "inventory_turnover_ratio": 6.15,
            "account_receivable_turnover_ratio": 1.39,
            "reinvestment_rate": 253.19,
            "research_to_sale_ratio": null,
            "price_fair": 24,
            "eps_avg_yearly": 0.69,
            "eps_latest_yearly": 0.68,
            "eps_growth_yearly": 566.05
        },
        "20194": {
            "year_quarter": 20194,
            "year": 2019,
            "quarter": 4,
            "eps": 0.16,
            "eps_growth_year": 381.56,
            "eps_4q": 0.26,
            "eps_4q_growth_year": -50.86,
            "roe": 0.72,
            "roe_4q": 1.2,
            "gross_profit": 102552,
            "gross_margin": 13.56,
            "gross_margin_4q_avg": 11.55,
            "net_income": 21501,
            "revenue": 756455,
            "common_shares": 1484235,
            "book_valuer_per_share": 22.19,
            "book_valuer_per_share_4q_avg": 22,
            "equity": 3018538,
            "current_ratio": 83.19,
            "debt_ratio": 73.86,
            "inventory_turnover_ratio": 6.12,
            "account_receivable_turnover_ratio": 1.42,
            "reinvestment_rate": 223,
            "research_to_sale_ratio": null,
            "price_fair": 23.8,
            "eps_avg_yearly": 0.68,
            "eps_latest_yearly": 0.64,
            "eps_growth_yearly": 492.36
        },
        "20201": {
            "year_quarter": 20201,
            "year": 2020,
            "quarter": 1,
            "eps": -0.12,
            "eps_growth_year": null,
            "eps_4q": 0.31,
            "eps_4q_growth_year": 9.34,
            "roe": -0.56,
            "roe_4q": 1.41,
            "gross_profit": 51804,
            "gross_margin": 7.83,
            "gross_margin_4q_avg": 11.63,
            "net_income": -16762,
            "revenue": 661594,
            "common_shares": 1484235,
            "book_valuer_per_share": 21.83,
            "book_valuer_per_share_4q_avg": 21.95,
            "equity": 2970040,
            "current_ratio": 80.13,
            "debt_ratio": 73.94,
            "inventory_turnover_ratio": 5.68,
            "account_receivable_turnover_ratio": 1.28,
            "reinvestment_rate": 241.52,
            "research_to_sale_ratio": null,
            "price_fair": 26.6,
            "eps_avg_yearly": 0.76,
            "eps_latest_yearly": 0.64,
            "eps_growth_yearly": 612.69
        },
        "20202": {
            "year_quarter": 20202,
            "year": 2020,
            "quarter": 2,
            "eps": -0.09,
            "eps_growth_year": -190,
            "eps_4q": 0.11,
            "eps_4q_growth_year": 9.77,
            "roe": -0.41,
            "roe_4q": 0.52,
            "gross_profit": 74314,
            "gross_margin": 10.63,
            "gross_margin_4q_avg": 11.3,
            "net_income": -12056,
            "revenue": 699192,
            "common_shares": 1484235,
            "book_valuer_per_share": 21.8,
            "book_valuer_per_share_4q_avg": 21.95,
            "equity": 2966554,
            "current_ratio": 78.33,
            "debt_ratio": 73.71,
            "inventory_turnover_ratio": 5.34,
            "account_receivable_turnover_ratio": 1.38,
            "reinvestment_rate": 138.82,
            "research_to_sale_ratio": null,
            "price_fair": 1.94,
            "eps_avg_yearly": 0.65,
            "eps_latest_yearly": 0.64,
            "eps_growth_yearly": -18.52
        },
        "20203": {
            "year_quarter": 20203,
            "year": 2020,
            "quarter": 3,
            "eps": 0.25,
            "eps_growth_year": 47.06,
            "eps_4q": 0.19,
            "eps_4q_growth_year": 51.38,
            "roe": 1.13,
            "roe_4q": 0.8799999999999999,
            "gross_profit": 102228,
            "gross_margin": 13.69,
            "gross_margin_4q_avg": 11.43,
            "net_income": 33841,
            "revenue": 746877,
            "common_shares": 1484235,
            "book_valuer_per_share": 22.1,
            "book_valuer_per_share_4q_avg": 21.98,
            "equity": 3007086,
            "current_ratio": 80.79,
            "debt_ratio": 73.68,
            "inventory_turnover_ratio": 5.07,
            "account_receivable_turnover_ratio": 1.39,
            "reinvestment_rate": 138.64,
            "research_to_sale_ratio": null,
            "price_fair": 1.94,
            "eps_avg_yearly": 0.65,
            "eps_latest_yearly": 0.64,
            "eps_growth_yearly": -18.52
        },
        "20204": {
            "year_quarter": 20204,
            "year": 2020,
            "quarter": 4,
            "eps": 0.19,
            "eps_growth_year": 19.74,
            "eps_4q": 0.23,
            "eps_4q_growth_year": -13.08,
            "roe": 0.85,
            "roe_4q": 1.01,
            "gross_profit": 98750,
            "gross_margin": 13.66,
            "gross_margin_4q_avg": 11.45,
            "net_income": 25750,
            "revenue": 722830,
            "common_shares": 1484235,
            "book_valuer_per_share": 22.61,
            "book_valuer_per_share_4q_avg": 22.09,
            "equity": 3075903,
            "current_ratio": 104.87,
            "debt_ratio": 72.47,
            "inventory_turnover_ratio": 4.87,
            "account_receivable_turnover_ratio": 1.38,
            "reinvestment_rate": 67.28,
            "research_to_sale_ratio": null,
            "price_fair": 1.99,
            "eps_avg_yearly": 0.66,
            "eps_latest_yearly": 0.76,
            "eps_growth_yearly": -29.59
        },
        "20211": {
            "year_quarter": 20211,
            "year": 2021,
            "quarter": 1,
            "eps": 0.03,
            "eps_growth_year": null,
            "eps_4q": 0.38,
            "eps_4q_growth_year": 22.38,
            "roe": 0.13,
            "roe_4q": 1.7,
            "gross_profit": 82480,
            "gross_margin": 11.48,
            "gross_margin_4q_avg": 12.37,
            "net_income": 3968,
            "revenue": 718467,
            "common_shares": 1484235,
            "book_valuer_per_share": 22.35,
            "book_valuer_per_share_4q_avg": 22.22,
            "equity": 3053184,
            "current_ratio": 104.78,
            "debt_ratio": 72.22,
            "inventory_turnover_ratio": 4.97,
            "account_receivable_turnover_ratio": 1.45,
            "reinvestment_rate": 54.45,
            "research_to_sale_ratio": null,
            "price_fair": 1.79,
            "eps_avg_yearly": 0.6,
            "eps_latest_yearly": 0.12,
            "eps_growth_yearly": -68
        },
        "20212": {
            "year_quarter": 20212,
            "year": 2021,
            "quarter": 2,
            "eps": 0.37,
            "eps_growth_year": null,
            "eps_4q": 0.83,
            "eps_4q_growth_year": 628.75,
            "roe": 1.63,
            "roe_4q": 3.7399999999999998,
            "gross_profit": 137881,
            "gross_margin": 17.84,
            "gross_margin_4q_avg": 14.17,
            "net_income": 50052,
            "revenue": 772802,
            "common_shares": 1484235,
            "book_valuer_per_share": 22.73,
            "book_valuer_per_share_4q_avg": 22.45,
            "equity": 3105553,
            "current_ratio": 113.86,
            "debt_ratio": 71.49,
            "inventory_turnover_ratio": 4.78,
            "account_receivable_turnover_ratio": 1.48,
            "reinvestment_rate": 32.49,
            "research_to_sale_ratio": null,
            "price_fair": 24.27,
            "eps_avg_yearly": 0.69,
            "eps_latest_yearly": 1.48,
            "eps_growth_yearly": 443.26
        },
        "20213": {
            "year_quarter": 20213,
            "year": 2021,
            "quarter": 3,
            "eps": 0.45,
            "eps_growth_year": 80,
            "eps_4q": 1.03,
            "eps_4q_growth_year": 430.47,
            "roe": 1.97,
            "roe_4q": 4.579999999999999,
            "gross_profit": 156076,
            "gross_margin": 19.59,
            "gross_margin_4q_avg": 15.64,
            "net_income": 61823,
            "revenue": 796759,
            "common_shares": 1484235,
            "book_valuer_per_share": 23.17,
            "book_valuer_per_share_4q_avg": 22.72,
            "equity": 3166405,
            "current_ratio": 113.89,
            "debt_ratio": 71.2,
            "inventory_turnover_ratio": 4.71,
            "account_receivable_turnover_ratio": 1.28,
            "reinvestment_rate": 7.12,
            "research_to_sale_ratio": null,
            "price_fair": 28.16,
            "eps_avg_yearly": 0.8,
            "eps_latest_yearly": 1.8,
            "eps_growth_yearly": 441.76
        },
        "20214": {
            "year_quarter": 20214,
            "year": 2021,
            "quarter": 4,
            "eps": 0.78,
            "eps_growth_year": 314.28,
            "eps_4q": 1.63,
            "eps_4q_growth_year": 620.66,
            "roe": 3.28,
            "roe_4q": 7.01,
            "gross_profit": 169633,
            "gross_margin": 21.31,
            "gross_margin_4q_avg": 17.56,
            "net_income": 105723,
            "revenue": 796109,
            "common_shares": 1484235,
            "book_valuer_per_share": 23.99,
            "book_valuer_per_share_4q_avg": 23.06,
            "equity": 3277899,
            "current_ratio": 124.97,
            "debt_ratio": 70.12,
            "inventory_turnover_ratio": 4.62,
            "account_receivable_turnover_ratio": 1.18,
            "reinvestment_rate": 36.95,
            "research_to_sale_ratio": null,
            "price_fair": 36.71,
            "eps_avg_yearly": 1.05,
            "eps_latest_yearly": 3.12,
            "eps_growth_yearly": 467.68
        },
        "20221": {
            "year_quarter": 20221,
            "year": 2022,
            "quarter": 1,
            "eps": 0.21,
            "eps_growth_year": 600,
            "eps_4q": 1.81,
            "eps_4q_growth_year": 380.38,
            "roe": 0.92,
            "roe_4q": 7.8,
            "gross_profit": 117940,
            "gross_margin": 15.13,
            "gross_margin_4q_avg": 18.47,
            "net_income": 29236,
            "revenue": 779647,
            "common_shares": 1484235,
            "book_valuer_per_share": 22.43,
            "book_valuer_per_share_4q_avg": 23.08,
            "equity": 3064222,
            "current_ratio": 107.98,
            "debt_ratio": 71.93,
            "inventory_turnover_ratio": 4.75,
            "account_receivable_turnover_ratio": 1.22,
            "reinvestment_rate": 28.79,
            "research_to_sale_ratio": null,
            "price_fair": 35.98,
            "eps_avg_yearly": 1.03,
            "eps_latest_yearly": 0.84,
            "eps_growth_yearly": 391.69
        },
        "20222": {
            "year_quarter": 20222,
            "year": 2022,
            "quarter": 2,
            "eps": 0.5,
            "eps_growth_year": 35.14,
            "eps_4q": 1.94,
            "eps_4q_growth_year": 132.67,
            "roe": 2.22,
            "roe_4q": 8.39,
            "gross_profit": 179347,
            "gross_margin": 21.48,
            "gross_margin_4q_avg": 19.38,
            "net_income": 68992,
            "revenue": 834816,
            "common_shares": 1484235,
            "book_valuer_per_share": 23.03,
            "book_valuer_per_share_4q_avg": 23.16,
            "equity": 3146278,
            "current_ratio": 111.78,
            "debt_ratio": 70.73,
            "inventory_turnover_ratio": 4.49,
            "account_receivable_turnover_ratio": 1.31,
            "reinvestment_rate": 29.87,
            "research_to_sale_ratio": null,
            "price_fair": 39.07,
            "eps_avg_yearly": 1.12,
            "eps_latest_yearly": 2,
            "eps_growth_yearly": 406.29
        },
        "20223": {
            "year_quarter": 20223,
            "year": 2022,
            "quarter": 3,
            "eps": 0.15,
            "eps_growth_year": -66.67,
            "eps_4q": 1.65,
            "eps_4q_growth_year": 59.43,
            "roe": 0.65,
            "roe_4q": 7.07,
            "gross_profit": 134978,
            "gross_margin": 17.05,
            "gross_margin_4q_avg": 18.74,
            "net_income": 20415,
            "revenue": 791575,
            "common_shares": 1484235,
            "book_valuer_per_share": 23.13,
            "book_valuer_per_share_4q_avg": 23.15,
            "equity": 3159892,
            "current_ratio": 114.96,
            "debt_ratio": 70.22,
            "inventory_turnover_ratio": 4.34,
            "account_receivable_turnover_ratio": 1.27,
            "reinvestment_rate": -37.38,
            "research_to_sale_ratio": null,
            "price_fair": 38.69,
            "eps_avg_yearly": 1.11,
            "eps_latest_yearly": 0.6,
            "eps_growth_yearly": 398.5
        },
        "20224": {
            "year_quarter": 20224,
            "year": 2022,
            "quarter": 4,
            "eps": 0.19,
            "eps_growth_year": -76.16,
            "eps_4q": 1.05,
            "eps_4q_growth_year": -35.49,
            "roe": 0.79,
            "roe_4q": 4.58,
            "gross_profit": 103296,
            "gross_margin": 13.84,
            "gross_margin_4q_avg": 16.88,
            "net_income": 25182,
            "revenue": 746589,
            "common_shares": 1484235,
            "book_valuer_per_share": 23.53,
            "book_valuer_per_share_4q_avg": 23.03,
            "equity": 3222511,
            "current_ratio": 114.87,
            "debt_ratio": 69.35,
            "inventory_turnover_ratio": 4.12,
            "account_receivable_turnover_ratio": 1.33,
            "reinvestment_rate": -22.56,
            "research_to_sale_ratio": null,
            "price_fair": 40.73,
            "eps_avg_yearly": 1.16,
            "eps_latest_yearly": 0.76,
            "eps_growth_yearly": 438.5
        },
        "20231": {
            "year_quarter": 20231,
            "year": 2023,
            "quarter": 1,
            "eps": -0.23,
            "eps_growth_year": -209.52,
            "eps_4q": 0.61,
            "eps_4q_growth_year": -66.15,
            "roe": -0.99,
            "roe_4q": 2.6700000000000004,
            "gross_profit": 73231,
            "gross_margin": 10.24,
            "gross_margin_4q_avg": 15.65,
            "net_income": -30902,
            "revenue": 714874,
            "common_shares": 1484235,
            "book_valuer_per_share": 22.18,
            "book_valuer_per_share_4q_avg": 22.97,
            "equity": 3039103,
            "current_ratio": 103.23,
            "debt_ratio": 70.61,
            "inventory_turnover_ratio": 3.77,
            "account_receivable_turnover_ratio": 1.39,
            "reinvestment_rate": -34.59,
            "research_to_sale_ratio": null,
            "price_fair": 40.73,
            "eps_avg_yearly": 1.16,
            "eps_latest_yearly": 0.76,
            "eps_growth_yearly": 438.5
        }
    },
    "months": {
        "2001-06": {
            "month": "2001-06",
            "price": "4.88",
            "revenue": 98825
        },
        "2001-07": {
            "month": "2001-07",
            "price": "4.56",
            "revenue": 101434
        },
        "2001-08": {
            "month": "2001-08",
            "price": "4.71",
            "revenue": 101830
        },
        "2001-09": {
            "month": "2001-09",
            "price": "4.86",
            "revenue": 90651
        },
        "2001-10": {
            "month": "2001-10",
            "price": "3.94",
            "revenue": 94654
        },
        "2001-11": {
            "month": "2001-11",
            "price": "3.86",
            "revenue": 94791
        },
        "2001-12": {
            "month": "2001-12",
            "price": "4.26",
            "revenue": 97662
        },
        "2002-01": {
            "month": "2002-01",
            "price": "4.54",
            "revenue": 85496
        },
        "2002-02": {
            "month": "2002-02",
            "price": "4.36",
            "revenue": 66787
        },
        "2002-03": {
            "month": "2002-03",
            "price": "4.55",
            "revenue": 102261
        },
        "2002-04": {
            "month": "2002-04",
            "price": "6.24",
            "revenue": 100120
        },
        "2002-05": {
            "month": "2002-05",
            "price": "5.49",
            "revenue": 103267
        },
        "2002-06": {
            "month": "2002-06",
            "price": "5.46",
            "revenue": 93827
        },
        "2002-07": {
            "month": "2002-07",
            "price": "4.95",
            "revenue": 95548
        },
        "2002-08": {
            "month": "2002-08",
            "price": "4.05",
            "revenue": 101907
        },
        "2002-09": {
            "month": "2002-09",
            "price": "3.62",
            "revenue": 92424
        },
        "2002-10": {
            "month": "2002-10",
            "price": "3.47",
            "revenue": 108239
        },
        "2002-11": {
            "month": "2002-11",
            "price": "3.80",
            "revenue": 95587
        },
        "2002-12": {
            "month": "2002-12",
            "price": "3.74",
            "revenue": 104969
        },
        "2003-01": {
            "month": "2003-01",
            "price": "5.47",
            "revenue": 91582
        },
        "2003-02": {
            "month": "2003-02",
            "price": "5.32",
            "revenue": 86789
        },
        "2003-03": {
            "month": "2003-03",
            "price": "4.73",
            "revenue": 111122
        },
        "2003-04": {
            "month": "2003-04",
            "price": "4.48",
            "revenue": 104281
        },
        "2003-05": {
            "month": "2003-05",
            "price": "4.08",
            "revenue": 111245
        },
        "2003-06": {
            "month": "2003-06",
            "price": "4.71",
            "revenue": 106551
        },
        "2003-07": {
            "month": "2003-07",
            "price": "5.09",
            "revenue": 107094
        },
        "2003-08": {
            "month": "2003-08",
            "price": "5.46",
            "revenue": 108363
        },
        "2003-09": {
            "month": "2003-09",
            "price": "5.53",
            "revenue": 98196
        },
        "2003-10": {
            "month": "2003-10",
            "price": "5.97",
            "revenue": 103017
        },
        "2003-11": {
            "month": "2003-11",
            "price": "7.22",
            "revenue": 103956
        },
        "2003-12": {
            "month": "2003-12",
            "price": "6.96",
            "revenue": 116358
        },
        "2004-01": {
            "month": "2004-01",
            "price": "9.14",
            "revenue": 94128
        },
        "2004-02": {
            "month": "2004-02",
            "price": "14.56",
            "revenue": 100339
        },
        "2004-03": {
            "month": "2004-03",
            "price": "14.77",
            "revenue": 112054
        },
        "2004-04": {
            "month": "2004-04",
            "price": "12.78",
            "revenue": 112780
        },
        "2004-05": {
            "month": "2004-05",
            "price": "8.71",
            "revenue": 118512
        },
        "2004-06": {
            "month": "2004-06",
            "price": "8.34",
            "revenue": 115658
        },
        "2004-07": {
            "month": "2004-07",
            "price": "8.22",
            "revenue": 123375
        },
        "2004-08": {
            "month": "2004-08",
            "price": "7.54",
            "revenue": 125249
        },
        "2004-09": {
            "month": "2004-09",
            "price": "8.95",
            "revenue": 128360
        },
        "2004-10": {
            "month": "2004-10",
            "price": "10.96",
            "revenue": 119904
        },
        "2004-11": {
            "month": "2004-11",
            "price": "11.86",
            "revenue": 119391
        },
        "2004-12": {
            "month": "2004-12",
            "price": "11.66",
            "revenue": 114957
        },
        "2005-01": {
            "month": "2005-01",
            "price": "13.91",
            "revenue": 124312
        },
        "2005-02": {
            "month": "2005-02",
            "price": "13.51",
            "revenue": 85172
        },
        "2005-03": {
            "month": "2005-03",
            "price": "13.52",
            "revenue": 116705
        },
        "2005-04": {
            "month": "2005-04",
            "price": "11.48",
            "revenue": 113419
        },
        "2005-05": {
            "month": "2005-05",
            "price": "11.39",
            "revenue": 108905
        },
        "2005-06": {
            "month": "2005-06",
            "price": "12.40",
            "revenue": 115014
        },
        "2005-07": {
            "month": "2005-07",
            "price": "11.71",
            "revenue": 111811
        },
        "2005-08": {
            "month": "2005-08",
            "price": "10.56",
            "revenue": 111212
        },
        "2005-09": {
            "month": "2005-09",
            "price": "9.28",
            "revenue": 113298
        },
        "2005-10": {
            "month": "2005-10",
            "price": "7.88",
            "revenue": 116421
        },
        "2005-11": {
            "month": "2005-11",
            "price": "7.67",
            "revenue": 115310
        },
        "2005-12": {
            "month": "2005-12",
            "price": "8.94",
            "revenue": 118011
        },
        "2006-01": {
            "month": "2006-01",
            "price": "8.56",
            "revenue": 119689
        },
        "2006-02": {
            "month": "2006-02",
            "price": "8.44",
            "revenue": 91230
        },
        "2006-03": {
            "month": "2006-03",
            "price": "7.63",
            "revenue": 117709
        },
        "2006-04": {
            "month": "2006-04",
            "price": "8.95",
            "revenue": 114118
        },
        "2006-05": {
            "month": "2006-05",
            "price": "12.79",
            "revenue": 116415
        },
        "2006-06": {
            "month": "2006-06",
            "price": "11.46",
            "revenue": 124402
        },
        "2006-07": {
            "month": "2006-07",
            "price": "11.25",
            "revenue": 116412
        },
        "2006-08": {
            "month": "2006-08",
            "price": "10.37",
            "revenue": 115734
        },
        "2006-09": {
            "month": "2006-09",
            "price": "10.22",
            "revenue": 107998
        },
        "2006-10": {
            "month": "2006-10",
            "price": "11.80",
            "revenue": 117799
        },
        "2006-11": {
            "month": "2006-11",
            "price": "13.08",
            "revenue": 111314
        },
        "2006-12": {
            "month": "2006-12",
            "price": "13.84",
            "revenue": 120440
        },
        "2007-01": {
            "month": "2007-01",
            "price": "13.21",
            "revenue": 117829
        },
        "2007-02": {
            "month": "2007-02",
            "price": "13.09",
            "revenue": 96594
        },
        "2007-03": {
            "month": "2007-03",
            "price": "12.77",
            "revenue": 117575
        },
        "2007-04": {
            "month": "2007-04",
            "price": "13.70",
            "revenue": 116362
        },
        "2007-05": {
            "month": "2007-05",
            "price": "13.00",
            "revenue": 121261
        },
        "2007-06": {
            "month": "2007-06",
            "price": "13.09",
            "revenue": 113190
        },
        "2007-07": {
            "month": "2007-07",
            "price": "16.36",
            "revenue": 121293
        },
        "2007-08": {
            "month": "2007-08",
            "price": "15.12",
            "revenue": 116297
        },
        "2007-09": {
            "month": "2007-09",
            "price": "15.59",
            "revenue": 130130
        },
        "2007-10": {
            "month": "2007-10",
            "price": "15.85",
            "revenue": 126177
        },
        "2007-11": {
            "month": "2007-11",
            "price": "13.61",
            "revenue": 124960
        },
        "2007-12": {
            "month": "2007-12",
            "price": "13.64",
            "revenue": 130741
        },
        "2008-01": {
            "month": "2008-01",
            "price": "14.08",
            "revenue": 132491
        },
        "2008-02": {
            "month": "2008-02",
            "price": "15.07",
            "revenue": 99820
        },
        "2008-03": {
            "month": "2008-03",
            "price": "18.25",
            "revenue": 129692
        },
        "2008-04": {
            "month": "2008-04",
            "price": "26.12",
            "revenue": 122820
        },
        "2008-05": {
            "month": "2008-05",
            "price": "27.91",
            "revenue": 122625
        },
        "2008-06": {
            "month": "2008-06",
            "price": "21.84",
            "revenue": 120136
        },
        "2008-07": {
            "month": "2008-07",
            "price": "21.13",
            "revenue": 121321
        },
        "2008-08": {
            "month": "2008-08",
            "price": "19.73",
            "revenue": 132208
        },
        "2008-09": {
            "month": "2008-09",
            "price": "15.19",
            "revenue": 129989
        },
        "2008-10": {
            "month": "2008-10",
            "price": "11.18",
            "revenue": 119240
        },
        "2008-11": {
            "month": "2008-11",
            "price": "17.18",
            "revenue": 103368
        },
        "2008-12": {
            "month": "2008-12",
            "price": "18.97",
            "revenue": 117977
        },
        "2009-01": {
            "month": "2009-01",
            "price": "17.33",
            "revenue": 91851
        },
        "2009-02": {
            "month": "2009-02",
            "price": "15.85",
            "revenue": 82059
        },
        "2009-03": {
            "month": "2009-03",
            "price": "17.80",
            "revenue": 103126
        },
        "2009-04": {
            "month": "2009-04",
            "price": "18.87",
            "revenue": 105826
        },
        "2009-05": {
            "month": "2009-05",
            "price": "19.57",
            "revenue": 120021
        },
        "2009-06": {
            "month": "2009-06",
            "price": "18.30",
            "revenue": 139204
        },
        "2009-07": {
            "month": "2009-07",
            "price": "19.57",
            "revenue": 148141
        },
        "2009-08": {
            "month": "2009-08",
            "price": "18.50",
            "revenue": 152063
        },
        "2009-09": {
            "month": "2009-09",
            "price": "18.00",
            "revenue": 179664
        },
        "2009-10": {
            "month": "2009-10",
            "price": "18.81",
            "revenue": 168180
        },
        "2009-11": {
            "month": "2009-11",
            "price": "17.83",
            "revenue": 174326
        },
        "2009-12": {
            "month": "2009-12",
            "price": "17.91",
            "revenue": 186010
        },
        "2010-01": {
            "month": "2010-01",
            "price": "19.08",
            "revenue": 199065
        },
        "2010-02": {
            "month": "2010-02",
            "price": "16.84",
            "revenue": 135416
        },
        "2010-03": {
            "month": "2010-03",
            "price": "17.54",
            "revenue": 189189
        },
        "2010-04": {
            "month": "2010-04",
            "price": "18.26",
            "revenue": 204381
        },
        "2010-05": {
            "month": "2010-05",
            "price": "16.83",
            "revenue": 214120
        },
        "2010-06": {
            "month": "2010-06",
            "price": "17.57",
            "revenue": 204061
        },
        "2010-07": {
            "month": "2010-07",
            "price": "20.12",
            "revenue": 210577
        },
        "2010-08": {
            "month": "2010-08",
            "price": "20.25",
            "revenue": 215385
        },
        "2010-09": {
            "month": "2010-09",
            "price": "18.80",
            "revenue": 198826
        },
        "2010-10": {
            "month": "2010-10",
            "price": "18.79",
            "revenue": 201893
        },
        "2010-11": {
            "month": "2010-11",
            "price": "18.60",
            "revenue": 208917
        },
        "2010-12": {
            "month": "2010-12",
            "price": "20.12",
            "revenue": 212332
        },
        "2011-01": {
            "month": "2011-01",
            "price": "25.95",
            "revenue": 182534
        },
        "2011-02": {
            "month": "2011-02",
            "price": "22.89",
            "revenue": 179241
        },
        "2011-03": {
            "month": "2011-03",
            "price": "22.72",
            "revenue": 205271
        },
        "2011-04": {
            "month": "2011-04",
            "price": "22.88",
            "revenue": 207301
        },
        "2011-05": {
            "month": "2011-05",
            "price": "22.72",
            "revenue": 216582
        },
        "2011-06": {
            "month": "2011-06",
            "price": "21.70",
            "revenue": 202728
        },
        "2011-07": {
            "month": "2011-07",
            "price": "20.60",
            "revenue": 207097
        },
        "2011-08": {
            "month": "2011-08",
            "price": "17.57",
            "revenue": 203101
        },
        "2011-09": {
            "month": "2011-09",
            "price": "15.46",
            "revenue": 194029
        },
        "2011-10": {
            "month": "2011-10",
            "price": "15.53",
            "revenue": 196558
        },
        "2011-11": {
            "month": "2011-11",
            "price": "14.62",
            "revenue": 198644
        },
        "2011-12": {
            "month": "2011-12",
            "price": "13.45",
            "revenue": 195430
        },
        "2012-01": {
            "month": "2012-01",
            "price": "13.92",
            "revenue": 169665
        },
        "2012-02": {
            "month": "2012-02",
            "price": "15.97",
            "revenue": 171353
        },
        "2012-03": {
            "month": "2012-03",
            "price": "15.91",
            "revenue": 193346
        },
        "2012-04": {
            "month": "2012-04",
            "price": "14.52",
            "revenue": 192245
        },
        "2012-05": {
            "month": "2012-05",
            "price": "14.01",
            "revenue": 198062
        },
        "2012-06": {
            "month": "2012-06",
            "price": "13.42",
            "revenue": 194256
        },
        "2012-07": {
            "month": "2012-07",
            "price": "13.18",
            "revenue": 204142
        },
        "2012-08": {
            "month": "2012-08",
            "price": "15.51",
            "revenue": 193668
        },
        "2012-09": {
            "month": "2012-09",
            "price": "17.73",
            "revenue": 203745
        },
        "2012-10": {
            "month": "2012-10",
            "price": "19.94",
            "revenue": 202189
        },
        "2012-11": {
            "month": "2012-11",
            "price": "19.83",
            "revenue": 193095
        },
        "2012-12": {
            "month": "2012-12",
            "price": "20.40",
            "revenue": 199245
        },
        "2013-01": {
            "month": "2013-01",
            "price": "20.44",
            "revenue": 221826
        },
        "2013-02": {
            "month": "2013-02",
            "price": "20.53",
            "revenue": 162044
        },
        "2013-03": {
            "month": "2013-03",
            "price": "20.06",
            "revenue": 224527
        },
        "2013-04": {
            "month": "2013-04",
            "price": "18.98",
            "revenue": 209877
        },
        "2013-05": {
            "month": "2013-05",
            "price": "18.78",
            "revenue": 219893
        },
        "2013-06": {
            "month": "2013-06",
            "price": "18.13",
            "revenue": 213369
        },
        "2013-07": {
            "month": "2013-07",
            "price": "17.50",
            "revenue": 213558
        },
        "2013-08": {
            "month": "2013-08",
            "price": "17.70",
            "revenue": 209602
        },
        "2013-09": {
            "month": "2013-09",
            "price": "17.99",
            "revenue": 211512
        },
        "2013-10": {
            "month": "2013-10",
            "price": "19.83",
            "revenue": 211573
        },
        "2013-11": {
            "month": "2013-11",
            "price": "19.60",
            "revenue": 206405
        },
        "2013-12": {
            "month": "2013-12",
            "price": "20.66",
            "revenue": 232702
        },
        "2014-01": {
            "month": "2014-01",
            "price": "21.08",
            "revenue": 211671
        },
        "2014-02": {
            "month": "2014-02",
            "price": "20.97",
            "revenue": 194471
        },
        "2014-03": {
            "month": "2014-03",
            "price": "20.95",
            "revenue": 216552
        },
        "2014-04": {
            "month": "2014-04",
            "price": "20.44",
            "revenue": 209939
        },
        "2014-05": {
            "month": "2014-05",
            "price": "19.33",
            "revenue": 238498
        },
        "2014-06": {
            "month": "2014-06",
            "price": "18.89",
            "revenue": 232237
        },
        "2014-07": {
            "month": "2014-07",
            "price": "19.12",
            "revenue": 230099
        },
        "2014-08": {
            "month": "2014-08",
            "price": "19.56",
            "revenue": 226885
        },
        "2014-09": {
            "month": "2014-09",
            "price": "19.36",
            "revenue": 239331
        },
        "2014-10": {
            "month": "2014-10",
            "price": "18.20",
            "revenue": 215333
        },
        "2014-11": {
            "month": "2014-11",
            "price": "18.54",
            "revenue": 217635
        },
        "2014-12": {
            "month": "2014-12",
            "price": "18.95",
            "revenue": 217252
        },
        "2015-01": {
            "month": "2015-01",
            "price": "19.57",
            "revenue": 217266
        },
        "2015-02": {
            "month": "2015-02",
            "price": "18.72",
            "revenue": 176921
        },
        "2015-03": {
            "month": "2015-03",
            "price": "18.88",
            "revenue": 201299
        },
        "2015-04": {
            "month": "2015-04",
            "price": "18.56",
            "revenue": 214597
        },
        "2015-05": {
            "month": "2015-05",
            "price": "17.50",
            "revenue": 232322
        },
        "2015-06": {
            "month": "2015-06",
            "price": "15.76",
            "revenue": 221857
        },
        "2015-07": {
            "month": "2015-07",
            "price": "15.18",
            "revenue": 217936
        },
        "2015-08": {
            "month": "2015-08",
            "price": "13.63",
            "revenue": 212230
        },
        "2015-09": {
            "month": "2015-09",
            "price": "13.33",
            "revenue": 204175
        },
        "2015-10": {
            "month": "2015-10",
            "price": "14.11",
            "revenue": 220004
        },
        "2015-11": {
            "month": "2015-11",
            "price": "13.99",
            "revenue": 209895
        },
        "2015-12": {
            "month": "2015-12",
            "price": "13.13",
            "revenue": 221113
        },
        "2016-01": {
            "month": "2016-01",
            "price": "12.48",
            "revenue": 224938
        },
        "2016-02": {
            "month": "2016-02",
            "price": "12.62",
            "revenue": 161690
        },
        "2016-03": {
            "month": "2016-03",
            "price": "13.31",
            "revenue": 214434
        },
        "2016-04": {
            "month": "2016-04",
            "price": "13.25",
            "revenue": 212775
        },
        "2016-05": {
            "month": "2016-05",
            "price": "13.21",
            "revenue": 224861
        },
        "2016-06": {
            "month": "2016-06",
            "price": "13.46",
            "revenue": 218688
        },
        "2016-07": {
            "month": "2016-07",
            "price": "13.62",
            "revenue": 222197
        },
        "2016-08": {
            "month": "2016-08",
            "price": "13.56",
            "revenue": 222194
        },
        "2016-09": {
            "month": "2016-09",
            "price": "13.62",
            "revenue": 210473
        },
        "2016-10": {
            "month": "2016-10",
            "price": "13.48",
            "revenue": 216321
        },
        "2016-11": {
            "month": "2016-11",
            "price": "13.80",
            "revenue": 220331
        },
        "2016-12": {
            "month": "2016-12",
            "price": "13.24",
            "revenue": 226345
        },
        "2017-01": {
            "month": "2017-01",
            "price": "13.16",
            "revenue": 192053
        },
        "2017-02": {
            "month": "2017-02",
            "price": "14.06",
            "revenue": 193095
        },
        "2017-03": {
            "month": "2017-03",
            "price": "13.95",
            "revenue": 224794
        },
        "2017-04": {
            "month": "2017-04",
            "price": "13.57",
            "revenue": 210749
        },
        "2017-05": {
            "month": "2017-05",
            "price": "13.33",
            "revenue": 238999
        },
        "2017-06": {
            "month": "2017-06",
            "price": "13.29",
            "revenue": 224511
        },
        "2017-07": {
            "month": "2017-07",
            "price": "13.19",
            "revenue": 222079
        },
        "2017-08": {
            "month": "2017-08",
            "price": "13.29",
            "revenue": 239601
        },
        "2017-09": {
            "month": "2017-09",
            "price": "13.35",
            "revenue": 235692
        },
        "2017-10": {
            "month": "2017-10",
            "price": "13.16",
            "revenue": 220984
        },
        "2017-11": {
            "month": "2017-11",
            "price": "13.00",
            "revenue": 220578
        },
        "2017-12": {
            "month": "2017-12",
            "price": "12.93",
            "revenue": 239972
        },
        "2018-01": {
            "month": "2018-01",
            "price": "13.12",
            "revenue": 237402
        },
        "2018-02": {
            "month": "2018-02",
            "price": "12.71",
            "revenue": 192513
        },
        "2018-03": {
            "month": "2018-03",
            "price": "12.80",
            "revenue": 238347
        },
        "2018-04": {
            "month": "2018-04",
            "price": "13.08",
            "revenue": 229090
        },
        "2018-05": {
            "month": "2018-05",
            "price": "12.85",
            "revenue": 255651
        },
        "2018-06": {
            "month": "2018-06",
            "price": "12.79",
            "revenue": 249099
        },
        "2018-07": {
            "month": "2018-07",
            "price": "12.50",
            "revenue": 250161
        },
        "2018-08": {
            "month": "2018-08",
            "price": "12.47",
            "revenue": 250568
        },
        "2018-09": {
            "month": "2018-09",
            "price": "12.38",
            "revenue": 241320
        },
        "2018-10": {
            "month": "2018-10",
            "price": "12.10",
            "revenue": 234692
        },
        "2018-11": {
            "month": "2018-11",
            "price": "11.77",
            "revenue": 230760
        },
        "2018-12": {
            "month": "2018-12",
            "price": "12.31",
            "revenue": 241312
        },
        "2019-01": {
            "month": "2019-01",
            "price": "12.76",
            "revenue": 246712
        },
        "2019-02": {
            "month": "2019-02",
            "price": "13.46",
            "revenue": 169389
        },
        "2019-03": {
            "month": "2019-03",
            "price": "13.15",
            "revenue": 238764
        },
        "2019-04": {
            "month": "2019-04",
            "price": "14.23",
            "revenue": 231837
        },
        "2019-05": {
            "month": "2019-05",
            "price": "13.26",
            "revenue": 250127
        },
        "2019-06": {
            "month": "2019-06",
            "price": "13.21",
            "revenue": 241405
        },
        "2019-07": {
            "month": "2019-07",
            "price": "13.33",
            "revenue": 265924
        },
        "2019-08": {
            "month": "2019-08",
            "price": "13.44",
            "revenue": 237829
        },
        "2019-09": {
            "month": "2019-09",
            "price": "13.91",
            "revenue": 240377
        },
        "2019-10": {
            "month": "2019-10",
            "price": "13.53",
            "revenue": 248972
        },
        "2019-11": {
            "month": "2019-11",
            "price": "13.43",
            "revenue": 240351
        },
        "2019-12": {
            "month": "2019-12",
            "price": "14.34",
            "revenue": 267132
        },
        "2020-01": {
            "month": "2020-01",
            "price": "14.04",
            "revenue": 226563
        },
        "2020-02": {
            "month": "2020-02",
            "price": "12.62",
            "revenue": 194646
        },
        "2020-03": {
            "month": "2020-03",
            "price": "11.44",
            "revenue": 240385
        },
        "2020-04": {
            "month": "2020-04",
            "price": "12.22",
            "revenue": 231528
        },
        "2020-05": {
            "month": "2020-05",
            "price": "13.38",
            "revenue": 231514
        },
        "2020-06": {
            "month": "2020-06",
            "price": "13.62",
            "revenue": 236150
        },
        "2020-07": {
            "month": "2020-07",
            "price": "14.68",
            "revenue": 247525
        },
        "2020-08": {
            "month": "2020-08",
            "price": "14.59",
            "revenue": 244465
        },
        "2020-09": {
            "month": "2020-09",
            "price": "15.53",
            "revenue": 254887
        },
        "2020-10": {
            "month": "2020-10",
            "price": "14.99",
            "revenue": 228652
        },
        "2020-11": {
            "month": "2020-11",
            "price": "17.70",
            "revenue": 245655
        },
        "2020-12": {
            "month": "2020-12",
            "price": "20.08",
            "revenue": 248523
        },
        "2021-01": {
            "month": "2021-01",
            "price": "18.86",
            "revenue": 256540
        },
        "2021-02": {
            "month": "2021-02",
            "price": "17.36",
            "revenue": 206192
        },
        "2021-03": {
            "month": "2021-03",
            "price": "18.90",
            "revenue": 255735
        },
        "2021-04": {
            "month": "2021-04",
            "price": "23.19",
            "revenue": 255825
        },
        "2021-05": {
            "month": "2021-05",
            "price": "26.06",
            "revenue": 263815
        },
        "2021-06": {
            "month": "2021-06",
            "price": "34.68",
            "revenue": 253158
        },
        "2021-07": {
            "month": "2021-07",
            "price": "40.11",
            "revenue": 247604
        },
        "2021-08": {
            "month": "2021-08",
            "price": "33.48",
            "revenue": 275229
        },
        "2021-09": {
            "month": "2021-09",
            "price": "31.02",
            "revenue": 273886
        },
        "2021-10": {
            "month": "2021-10",
            "price": "27.04",
            "revenue": 244078
        },
        "2021-11": {
            "month": "2021-11",
            "price": "26.68",
            "revenue": 266464
        },
        "2021-12": {
            "month": "2021-12",
            "price": "26.58",
            "revenue": 284665
        },
        "2022-01": {
            "month": "2022-01",
            "price": "24.68",
            "revenue": 273339
        },
        "2022-02": {
            "month": "2022-02",
            "price": "26.35",
            "revenue": 226913
        },
        "2022-03": {
            "month": "2022-03",
            "price": "36.64",
            "revenue": 279685
        },
        "2022-04": {
            "month": "2022-04",
            "price": "37.85",
            "revenue": 265576
        },
        "2022-05": {
            "month": "2022-05",
            "price": "36.69",
            "revenue": 281268
        },
        "2022-06": {
            "month": "2022-06",
            "price": "31.72",
            "revenue": 287680
        },
        "2022-07": {
            "month": "2022-07",
            "price": "27.29",
            "revenue": 273017
        },
        "2022-08": {
            "month": "2022-08",
            "price": "26.23",
            "revenue": 269207
        },
        "2022-09": {
            "month": "2022-09",
            "price": "27.42",
            "revenue": 249353
        },
        "2022-10": {
            "month": "2022-10",
            "price": "22.56",
            "revenue": 243670
        },
        "2022-11": {
            "month": "2022-11",
            "price": "21.58",
            "revenue": 248371
        },
        "2022-12": {
            "month": "2022-12",
            "price": "22.62",
            "revenue": 254548
        },
        "2023-01": {
            "month": "2023-01",
            "price": "21.75",
            "revenue": 232724
        },
        "2023-02": {
            "month": "2023-02",
            "price": "22.61",
            "revenue": 219171
        },
        "2023-03": {
            "month": "2023-03",
            "price": "23.28",
            "revenue": 262979
        },
        "2023-04": {
            "month": "2023-04",
            "price": "22.50",
            "revenue": 247929
        }
    }
}
