{
    "summary": {
        "stock_name": "東森",
        "stock_id": "2614",
        "category": "其他",
        "main_business": "穀倉<br>網路媒體事業<br>貿易零售事業",
        "website_url": "http://www.emic.com.tw",
        "ceo": "廖尚文",
        "pe_ratio": -5,
        "report_year_from": 2001,
        "report_year_to": 2023,
        "age": 22,
        "eps_negative_percentage": 36,
        "eps_growth_avg": {
            "last_all": -24.48,
            "last_2y": -5.05,
            "last_4y": -25.39,
            "last_8y": -18.13,
            "last_12y": -28.37,
            "last_16y": -33.59,
            "last_20y": null,
            "at_2006_last_3y": 10.43,
            "at_2007_last_3y": 2.18,
            "at_2008_last_3y": -41.45,
            "at_2009_last_3y": -47.52,
            "at_2010_last_3y": -74.19,
            "at_2011_last_3y": -100,
            "at_2012_last_3y": -100,
            "at_2013_last_3y": -100,
            "at_2014_last_3y": -100,
            "at_2015_last_3y": -100,
            "at_2016_last_3y": -100,
            "at_2017_last_3y": 0,
            "at_2018_last_3y": 19.97,
            "at_2019_last_3y": -3.93,
            "at_2020_last_3y": 0.98,
            "at_2021_last_3y": -6.73,
            "at_2022_last_3y": -16.72,
            "at_2023_last_3y": -16.72,
            "at_2006_last_all": 10.43,
            "at_2007_last_all": 2.18,
            "at_2008_last_all": -18.25,
            "at_2009_last_all": -18.25,
            "at_2010_last_all": -31.88,
            "at_2011_last_all": -31.88,
            "at_2012_last_all": -31.88,
            "at_2013_last_all": -31.88,
            "at_2014_last_all": -41.61,
            "at_2015_last_all": -41.61,
            "at_2016_last_all": -41.61,
            "at_2017_last_all": -23.91,
            "at_2018_last_all": -27.93,
            "at_2019_last_all": -30.31,
            "at_2020_last_all": -26.12,
            "at_2021_last_all": -18.18,
            "at_2022_last_all": -24.48,
            "at_2023_last_all": -24.48
        },
        "latest_eps": -3.56,
        "latest_price": 18.5,
        "latest_roe": -35.43,
        "latest_gross_margin": 28.36,
        "latest_equity": 4125434,
        "latest_revenue": 1394410,
        "latest_gross_profit": 395435,
        "latest_net_income": 36119,
        "latest_debt_ratio": 72.46,
        "latest_current_ratio": 115.35,
        "latest_account_receivable_turnover_ratio": 3.19,
        "latest_inventory_turnover_ratio": 2.19,
        "latest_reinvestment_rate": null,
        "latest_research_to_sale_ratio": null
    },
    "eps_dividends": {
        "1993": {
            "cash": 1,
            "stock": 0,
            "eps": 0
        },
        "1994": {
            "cash": 1.2,
            "stock": 0,
            "eps": 0
        },
        "1995": {
            "cash": 0,
            "stock": 1.7,
            "eps": 0
        },
        "1996": {
            "cash": 0,
            "stock": 1.6,
            "eps": 0
        },
        "1997": {
            "cash": 0,
            "stock": 1.3,
            "eps": 0
        },
        "1998": {
            "cash": 0,
            "stock": 2.2,
            "eps": 0
        },
        "1999": {
            "cash": 0,
            "stock": 2.2,
            "eps": 0
        },
        "2001": {
            "cash": 0,
            "stock": 0,
            "eps": 0
        },
        "2002": {
            "cash": 0,
            "stock": 0,
            "eps": -2.39
        },
        "2003": {
            "cash": 0,
            "stock": 0,
            "eps": 1.53
        },
        "2004": {
            "cash": 0,
            "stock": 1.32,
            "eps": 2.67
        },
        "2005": {
            "cash": 0,
            "stock": 2.19,
            "eps": 2.05
        },
        "2006": {
            "cash": 0.5,
            "stock": 1.5,
            "eps": 1.64
        },
        "2007": {
            "cash": 0.25,
            "stock": 1.37,
            "eps": 1.27
        },
        "2008": {
            "cash": 0.59,
            "stock": 1.82,
            "eps": -1.2
        },
        "2009": {
            "cash": 0,
            "stock": 0,
            "eps": 0.09
        },
        "2010": {
            "cash": 0,
            "stock": 0,
            "eps": -0.67
        },
        "2011": {
            "cash": 0,
            "stock": 0,
            "eps": -1.38
        },
        "2012": {
            "cash": 0,
            "stock": 0,
            "eps": -2.74
        },
        "2013": {
            "cash": 0,
            "stock": 0,
            "eps": 0.53
        },
        "2014": {
            "cash": 0.5,
            "stock": 0,
            "eps": -5.16
        },
        "2015": {
            "cash": 0,
            "stock": 0,
            "eps": -3.11
        },
        "2016": {
            "cash": 0,
            "stock": 0,
            "eps": 0.34
        },
        "2017": {
            "cash": 0,
            "stock": 0,
            "eps": 3.63
        },
        "2018": {
            "cash": 0,
            "stock": 0,
            "eps": 1.45
        },
        "2019": {
            "cash": 1,
            "stock": 0,
            "eps": 0.7
        },
        "2020": {
            "cash": 1,
            "stock": 0,
            "eps": 0.81
        },
        "2021": {
            "cash": 0.8,
            "stock": 0,
            "eps": 1.37
        },
        "2022": {
            "cash": 1,
            "stock": 0,
            "eps": -3.51
        },
        "2023": {
            "cash": 0,
            "stock": 0,
            "eps": 0.11
        }
    },
    "dividends": {
        "1993-06-19": {
            "cash": 1,
            "stock": 0
        },
        "1994-04-07": {
            "cash": 1.2,
            "stock": 0
        },
        "1995-05-12": {
            "cash": 0,
            "stock": 1.7
        },
        "1996-06-24": {
            "cash": 0,
            "stock": 1.6
        },
        "1997-04-07": {
            "cash": 0,
            "stock": 1.3
        },
        "1998-04-15": {
            "cash": 0,
            "stock": 2.2
        },
        "1999-05-24": {
            "cash": 0,
            "stock": 2.2
        },
        "2004-02-17": {
            "cash": 0,
            "stock": 1.32
        },
        "2005-04-22": {
            "cash": 0,
            "stock": 2.19
        },
        "2006-04-26": {
            "cash": 0.5,
            "stock": 1.5
        },
        "2007-04-19": {
            "cash": 0.25,
            "stock": 1.37
        },
        "2008-04-28": {
            "cash": 0.59,
            "stock": 1.82
        },
        "2014-08-12": {
            "cash": 0.5,
            "stock": 0
        },
        "2019-07-01": {
            "cash": 1,
            "stock": 0
        },
        "2020-07-30": {
            "cash": 1,
            "stock": 0
        },
        "2021-05-07": {
            "cash": 0.8,
            "stock": 0
        },
        "2022-04-29": {
            "cash": 1,
            "stock": 0
        }
    },
    "prices": {
        "200101": "5.00",
        "200102": "9.97",
        "200103": "10.81",
        "200104": "9.34",
        "200105": "7.87",
        "200106": "7.69",
        "200107": "5.78",
        "200108": "5.88",
        "200109": "4.81",
        "200110": "4.28",
        "200111": "5.13",
        "200112": "6.11",
        "200201": "6.02",
        "200202": "5.83",
        "200203": "7.07",
        "200204": "8.49",
        "200205": "7.06",
        "200206": "6.74",
        "200207": "6.28",
        "200208": "5.58",
        "200209": "4.59",
        "200210": "4.36",
        "200211": "4.79",
        "200212": "5.18",
        "200301": "5.99",
        "200302": "5.19",
        "200303": "4.76",
        "200304": "4.85",
        "200305": "4.04",
        "200306": "4.68",
        "200307": "5.63",
        "200308": "6.82",
        "200309": "6.09",
        "200310": "11.57",
        "200311": "13.18",
        "200312": "15.36",
        "200401": "20.62",
        "200402": "19.85",
        "200403": "24.07",
        "200404": "22.93",
        "200405": "17.20",
        "200406": "15.30",
        "200407": "15.51",
        "200408": "15.78",
        "200409": "18.10",
        "200410": "19.54",
        "200411": "16.11",
        "200412": "16.58",
        "200501": "15.84",
        "200502": "15.72",
        "200503": "15.33",
        "200504": "14.00",
        "200505": "13.15",
        "200506": "13.49",
        "200507": "13.45",
        "200508": "12.47",
        "200509": "10.84",
        "200510": "9.16",
        "200511": "8.26",
        "200512": "9.17",
        "200601": "10.41",
        "200602": "10.06",
        "200603": "9.82",
        "200604": "10.45",
        "200605": "11.34",
        "200606": "10.36",
        "200607": "10.90",
        "200608": "10.12",
        "200609": "9.27",
        "200610": "9.92",
        "200611": "11.54",
        "200612": "12.09",
        "200701": "9.08",
        "200702": "8.32",
        "200703": "8.92",
        "200704": "9.63",
        "200705": "9.35",
        "200706": "8.48",
        "200707": "8.50",
        "200708": "7.85",
        "200709": "8.31",
        "200710": "10.53",
        "200711": "12.15",
        "200712": "10.38",
        "200801": "9.79",
        "200802": "9.23",
        "200803": "10.40",
        "200804": "10.86",
        "200805": "12.25",
        "200806": "11.58",
        "200807": "10.13",
        "200808": "8.67",
        "200809": "6.12",
        "200810": "3.95",
        "200811": "3.81",
        "200812": "3.84",
        "200901": "3.56",
        "200902": "3.61",
        "200903": "4.52",
        "200904": "5.69",
        "200905": "6.05",
        "200906": "6.23",
        "200907": "6.58",
        "200908": "6.32",
        "200909": "6.48",
        "200910": "6.91",
        "200911": "7.14",
        "200912": "7.08",
        "201001": "7.79",
        "201002": "7.34",
        "201003": "7.78",
        "201004": "8.89",
        "201005": "8.25",
        "201006": "8.31",
        "201007": "8.21",
        "201008": "8.49",
        "201009": "7.99",
        "201010": "7.98",
        "201011": "7.40",
        "201012": "7.31",
        "201101": "7.36",
        "201102": "6.89",
        "201103": "6.80",
        "201104": "6.89",
        "201105": "5.84",
        "201106": "5.41",
        "201107": "5.15",
        "201108": "4.90",
        "201109": "4.70",
        "201110": "4.69",
        "201111": "4.26",
        "201112": "3.94",
        "201201": "3.90",
        "201202": "4.32",
        "201203": "4.10",
        "201204": "3.69",
        "201205": "3.04",
        "201206": "3.00",
        "201207": "3.20",
        "201208": "3.33",
        "201209": "3.60",
        "201210": "4.06",
        "201211": "3.88",
        "201212": "3.93",
        "201301": "4.07",
        "201302": "4.26",
        "201303": "4.21",
        "201304": "3.76",
        "201305": "3.64",
        "201306": "3.72",
        "201307": "4.09",
        "201308": "5.52",
        "201309": "5.07",
        "201310": "4.92",
        "201311": "12.37",
        "201312": "15.11",
        "201401": "14.84",
        "201402": "15.08",
        "201403": "15.58",
        "201404": "14.33",
        "201405": "13.30",
        "201406": "13.46",
        "201407": "12.64",
        "201408": "10.92",
        "201409": "10.58",
        "201410": "9.84",
        "201411": "9.69",
        "201412": "9.96",
        "201501": "10.74",
        "201502": "10.23",
        "201503": "10.30",
        "201504": "10.19",
        "201505": "9.80",
        "201506": "6.91",
        "201507": "5.75",
        "201508": "5.32",
        "201509": "6.06",
        "201510": "7.28",
        "201511": "7.21",
        "201512": "6.88",
        "201601": "6.51",
        "201602": "6.71",
        "201603": "6.76",
        "201604": "5.94",
        "201605": "5.12",
        "201606": "5.43",
        "201607": "5.47",
        "201608": "6.44",
        "201609": "7.43",
        "201610": "7.75",
        "201611": "7.43",
        "201612": "7.45",
        "201701": "7.22",
        "201702": "7.94",
        "201703": "9.02",
        "201704": "9.77",
        "201705": "9.53",
        "201706": "9.26",
        "201707": "8.97",
        "201708": "8.55",
        "201709": "8.88",
        "201710": "8.88",
        "201711": "9.17",
        "201712": "9.65",
        "201801": "11.18",
        "201802": "11.67",
        "201803": "14.43",
        "201804": "13.64",
        "201805": "14.01",
        "201806": "13.22",
        "201807": "13.65",
        "201808": "14.74",
        "201809": "14.45",
        "201810": "13.29",
        "201811": "13.77",
        "201812": "13.57",
        "201901": "13.24",
        "201902": "13.11",
        "201903": "13.00",
        "201904": "12.67",
        "201905": "12.12",
        "201906": "11.88",
        "201907": "10.64",
        "201908": "9.89",
        "201909": "10.49",
        "201910": "10.39",
        "201911": "10.32",
        "201912": "10.76",
        "202001": "10.78",
        "202002": "11.32",
        "202003": "10.82",
        "202004": "11.90",
        "202005": "15.70",
        "202006": "15.97",
        "202007": "16.45",
        "202008": "15.85",
        "202009": "16.05",
        "202010": "16.35",
        "202011": "17.32",
        "202012": "17.08",
        "202101": "16.57",
        "202102": "16.54",
        "202103": "17.03",
        "202104": "17.45",
        "202105": "16.90",
        "202106": "28.51",
        "202107": "53.18",
        "202108": "37.33",
        "202109": "35.64",
        "202110": "30.91",
        "202111": "34.26",
        "202112": "32.62",
        "202201": "37.62",
        "202202": "34.12",
        "202203": "31.73",
        "202204": "30.15",
        "202205": "26.32",
        "202206": "25.37",
        "202207": "23.98",
        "202208": "24.70",
        "202209": "21.63",
        "202210": "19.71",
        "202211": "21.06",
        "202212": "23.01",
        "202301": "23.60",
        "202302": "23.74",
        "202303": "20.84",
        "202304": "19.18",
        "202305": "19.15",
        "202306": "18.54"
    },
    "quarters": {
        "20011": {
            "year_quarter": 20011,
            "year": 2001,
            "quarter": 1,
            "eps": null,
            "eps_growth_year": null,
            "eps_4q": null,
            "eps_4q_growth_year": null,
            "roe": null,
            "roe_4q": 0,
            "gross_profit": null,
            "gross_margin": null,
            "gross_margin_4q_avg": 0,
            "net_income": null,
            "revenue": null,
            "common_shares": null,
            "book_valuer_per_share": null,
            "book_valuer_per_share_4q_avg": 0,
            "equity": null,
            "current_ratio": null,
            "debt_ratio": null,
            "inventory_turnover_ratio": null,
            "account_receivable_turnover_ratio": null,
            "reinvestment_rate": null,
            "research_to_sale_ratio": null,
            "price_fair": 0,
            "eps_avg_yearly": 0,
            "eps_latest_yearly": 0,
            "eps_growth_yearly": 0
        },
        "20012": {
            "year_quarter": 20012,
            "year": 2001,
            "quarter": 2,
            "eps": null,
            "eps_growth_year": null,
            "eps_4q": null,
            "eps_4q_growth_year": null,
            "roe": null,
            "roe_4q": 0,
            "gross_profit": null,
            "gross_margin": null,
            "gross_margin_4q_avg": 0,
            "net_income": null,
            "revenue": null,
            "common_shares": null,
            "book_valuer_per_share": null,
            "book_valuer_per_share_4q_avg": 0,
            "equity": null,
            "current_ratio": null,
            "debt_ratio": null,
            "inventory_turnover_ratio": null,
            "account_receivable_turnover_ratio": null,
            "reinvestment_rate": null,
            "research_to_sale_ratio": null,
            "price_fair": 0,
            "eps_avg_yearly": 0,
            "eps_latest_yearly": 0,
            "eps_growth_yearly": 0
        },
        "20013": {
            "year_quarter": 20013,
            "year": 2001,
            "quarter": 3,
            "eps": null,
            "eps_growth_year": null,
            "eps_4q": null,
            "eps_4q_growth_year": null,
            "roe": null,
            "roe_4q": 0,
            "gross_profit": null,
            "gross_margin": null,
            "gross_margin_4q_avg": 0,
            "net_income": null,
            "revenue": null,
            "common_shares": null,
            "book_valuer_per_share": null,
            "book_valuer_per_share_4q_avg": 0,
            "equity": null,
            "current_ratio": null,
            "debt_ratio": null,
            "inventory_turnover_ratio": null,
            "account_receivable_turnover_ratio": null,
            "reinvestment_rate": null,
            "research_to_sale_ratio": null,
            "price_fair": 0,
            "eps_avg_yearly": 0,
            "eps_latest_yearly": 0,
            "eps_growth_yearly": 0
        },
        "20014": {
            "year_quarter": 20014,
            "year": 2001,
            "quarter": 4,
            "eps": null,
            "eps_growth_year": null,
            "eps_4q": null,
            "eps_4q_growth_year": null,
            "roe": null,
            "roe_4q": 0,
            "gross_profit": null,
            "gross_margin": null,
            "gross_margin_4q_avg": 0,
            "net_income": null,
            "revenue": null,
            "common_shares": 8516908,
            "book_valuer_per_share": 9.3,
            "book_valuer_per_share_4q_avg": 2.33,
            "equity": 8359967,
            "current_ratio": 89.18,
            "debt_ratio": 53.03,
            "inventory_turnover_ratio": null,
            "account_receivable_turnover_ratio": null,
            "reinvestment_rate": null,
            "research_to_sale_ratio": null,
            "price_fair": 0,
            "eps_avg_yearly": 0,
            "eps_latest_yearly": 0,
            "eps_growth_yearly": 0
        },
        "20021": {
            "year_quarter": 20021,
            "year": 2002,
            "quarter": 1,
            "eps": -0.24,
            "eps_growth_year": null,
            "eps_4q": null,
            "eps_4q_growth_year": null,
            "roe": -2.28,
            "roe_4q": -2.28,
            "gross_profit": -2571,
            "gross_margin": -0.23,
            "gross_margin_4q_avg": -0.06,
            "net_income": -176133,
            "revenue": 1133505,
            "common_shares": 8516908,
            "book_valuer_per_share": 8.31,
            "book_valuer_per_share_4q_avg": 4.4,
            "equity": 7075498,
            "current_ratio": 78.24,
            "debt_ratio": 56.86,
            "inventory_turnover_ratio": 0.58,
            "account_receivable_turnover_ratio": null,
            "reinvestment_rate": null,
            "research_to_sale_ratio": null,
            "price_fair": 0,
            "eps_avg_yearly": 0,
            "eps_latest_yearly": 0,
            "eps_growth_yearly": 0
        },
        "20022": {
            "year_quarter": 20022,
            "year": 2002,
            "quarter": 2,
            "eps": -0.14,
            "eps_growth_year": null,
            "eps_4q": null,
            "eps_4q_growth_year": null,
            "roe": -1.53,
            "roe_4q": -3.8099999999999996,
            "gross_profit": 44795,
            "gross_margin": 3.2,
            "gross_margin_4q_avg": 0.74,
            "net_income": -106666,
            "revenue": 1399831,
            "common_shares": 8516908,
            "book_valuer_per_share": 8.04,
            "book_valuer_per_share_4q_avg": 6.41,
            "equity": 6844798,
            "current_ratio": 71.21,
            "debt_ratio": 56.54,
            "inventory_turnover_ratio": 0.68,
            "account_receivable_turnover_ratio": null,
            "reinvestment_rate": null,
            "research_to_sale_ratio": null,
            "price_fair": 0,
            "eps_avg_yearly": 0,
            "eps_latest_yearly": 0,
            "eps_growth_yearly": 0
        },
        "20023": {
            "year_quarter": 20023,
            "year": 2002,
            "quarter": 3,
            "eps": -0.4,
            "eps_growth_year": null,
            "eps_4q": null,
            "eps_4q_growth_year": null,
            "roe": -4.36,
            "roe_4q": -8.17,
            "gross_profit": 40817,
            "gross_margin": 3.15,
            "gross_margin_4q_avg": 1.53,
            "net_income": -295491,
            "revenue": 1295561,
            "common_shares": 8516908,
            "book_valuer_per_share": 7.86,
            "book_valuer_per_share_4q_avg": 8.38,
            "equity": 6698018,
            "current_ratio": 72.36,
            "debt_ratio": 57.35,
            "inventory_turnover_ratio": 0.62,
            "account_receivable_turnover_ratio": null,
            "reinvestment_rate": null,
            "research_to_sale_ratio": null,
            "price_fair": 0,
            "eps_avg_yearly": 0,
            "eps_latest_yearly": 0,
            "eps_growth_yearly": 0
        },
        "20024": {
            "year_quarter": 20024,
            "year": 2002,
            "quarter": 4,
            "eps": -1.61,
            "eps_growth_year": null,
            "eps_4q": -2.36,
            "eps_4q_growth_year": null,
            "roe": -19.57,
            "roe_4q": -27.740000000000002,
            "gross_profit": 21615,
            "gross_margin": 1.21,
            "gross_margin_4q_avg": 1.83,
            "net_income": -1207371,
            "revenue": 1793606,
            "common_shares": 8516908,
            "book_valuer_per_share": 6.13,
            "book_valuer_per_share_4q_avg": 7.59,
            "equity": 5639413,
            "current_ratio": 76.72,
            "debt_ratio": 63.96,
            "inventory_turnover_ratio": 0.88,
            "account_receivable_turnover_ratio": null,
            "reinvestment_rate": null,
            "research_to_sale_ratio": null,
            "price_fair": 0,
            "eps_avg_yearly": 0,
            "eps_latest_yearly": 0,
            "eps_growth_yearly": 0
        },
        "20031": {
            "year_quarter": 20031,
            "year": 2003,
            "quarter": 1,
            "eps": 0,
            "eps_growth_year": null,
            "eps_4q": -1.89,
            "eps_4q_growth_year": null,
            "roe": 0.06,
            "roe_4q": -25.400000000000002,
            "gross_profit": 186161,
            "gross_margin": 9.4,
            "gross_margin_4q_avg": 4.24,
            "net_income": 3105,
            "revenue": 1981293,
            "common_shares": 8516908,
            "book_valuer_per_share": 6.13,
            "book_valuer_per_share_4q_avg": 7.04,
            "equity": 5223060,
            "current_ratio": 74.66,
            "debt_ratio": 65.16,
            "inventory_turnover_ratio": 0.85,
            "account_receivable_turnover_ratio": null,
            "reinvestment_rate": null,
            "research_to_sale_ratio": null,
            "price_fair": 0,
            "eps_avg_yearly": 0,
            "eps_latest_yearly": 0,
            "eps_growth_yearly": 0
        },
        "20032": {
            "year_quarter": 20032,
            "year": 2003,
            "quarter": 2,
            "eps": 0.36,
            "eps_growth_year": null,
            "eps_4q": -1.66,
            "eps_4q_growth_year": null,
            "roe": 4.99,
            "roe_4q": -18.88,
            "gross_profit": 350727,
            "gross_margin": 14.01,
            "gross_margin_4q_avg": 6.94,
            "net_income": 266759,
            "revenue": 2502946,
            "common_shares": 8516908,
            "book_valuer_per_share": 6.43,
            "book_valuer_per_share_4q_avg": 6.64,
            "equity": 5475350,
            "current_ratio": 76.13,
            "debt_ratio": 63.98,
            "inventory_turnover_ratio": 0.96,
            "account_receivable_turnover_ratio": null,
            "reinvestment_rate": null,
            "research_to_sale_ratio": null,
            "price_fair": 0,
            "eps_avg_yearly": 0,
            "eps_latest_yearly": 0,
            "eps_growth_yearly": 0
        },
        "20033": {
            "year_quarter": 20033,
            "year": 2003,
            "quarter": 3,
            "eps": 0.62,
            "eps_growth_year": null,
            "eps_4q": -1.3,
            "eps_4q_growth_year": null,
            "roe": 5.47,
            "roe_4q": -9.049999999999999,
            "gross_profit": 312401,
            "gross_margin": 10.83,
            "gross_margin_4q_avg": 8.86,
            "net_income": 303229,
            "revenue": 2884981,
            "common_shares": 5604126,
            "book_valuer_per_share": 10.03,
            "book_valuer_per_share_4q_avg": 7.18,
            "equity": 5618841,
            "current_ratio": 77.81,
            "debt_ratio": 62.16,
            "inventory_turnover_ratio": 1.18,
            "account_receivable_turnover_ratio": null,
            "reinvestment_rate": null,
            "research_to_sale_ratio": null,
            "price_fair": 86.8,
            "eps_avg_yearly": 2.48,
            "eps_latest_yearly": 2.48,
            "eps_growth_yearly": 288.89
        },
        "20034": {
            "year_quarter": 20034,
            "year": 2003,
            "quarter": 4,
            "eps": 0.55,
            "eps_growth_year": null,
            "eps_4q": 1.72,
            "eps_4q_growth_year": null,
            "roe": 4.53,
            "roe_4q": 15.05,
            "gross_profit": 504263,
            "gross_margin": 18.33,
            "gross_margin_4q_avg": 13.14,
            "net_income": 270268,
            "revenue": 2751610,
            "common_shares": 5604126,
            "book_valuer_per_share": 10.6,
            "book_valuer_per_share_4q_avg": 8.3,
            "equity": 6326035,
            "current_ratio": 107.02,
            "debt_ratio": 59.42,
            "inventory_turnover_ratio": 1.05,
            "account_receivable_turnover_ratio": null,
            "reinvestment_rate": null,
            "research_to_sale_ratio": null,
            "price_fair": 81.9,
            "eps_avg_yearly": 2.34,
            "eps_latest_yearly": 2.2,
            "eps_growth_yearly": 121.86
        },
        "20041": {
            "year_quarter": 20041,
            "year": 2004,
            "quarter": 1,
            "eps": 1.02,
            "eps_growth_year": null,
            "eps_4q": 2.73,
            "eps_4q_growth_year": null,
            "roe": 7.9,
            "roe_4q": 22.89,
            "gross_profit": 693136,
            "gross_margin": 21.95,
            "gross_margin_4q_avg": 16.28,
            "net_income": 500915,
            "revenue": 3157129,
            "common_shares": 5604126,
            "book_valuer_per_share": 11.35,
            "book_valuer_per_share_4q_avg": 9.6,
            "equity": 6360000,
            "current_ratio": 104.35,
            "debt_ratio": 60.46,
            "inventory_turnover_ratio": 1.1,
            "account_receivable_turnover_ratio": null,
            "reinvestment_rate": null,
            "research_to_sale_ratio": null,
            "price_fair": 102.2,
            "eps_avg_yearly": 2.92,
            "eps_latest_yearly": 4.08,
            "eps_growth_yearly": 195.18
        },
        "20042": {
            "year_quarter": 20042,
            "year": 2004,
            "quarter": 2,
            "eps": 0.75,
            "eps_growth_year": 108.33,
            "eps_4q": 2.67,
            "eps_4q_growth_year": null,
            "roe": 6.36,
            "roe_4q": 24.26,
            "gross_profit": 766641,
            "gross_margin": 21.28,
            "gross_margin_4q_avg": 18.1,
            "net_income": 420378,
            "revenue": 3603207,
            "common_shares": 6361255,
            "book_valuer_per_share": 10.77,
            "book_valuer_per_share_4q_avg": 10.69,
            "equity": 6852183,
            "current_ratio": 122.25,
            "debt_ratio": 60.75,
            "inventory_turnover_ratio": 1.13,
            "account_receivable_turnover_ratio": null,
            "reinvestment_rate": null,
            "research_to_sale_ratio": null,
            "price_fair": 102.9,
            "eps_avg_yearly": 2.94,
            "eps_latest_yearly": 3,
            "eps_growth_yearly": 119.92
        },
        "20043": {
            "year_quarter": 20043,
            "year": 2004,
            "quarter": 3,
            "eps": 0.71,
            "eps_growth_year": 14.52,
            "eps_4q": 2.75,
            "eps_4q_growth_year": null,
            "roe": 5.1,
            "roe_4q": 23.89,
            "gross_profit": 492565,
            "gross_margin": 13.98,
            "gross_margin_4q_avg": 18.89,
            "net_income": 415121,
            "revenue": 3523481,
            "common_shares": 7690413,
            "book_valuer_per_share": 12.26,
            "book_valuer_per_share_4q_avg": 11.25,
            "equity": 9426322,
            "current_ratio": 123.96,
            "debt_ratio": 47.42,
            "inventory_turnover_ratio": 1.15,
            "account_receivable_turnover_ratio": null,
            "reinvestment_rate": null,
            "research_to_sale_ratio": null,
            "price_fair": 102.2,
            "eps_avg_yearly": 2.92,
            "eps_latest_yearly": 2.84,
            "eps_growth_yearly": 91.67
        },
        "20044": {
            "year_quarter": 20044,
            "year": 2004,
            "quarter": 4,
            "eps": 0.19,
            "eps_growth_year": -65.45,
            "eps_4q": 2.4,
            "eps_4q_growth_year": 39.56,
            "roe": 1.14,
            "roe_4q": 20.5,
            "gross_profit": 570119,
            "gross_margin": 15.52,
            "gross_margin_4q_avg": 18.18,
            "net_income": 115148,
            "revenue": 3674484,
            "common_shares": 7852765,
            "book_valuer_per_share": 13.74,
            "book_valuer_per_share_4q_avg": 12.03,
            "equity": 10788473,
            "current_ratio": 156.81,
            "debt_ratio": 48.88,
            "inventory_turnover_ratio": 1.17,
            "account_receivable_turnover_ratio": null,
            "reinvestment_rate": null,
            "research_to_sale_ratio": null,
            "price_fair": 89.6,
            "eps_avg_yearly": 2.56,
            "eps_latest_yearly": 0.76,
            "eps_growth_yearly": 27.56
        },
        "20051": {
            "year_quarter": 20051,
            "year": 2005,
            "quarter": 1,
            "eps": 0.54,
            "eps_growth_year": -47.06,
            "eps_4q": 1.78,
            "eps_4q_growth_year": -34.83,
            "roe": 3.78,
            "roe_4q": 16.38,
            "gross_profit": 682823,
            "gross_margin": 18.06,
            "gross_margin_4q_avg": 17.21,
            "net_income": 414055,
            "revenue": 3781331,
            "common_shares": 8180351,
            "book_valuer_per_share": 13.61,
            "book_valuer_per_share_4q_avg": 12.6,
            "equity": 11136511,
            "current_ratio": 155.15,
            "debt_ratio": 46.27,
            "inventory_turnover_ratio": 1.14,
            "account_receivable_turnover_ratio": null,
            "reinvestment_rate": null,
            "research_to_sale_ratio": null,
            "price_fair": 87.6,
            "eps_avg_yearly": 2.5,
            "eps_latest_yearly": 2.16,
            "eps_growth_yearly": 128.89
        },
        "20052": {
            "year_quarter": 20052,
            "year": 2005,
            "quarter": 2,
            "eps": 0.68,
            "eps_growth_year": -9.33,
            "eps_4q": 1.91,
            "eps_4q_growth_year": -28.31,
            "roe": 4.61,
            "roe_4q": 14.63,
            "gross_profit": 745224,
            "gross_margin": 17.93,
            "gross_margin_4q_avg": 16.37,
            "net_income": 521295,
            "revenue": 4156603,
            "common_shares": 8180351,
            "book_valuer_per_share": 14.03,
            "book_valuer_per_share_4q_avg": 13.41,
            "equity": 11476402,
            "current_ratio": 156.07,
            "debt_ratio": 44.48,
            "inventory_turnover_ratio": 1.18,
            "account_receivable_turnover_ratio": null,
            "reinvestment_rate": null,
            "research_to_sale_ratio": null,
            "price_fair": 88.55,
            "eps_avg_yearly": 2.53,
            "eps_latest_yearly": 2.72,
            "eps_growth_yearly": 125.74
        },
        "20053": {
            "year_quarter": 20053,
            "year": 2005,
            "quarter": 3,
            "eps": 0.23,
            "eps_growth_year": -67.61,
            "eps_4q": 1.35,
            "eps_4q_growth_year": -50.83,
            "roe": 1.84,
            "roe_4q": 11.370000000000001,
            "gross_profit": 440299,
            "gross_margin": 11.38,
            "gross_margin_4q_avg": 15.72,
            "net_income": 215515,
            "revenue": 3867394,
            "common_shares": 9995053,
            "book_valuer_per_share": 11.93,
            "book_valuer_per_share_4q_avg": 13.33,
            "equity": 11928963,
            "current_ratio": 159.87,
            "debt_ratio": 41.75,
            "inventory_turnover_ratio": 1.13,
            "account_receivable_turnover_ratio": null,
            "reinvestment_rate": null,
            "research_to_sale_ratio": null,
            "price_fair": 82.29,
            "eps_avg_yearly": 2.35,
            "eps_latest_yearly": 0.92,
            "eps_growth_yearly": 82.36
        },
        "20054": {
            "year_quarter": 20054,
            "year": 2005,
            "quarter": 4,
            "eps": 0.6,
            "eps_growth_year": 215.79,
            "eps_4q": 1.83,
            "eps_4q_growth_year": -23.63,
            "roe": 4.24,
            "roe_4q": 14.47,
            "gross_profit": 463150,
            "gross_margin": 12.37,
            "gross_margin_4q_avg": 14.94,
            "net_income": 561798,
            "revenue": 3745312,
            "common_shares": 10129112,
            "book_valuer_per_share": 12.3,
            "book_valuer_per_share_4q_avg": 12.97,
            "equity": 14543610,
            "current_ratio": 155.06,
            "debt_ratio": 54.15,
            "inventory_turnover_ratio": 1.04,
            "account_receivable_turnover_ratio": null,
            "reinvestment_rate": 55.87,
            "research_to_sale_ratio": null,
            "price_fair": 82.46,
            "eps_avg_yearly": 2.36,
            "eps_latest_yearly": 2.4,
            "eps_growth_yearly": 138.47
        },
        "20061": {
            "year_quarter": 20061,
            "year": 2006,
            "quarter": 1,
            "eps": 0.1,
            "eps_growth_year": -81.48,
            "eps_4q": 1.46,
            "eps_4q_growth_year": -17.71,
            "roe": 0.7,
            "roe_4q": 11.39,
            "gross_profit": 215579,
            "gross_margin": 6.92,
            "gross_margin_4q_avg": 12.15,
            "net_income": 95168,
            "revenue": 3116942,
            "common_shares": 10129112,
            "book_valuer_per_share": 12.4,
            "book_valuer_per_share_4q_avg": 12.67,
            "equity": 12560004,
            "current_ratio": 154.81,
            "debt_ratio": 41.09,
            "inventory_turnover_ratio": 0.89,
            "account_receivable_turnover_ratio": null,
            "reinvestment_rate": -73.02,
            "research_to_sale_ratio": null,
            "price_fair": 76.24,
            "eps_avg_yearly": 2.18,
            "eps_latest_yearly": 0.4,
            "eps_growth_yearly": 95.58
        },
        "20062": {
            "year_quarter": 20062,
            "year": 2006,
            "quarter": 2,
            "eps": -0.15,
            "eps_growth_year": -122.06,
            "eps_4q": 0.7,
            "eps_4q_growth_year": -63.18,
            "roe": -1.3,
            "roe_4q": 5.48,
            "gross_profit": 284307,
            "gross_margin": 13.75,
            "gross_margin_4q_avg": 11.11,
            "net_income": -159137,
            "revenue": 2067678,
            "common_shares": 10132926,
            "book_valuer_per_share": 11.75,
            "book_valuer_per_share_4q_avg": 12.1,
            "equity": 11905050,
            "current_ratio": 133.92,
            "debt_ratio": 39.68,
            "inventory_turnover_ratio": 0.53,
            "account_receivable_turnover_ratio": null,
            "reinvestment_rate": -68.82,
            "research_to_sale_ratio": null,
            "price_fair": 76.24,
            "eps_avg_yearly": 2.18,
            "eps_latest_yearly": 0.4,
            "eps_growth_yearly": 95.58
        },
        "20063": {
            "year_quarter": 20063,
            "year": 2006,
            "quarter": 3,
            "eps": 2.96,
            "eps_growth_year": 1186.96,
            "eps_4q": 3.41,
            "eps_4q_growth_year": 152.73,
            "roe": 23.54,
            "roe_4q": 27.18,
            "gross_profit": 311089,
            "gross_margin": 16.52,
            "gross_margin_4q_avg": 12.39,
            "net_income": 3241345,
            "revenue": 1882548,
            "common_shares": 11697371,
            "book_valuer_per_share": 13.36,
            "book_valuer_per_share_4q_avg": 12.45,
            "equity": 15632315,
            "current_ratio": 263.1,
            "debt_ratio": 20.86,
            "inventory_turnover_ratio": 0.43,
            "account_receivable_turnover_ratio": null,
            "reinvestment_rate": -24.66,
            "research_to_sale_ratio": null,
            "price_fair": 76.24,
            "eps_avg_yearly": 2.18,
            "eps_latest_yearly": 0.4,
            "eps_growth_yearly": 95.58
        },
        "20064": {
            "year_quarter": 20064,
            "year": 2006,
            "quarter": 4,
            "eps": -1.27,
            "eps_growth_year": -311.67,
            "eps_4q": 2.81,
            "eps_4q_growth_year": 53.58,
            "roe": -9.17,
            "roe_4q": 13.769999999999998,
            "gross_profit": 259786,
            "gross_margin": 13.78,
            "gross_margin_4q_avg": 12.74,
            "net_income": -1423693,
            "revenue": 1884643,
            "common_shares": 11703487,
            "book_valuer_per_share": 13.01,
            "book_valuer_per_share_4q_avg": 12.63,
            "equity": 15422442,
            "current_ratio": 287.1,
            "debt_ratio": 31.96,
            "inventory_turnover_ratio": 0.48,
            "account_receivable_turnover_ratio": null,
            "reinvestment_rate": 71.44,
            "research_to_sale_ratio": null,
            "price_fair": 76.24,
            "eps_avg_yearly": 2.18,
            "eps_latest_yearly": 0.4,
            "eps_growth_yearly": 95.58
        },
        "20071": {
            "year_quarter": 20071,
            "year": 2007,
            "quarter": 1,
            "eps": 0.17,
            "eps_growth_year": 70,
            "eps_4q": 1.51,
            "eps_4q_growth_year": 2.84,
            "roe": 1.37,
            "roe_4q": 14.439999999999998,
            "gross_profit": 249221,
            "gross_margin": 10.93,
            "gross_margin_4q_avg": 13.75,
            "net_income": 211019,
            "revenue": 2279704,
            "common_shares": 12172805,
            "book_valuer_per_share": 12.7,
            "book_valuer_per_share_4q_avg": 12.71,
            "equity": 15455655,
            "current_ratio": 258.76,
            "debt_ratio": 18.92,
            "inventory_turnover_ratio": 0.68,
            "account_receivable_turnover_ratio": null,
            "reinvestment_rate": -4.83,
            "research_to_sale_ratio": null,
            "price_fair": 76.24,
            "eps_avg_yearly": 2.18,
            "eps_latest_yearly": 0.4,
            "eps_growth_yearly": 95.58
        },
        "20072": {
            "year_quarter": 20072,
            "year": 2007,
            "quarter": 2,
            "eps": 0.87,
            "eps_growth_year": null,
            "eps_4q": 2.53,
            "eps_4q_growth_year": 259.27,
            "roe": 6.74,
            "roe_4q": 22.479999999999997,
            "gross_profit": 389749,
            "gross_margin": 19.53,
            "gross_margin_4q_avg": 15.19,
            "net_income": 1063703,
            "revenue": 1995352,
            "common_shares": 12204114,
            "book_valuer_per_share": 13.22,
            "book_valuer_per_share_4q_avg": 13.07,
            "equity": 16127788,
            "current_ratio": 260.3,
            "debt_ratio": 14.82,
            "inventory_turnover_ratio": 0.49,
            "account_receivable_turnover_ratio": null,
            "reinvestment_rate": -1.03,
            "research_to_sale_ratio": null,
            "price_fair": 80.03,
            "eps_avg_yearly": 2.29,
            "eps_latest_yearly": 3.48,
            "eps_growth_yearly": 224.87
        },
        "20073": {
            "year_quarter": 20073,
            "year": 2007,
            "quarter": 3,
            "eps": 1.22,
            "eps_growth_year": -58.78,
            "eps_4q": 1.1,
            "eps_4q_growth_year": -67.83,
            "roe": 8.85,
            "roe_4q": 7.790000000000001,
            "gross_profit": 399172,
            "gross_margin": 20.15,
            "gross_margin_4q_avg": 16.1,
            "net_income": 1494575,
            "revenue": 1981384,
            "common_shares": 12204114,
            "book_valuer_per_share": 14.47,
            "book_valuer_per_share_4q_avg": 13.35,
            "equity": 17654829,
            "current_ratio": 276.56,
            "debt_ratio": 14.05,
            "inventory_turnover_ratio": 0.44,
            "account_receivable_turnover_ratio": null,
            "reinvestment_rate": 2.07,
            "research_to_sale_ratio": null,
            "price_fair": 87.03,
            "eps_avg_yearly": 2.49,
            "eps_latest_yearly": 4.88,
            "eps_growth_yearly": 214.2
        },
        "20074": {
            "year_quarter": 20074,
            "year": 2007,
            "quarter": 4,
            "eps": -0.99,
            "eps_growth_year": null,
            "eps_4q": 1.28,
            "eps_4q_growth_year": -54.41,
            "roe": -7,
            "roe_4q": 9.96,
            "gross_profit": 480966,
            "gross_margin": 22.62,
            "gross_margin_4q_avg": 18.31,
            "net_income": -1205355,
            "revenue": 2126128,
            "common_shares": 12207884,
            "book_valuer_per_share": 13.67,
            "book_valuer_per_share_4q_avg": 13.52,
            "equity": 16781786,
            "current_ratio": 341.03,
            "debt_ratio": 32.41,
            "inventory_turnover_ratio": 0.4,
            "account_receivable_turnover_ratio": null,
            "reinvestment_rate": 27.57,
            "research_to_sale_ratio": null,
            "price_fair": 87.95,
            "eps_avg_yearly": 2.51,
            "eps_latest_yearly": 4.88,
            "eps_growth_yearly": 237.78
        },
        "20081": {
            "year_quarter": 20081,
            "year": 2008,
            "quarter": 1,
            "eps": 0.32,
            "eps_growth_year": 88.24,
            "eps_4q": 1.4,
            "eps_4q_growth_year": -6.91,
            "roe": 2.36,
            "roe_4q": 10.95,
            "gross_profit": 659687,
            "gross_margin": 34.1,
            "gross_margin_4q_avg": 24.1,
            "net_income": 398769,
            "revenue": 1934693,
            "common_shares": 12375318,
            "book_valuer_per_share": 13.67,
            "book_valuer_per_share_4q_avg": 13.76,
            "equity": 17002287,
            "current_ratio": 481,
            "debt_ratio": 29.68,
            "inventory_turnover_ratio": 0.27,
            "account_receivable_turnover_ratio": null,
            "reinvestment_rate": 44.03,
            "research_to_sale_ratio": null,
            "price_fair": 82.46,
            "eps_avg_yearly": 2.36,
            "eps_latest_yearly": 4.88,
            "eps_growth_yearly": 227.38
        },
        "20082": {
            "year_quarter": 20082,
            "year": 2008,
            "quarter": 2,
            "eps": -0.27,
            "eps_growth_year": -131.03,
            "eps_4q": 0.27,
            "eps_4q_growth_year": -89.22,
            "roe": -2.19,
            "roe_4q": 2.0199999999999996,
            "gross_profit": 366243,
            "gross_margin": 17.44,
            "gross_margin_4q_avg": 23.58,
            "net_income": -363682,
            "revenue": 2099765,
            "common_shares": 12583694,
            "book_valuer_per_share": 12.88,
            "book_valuer_per_share_4q_avg": 13.67,
            "equity": 16271084,
            "current_ratio": 366.75,
            "debt_ratio": 32.17,
            "inventory_turnover_ratio": 0.36,
            "account_receivable_turnover_ratio": null,
            "reinvestment_rate": 51.85,
            "research_to_sale_ratio": null,
            "price_fair": 79.96,
            "eps_avg_yearly": 2.28,
            "eps_latest_yearly": 4.88,
            "eps_growth_yearly": 264.41
        },
        "20083": {
            "year_quarter": 20083,
            "year": 2008,
            "quarter": 3,
            "eps": 0.27,
            "eps_growth_year": -77.87,
            "eps_4q": -0.48,
            "eps_4q_growth_year": -143.26,
            "roe": 2.55,
            "roe_4q": -4.28,
            "gross_profit": 690289,
            "gross_margin": 28.82,
            "gross_margin_4q_avg": 25.75,
            "net_income": 424695,
            "revenue": 2395227,
            "common_shares": 14885307,
            "book_valuer_per_share": 11.38,
            "book_valuer_per_share_4q_avg": 12.9,
            "equity": 17017993,
            "current_ratio": 311.49,
            "debt_ratio": 28.84,
            "inventory_turnover_ratio": 0.36,
            "account_receivable_turnover_ratio": null,
            "reinvestment_rate": 52.02,
            "research_to_sale_ratio": null,
            "price_fair": 77.53,
            "eps_avg_yearly": 2.22,
            "eps_latest_yearly": 4.88,
            "eps_growth_yearly": 300.13
        },
        "20084": {
            "year_quarter": 20084,
            "year": 2008,
            "quarter": 4,
            "eps": -1.52,
            "eps_growth_year": null,
            "eps_4q": -1.21,
            "eps_4q_growth_year": -194.47,
            "roe": -14.2,
            "roe_4q": -11.479999999999999,
            "gross_profit": -832086,
            "gross_margin": -35.18,
            "gross_margin_4q_avg": 11.3,
            "net_income": -2254108,
            "revenue": 2364901,
            "common_shares": 14885307,
            "book_valuer_per_share": 9.85,
            "book_valuer_per_share_4q_avg": 11.95,
            "equity": 14740670,
            "current_ratio": 289.14,
            "debt_ratio": 30.51,
            "inventory_turnover_ratio": 0.84,
            "account_receivable_turnover_ratio": 3.38,
            "reinvestment_rate": 49.03,
            "research_to_sale_ratio": null,
            "price_fair": 84.8,
            "eps_avg_yearly": 2.42,
            "eps_latest_yearly": 4.88,
            "eps_growth_yearly": 384.85
        },
        "20091": {
            "year_quarter": 20091,
            "year": 2009,
            "quarter": 1,
            "eps": 0.27,
            "eps_growth_year": -15.62,
            "eps_4q": -1.24,
            "eps_4q_growth_year": -188.16,
            "roe": 2.63,
            "roe_4q": -11.209999999999999,
            "gross_profit": 337339,
            "gross_margin": 25.3,
            "gross_margin_4q_avg": 9.1,
            "net_income": 392509,
            "revenue": 1333442,
            "common_shares": 14885307,
            "book_valuer_per_share": 10.01,
            "book_valuer_per_share_4q_avg": 11.03,
            "equity": 15122669,
            "current_ratio": 298.38,
            "debt_ratio": 29.2,
            "inventory_turnover_ratio": 0.35,
            "account_receivable_turnover_ratio": 0.94,
            "reinvestment_rate": 83.14,
            "research_to_sale_ratio": null,
            "price_fair": 86.33,
            "eps_avg_yearly": 2.47,
            "eps_latest_yearly": 4.88,
            "eps_growth_yearly": 326.19
        },
        "20092": {
            "year_quarter": 20092,
            "year": 2009,
            "quarter": 2,
            "eps": 0.49,
            "eps_growth_year": null,
            "eps_4q": -0.51,
            "eps_4q_growth_year": -287.83,
            "roe": 4.64,
            "roe_4q": -4.38,
            "gross_profit": 162298,
            "gross_margin": 15.11,
            "gross_margin_4q_avg": 8.51,
            "net_income": 714869,
            "revenue": 1074312,
            "common_shares": 14185307,
            "book_valuer_per_share": 10.89,
            "book_valuer_per_share_4q_avg": 10.53,
            "equity": 15687702,
            "current_ratio": 181.61,
            "debt_ratio": 27.1,
            "inventory_turnover_ratio": 0.34,
            "account_receivable_turnover_ratio": 0.75,
            "reinvestment_rate": 80.9,
            "research_to_sale_ratio": null,
            "price_fair": 81.9,
            "eps_avg_yearly": 2.34,
            "eps_latest_yearly": 1.96,
            "eps_growth_yearly": 363.22
        },
        "20093": {
            "year_quarter": 20093,
            "year": 2009,
            "quarter": 3,
            "eps": -1.31,
            "eps_growth_year": -585.19,
            "eps_4q": -2.14,
            "eps_4q_growth_year": null,
            "roe": -12.9,
            "roe_4q": -19.830000000000002,
            "gross_profit": 180909,
            "gross_margin": 15.54,
            "gross_margin_4q_avg": 5.19,
            "net_income": -1899975,
            "revenue": 1163845,
            "common_shares": 14185307,
            "book_valuer_per_share": 9.52,
            "book_valuer_per_share_4q_avg": 10.07,
            "equity": 13767925,
            "current_ratio": 223.79,
            "debt_ratio": 33.04,
            "inventory_turnover_ratio": 0.36,
            "account_receivable_turnover_ratio": 0.83,
            "reinvestment_rate": 146.88,
            "research_to_sale_ratio": null,
            "price_fair": 91.84,
            "eps_avg_yearly": 2.62,
            "eps_latest_yearly": 1.96,
            "eps_growth_yearly": 488.81
        },
        "20094": {
            "year_quarter": 20094,
            "year": 2009,
            "quarter": 4,
            "eps": 0.64,
            "eps_growth_year": null,
            "eps_4q": 0.09,
            "eps_4q_growth_year": null,
            "roe": 6.33,
            "roe_4q": 0.6999999999999993,
            "gross_profit": 50201,
            "gross_margin": 4.49,
            "gross_margin_4q_avg": 15.11,
            "net_income": 903161,
            "revenue": 1117749,
            "common_shares": 14185307,
            "book_valuer_per_share": 10.16,
            "book_valuer_per_share_4q_avg": 10.15,
            "equity": 14768303,
            "current_ratio": 208.86,
            "debt_ratio": 29.46,
            "inventory_turnover_ratio": 0.37,
            "account_receivable_turnover_ratio": 1.46,
            "reinvestment_rate": -23.88,
            "research_to_sale_ratio": null,
            "price_fair": 93.8,
            "eps_avg_yearly": 2.68,
            "eps_latest_yearly": 1.96,
            "eps_growth_yearly": 450.14
        },
        "20101": {
            "year_quarter": 20101,
            "year": 2010,
            "quarter": 1,
            "eps": 0.29,
            "eps_growth_year": 7.41,
            "eps_4q": 0.15,
            "eps_4q_growth_year": null,
            "roe": 2.76,
            "roe_4q": 0.8299999999999992,
            "gross_profit": 149017,
            "gross_margin": 8.63,
            "gross_margin_4q_avg": 10.94,
            "net_income": 416069,
            "revenue": 1725934,
            "common_shares": 14185307,
            "book_valuer_per_share": 10.5,
            "book_valuer_per_share_4q_avg": 10.27,
            "equity": 15358053,
            "current_ratio": 220.48,
            "debt_ratio": 30.33,
            "inventory_turnover_ratio": 0.55,
            "account_receivable_turnover_ratio": 1.09,
            "reinvestment_rate": 179.68,
            "research_to_sale_ratio": null,
            "price_fair": 100.45,
            "eps_avg_yearly": 2.87,
            "eps_latest_yearly": 1.16,
            "eps_growth_yearly": 478.79
        },
        "20102": {
            "year_quarter": 20102,
            "year": 2010,
            "quarter": 2,
            "eps": -0.01,
            "eps_growth_year": -102.3,
            "eps_4q": -0.36,
            "eps_4q_growth_year": null,
            "roe": -0.23,
            "roe_4q": -4.040000000000001,
            "gross_profit": 466783,
            "gross_margin": 21.68,
            "gross_margin_4q_avg": 12.59,
            "net_income": -35801,
            "revenue": 2152994,
            "common_shares": 14185307,
            "book_valuer_per_share": 10.51,
            "book_valuer_per_share_4q_avg": 10.17,
            "equity": 15310866,
            "current_ratio": 208.8,
            "debt_ratio": 33.64,
            "inventory_turnover_ratio": 0.62,
            "account_receivable_turnover_ratio": 1.1,
            "reinvestment_rate": 166.58,
            "research_to_sale_ratio": null,
            "price_fair": 100.45,
            "eps_avg_yearly": 2.87,
            "eps_latest_yearly": 1.16,
            "eps_growth_yearly": 478.79
        },
        "20103": {
            "year_quarter": 20103,
            "year": 2010,
            "quarter": 3,
            "eps": -0.24,
            "eps_growth_year": null,
            "eps_4q": 0.72,
            "eps_4q_growth_year": null,
            "roe": -2.16,
            "roe_4q": 6.699999999999999,
            "gross_profit": -2062,
            "gross_margin": -0.07,
            "gross_margin_4q_avg": 8.68,
            "net_income": -324880,
            "revenue": 3081696,
            "common_shares": 14185307,
            "book_valuer_per_share": 10.24,
            "book_valuer_per_share_4q_avg": 10.35,
            "equity": 14760267,
            "current_ratio": 325.18,
            "debt_ratio": 37.94,
            "inventory_turnover_ratio": 1.21,
            "account_receivable_turnover_ratio": 1.51,
            "reinvestment_rate": null,
            "research_to_sale_ratio": null,
            "price_fair": 100.45,
            "eps_avg_yearly": 2.87,
            "eps_latest_yearly": 1.16,
            "eps_growth_yearly": 478.79
        },
        "20104": {
            "year_quarter": 20104,
            "year": 2010,
            "quarter": 4,
            "eps": -0.71,
            "eps_growth_year": -210.99,
            "eps_4q": -0.63,
            "eps_4q_growth_year": -776.92,
            "roe": -7.17,
            "roe_4q": -6.800000000000001,
            "gross_profit": 798041,
            "gross_margin": 21.72,
            "gross_margin_4q_avg": 12.99,
            "net_income": -1017334,
            "revenue": 3673906,
            "common_shares": 14185307,
            "book_valuer_per_share": 9.34,
            "book_valuer_per_share_4q_avg": 10.15,
            "equity": 13609581,
            "current_ratio": 263.98,
            "debt_ratio": 37.96,
            "inventory_turnover_ratio": 1.24,
            "account_receivable_turnover_ratio": 2.14,
            "reinvestment_rate": null,
            "research_to_sale_ratio": null,
            "price_fair": 100.45,
            "eps_avg_yearly": 2.87,
            "eps_latest_yearly": 1.16,
            "eps_growth_yearly": 478.79
        },
        "20111": {
            "year_quarter": 20111,
            "year": 2011,
            "quarter": 1,
            "eps": -0.69,
            "eps_growth_year": -337.93,
            "eps_4q": -1.65,
            "eps_4q_growth_year": -1204.28,
            "roe": -7.42,
            "roe_4q": -16.98,
            "gross_profit": 669168,
            "gross_margin": 17.06,
            "gross_margin_4q_avg": 15.1,
            "net_income": -974138,
            "revenue": 3922062,
            "common_shares": 14185307,
            "book_valuer_per_share": 8.67,
            "book_valuer_per_share_4q_avg": 9.69,
            "equity": 12664231,
            "current_ratio": 232.97,
            "debt_ratio": 41.21,
            "inventory_turnover_ratio": 1.84,
            "account_receivable_turnover_ratio": 2.33,
            "reinvestment_rate": null,
            "research_to_sale_ratio": null,
            "price_fair": 100.45,
            "eps_avg_yearly": 2.87,
            "eps_latest_yearly": 1.16,
            "eps_growth_yearly": 478.79
        },
        "20112": {
            "year_quarter": 20112,
            "year": 2011,
            "quarter": 2,
            "eps": -0.07,
            "eps_growth_year": null,
            "eps_4q": -1.72,
            "eps_4q_growth_year": null,
            "roe": -0.87,
            "roe_4q": -17.619999999999997,
            "gross_profit": 715722,
            "gross_margin": 19.92,
            "gross_margin_4q_avg": 14.66,
            "net_income": -109933,
            "revenue": 3592261,
            "common_shares": 14185307,
            "book_valuer_per_share": 8.55,
            "book_valuer_per_share_4q_avg": 9.2,
            "equity": 12488701,
            "current_ratio": 238.95,
            "debt_ratio": 40.53,
            "inventory_turnover_ratio": 2.55,
            "account_receivable_turnover_ratio": 2.13,
            "reinvestment_rate": null,
            "research_to_sale_ratio": null,
            "price_fair": 93.33,
            "eps_avg_yearly": 2.67,
            "eps_latest_yearly": 1.16,
            "eps_growth_yearly": 89.37
        },
        "20113": {
            "year_quarter": 20113,
            "year": 2011,
            "quarter": 3,
            "eps": -0.12,
            "eps_growth_year": null,
            "eps_4q": -1.6,
            "eps_4q_growth_year": -320.84,
            "roe": -1.63,
            "roe_4q": -17.09,
            "gross_profit": 749924,
            "gross_margin": 20.53,
            "gross_margin_4q_avg": 19.81,
            "net_income": -204178,
            "revenue": 3653544,
            "common_shares": 14185307,
            "book_valuer_per_share": 8.59,
            "book_valuer_per_share_4q_avg": 8.79,
            "equity": 12528788,
            "current_ratio": 223.26,
            "debt_ratio": 38.92,
            "inventory_turnover_ratio": 3.27,
            "account_receivable_turnover_ratio": 2.44,
            "reinvestment_rate": null,
            "research_to_sale_ratio": null,
            "price_fair": 54.6,
            "eps_avg_yearly": 1.56,
            "eps_latest_yearly": 1.16,
            "eps_growth_yearly": 53.59
        },
        "20114": {
            "year_quarter": 20114,
            "year": 2011,
            "quarter": 4,
            "eps": -0.5,
            "eps_growth_year": null,
            "eps_4q": -1.38,
            "eps_4q_growth_year": null,
            "roe": -5.61,
            "roe_4q": -15.53,
            "gross_profit": 788716,
            "gross_margin": 22.22,
            "gross_margin_4q_avg": 19.93,
            "net_income": -679928,
            "revenue": 3549521,
            "common_shares": 14185307,
            "book_valuer_per_share": 8,
            "book_valuer_per_share_4q_avg": 8.45,
            "equity": 11723645,
            "current_ratio": 186.43,
            "debt_ratio": 40.95,
            "inventory_turnover_ratio": 3.49,
            "account_receivable_turnover_ratio": 2.51,
            "reinvestment_rate": null,
            "research_to_sale_ratio": null,
            "price_fair": 54.6,
            "eps_avg_yearly": 1.56,
            "eps_latest_yearly": 1.16,
            "eps_growth_yearly": 53.59
        },
        "20121": {
            "year_quarter": 20121,
            "year": 2012,
            "quarter": 1,
            "eps": -0.93,
            "eps_growth_year": null,
            "eps_4q": -1.62,
            "eps_4q_growth_year": null,
            "roe": -11.54,
            "roe_4q": -19.65,
            "gross_profit": 702437,
            "gross_margin": 21.37,
            "gross_margin_4q_avg": 21.01,
            "net_income": -1278703,
            "revenue": 3286582,
            "common_shares": 14185307,
            "book_valuer_per_share": 7.07,
            "book_valuer_per_share_4q_avg": 8.05,
            "equity": 10431740,
            "current_ratio": 184.8,
            "debt_ratio": 45.43,
            "inventory_turnover_ratio": 3.51,
            "account_receivable_turnover_ratio": 2.29,
            "reinvestment_rate": null,
            "research_to_sale_ratio": null,
            "price_fair": 54.6,
            "eps_avg_yearly": 1.56,
            "eps_latest_yearly": 1.16,
            "eps_growth_yearly": 53.59
        },
        "20122": {
            "year_quarter": 20122,
            "year": 2012,
            "quarter": 2,
            "eps": -0.36,
            "eps_growth_year": null,
            "eps_4q": -1.91,
            "eps_4q_growth_year": null,
            "roe": -4.8,
            "roe_4q": -23.58,
            "gross_profit": 586558,
            "gross_margin": 22.28,
            "gross_margin_4q_avg": 21.6,
            "net_income": -489705,
            "revenue": 2633154,
            "common_shares": 14185307,
            "book_valuer_per_share": 6.72,
            "book_valuer_per_share_4q_avg": 7.6,
            "equity": 9959171,
            "current_ratio": 190.4,
            "debt_ratio": 46.48,
            "inventory_turnover_ratio": 3.13,
            "account_receivable_turnover_ratio": 2.05,
            "reinvestment_rate": null,
            "research_to_sale_ratio": null,
            "price_fair": 54.6,
            "eps_avg_yearly": 1.56,
            "eps_latest_yearly": 1.16,
            "eps_growth_yearly": 53.59
        },
        "20123": {
            "year_quarter": 20123,
            "year": 2012,
            "quarter": 3,
            "eps": -0.12,
            "eps_growth_year": null,
            "eps_4q": -1.9,
            "eps_4q_growth_year": null,
            "roe": -1.47,
            "roe_4q": -23.419999999999998,
            "gross_profit": 602619,
            "gross_margin": 21.07,
            "gross_margin_4q_avg": 21.74,
            "net_income": -145031,
            "revenue": 2860382,
            "common_shares": 14185307,
            "book_valuer_per_share": 6.57,
            "book_valuer_per_share_4q_avg": 7.09,
            "equity": 9766504,
            "current_ratio": 168.16,
            "debt_ratio": 46.61,
            "inventory_turnover_ratio": 3.07,
            "account_receivable_turnover_ratio": 2.79,
            "reinvestment_rate": null,
            "research_to_sale_ratio": null,
            "price_fair": 54.6,
            "eps_avg_yearly": 1.56,
            "eps_latest_yearly": 1.16,
            "eps_growth_yearly": 53.59
        },
        "20124": {
            "year_quarter": 20124,
            "year": 2012,
            "quarter": 4,
            "eps": -1.33,
            "eps_growth_year": null,
            "eps_4q": -2.74,
            "eps_4q_growth_year": null,
            "roe": -21.23,
            "roe_4q": -39.04,
            "gross_profit": -573722,
            "gross_margin": -14.49,
            "gross_margin_4q_avg": 12.56,
            "net_income": -1902683,
            "revenue": 3959458,
            "common_shares": 14185307,
            "book_valuer_per_share": 5.24,
            "book_valuer_per_share_4q_avg": 6.4,
            "equity": 8157146,
            "current_ratio": 136.64,
            "debt_ratio": 58.37,
            "inventory_turnover_ratio": 4.82,
            "account_receivable_turnover_ratio": 3.28,
            "reinvestment_rate": null,
            "research_to_sale_ratio": null,
            "price_fair": 54.6,
            "eps_avg_yearly": 1.56,
            "eps_latest_yearly": 1.16,
            "eps_growth_yearly": 53.59
        },
        "20131": {
            "year_quarter": 20131,
            "year": 2013,
            "quarter": 1,
            "eps": -0.21,
            "eps_growth_year": null,
            "eps_4q": -2.02,
            "eps_4q_growth_year": null,
            "roe": -3.56,
            "roe_4q": -31.06,
            "gross_profit": 927488,
            "gross_margin": 28.7,
            "gross_margin_4q_avg": 14.39,
            "net_income": -292678,
            "revenue": 3232125,
            "common_shares": 14185307,
            "book_valuer_per_share": 5.39,
            "book_valuer_per_share_4q_avg": 5.98,
            "equity": 8303440,
            "current_ratio": 135.88,
            "debt_ratio": 58.56,
            "inventory_turnover_ratio": 2.65,
            "account_receivable_turnover_ratio": 1.96,
            "reinvestment_rate": null,
            "research_to_sale_ratio": null,
            "price_fair": 54.6,
            "eps_avg_yearly": 1.56,
            "eps_latest_yearly": 1.16,
            "eps_growth_yearly": 53.59
        },
        "20132": {
            "year_quarter": 20132,
            "year": 2013,
            "quarter": 2,
            "eps": 0.13,
            "eps_growth_year": null,
            "eps_4q": -1.53,
            "eps_4q_growth_year": null,
            "roe": 2.44,
            "roe_4q": -23.82,
            "gross_profit": 708404,
            "gross_margin": 25.97,
            "gross_margin_4q_avg": 15.31,
            "net_income": 205277,
            "revenue": 2728288,
            "common_shares": 14185307,
            "book_valuer_per_share": 5.54,
            "book_valuer_per_share_4q_avg": 5.69,
            "equity": 8535774,
            "current_ratio": 124.32,
            "debt_ratio": 56.49,
            "inventory_turnover_ratio": 2.76,
            "account_receivable_turnover_ratio": 1.78,
            "reinvestment_rate": null,
            "research_to_sale_ratio": null,
            "price_fair": 3.48,
            "eps_avg_yearly": 1.16,
            "eps_latest_yearly": 1.16,
            "eps_growth_yearly": -218.75
        },
        "20133": {
            "year_quarter": 20133,
            "year": 2013,
            "quarter": 3,
            "eps": 0.8,
            "eps_growth_year": null,
            "eps_4q": -2.09,
            "eps_4q_growth_year": null,
            "roe": 6.11,
            "roe_4q": -16.240000000000002,
            "gross_profit": 826499,
            "gross_margin": 29.52,
            "gross_margin_4q_avg": 17.43,
            "net_income": 537359,
            "revenue": 2799901,
            "common_shares": 6959874,
            "book_valuer_per_share": 12.08,
            "book_valuer_per_share_4q_avg": 7.06,
            "equity": 9064542,
            "current_ratio": 134.71,
            "debt_ratio": 52.36,
            "inventory_turnover_ratio": 2.52,
            "account_receivable_turnover_ratio": 2.23,
            "reinvestment_rate": null,
            "research_to_sale_ratio": null,
            "price_fair": 76.3,
            "eps_avg_yearly": 2.18,
            "eps_latest_yearly": 3.2,
            "eps_growth_yearly": 921.39
        },
        "20134": {
            "year_quarter": 20134,
            "year": 2013,
            "quarter": 4,
            "eps": -0.19,
            "eps_growth_year": null,
            "eps_4q": 0.44,
            "eps_4q_growth_year": null,
            "roe": -1.64,
            "roe_4q": 3.35,
            "gross_profit": 922271,
            "gross_margin": 31.18,
            "gross_margin_4q_avg": 28.84,
            "net_income": -148458,
            "revenue": 2957849,
            "common_shares": 6959874,
            "book_valuer_per_share": 12,
            "book_valuer_per_share_4q_avg": 8.75,
            "equity": 8991943,
            "current_ratio": 139.12,
            "debt_ratio": 51.58,
            "inventory_turnover_ratio": 2.57,
            "account_receivable_turnover_ratio": 2.43,
            "reinvestment_rate": null,
            "research_to_sale_ratio": null,
            "price_fair": 76.3,
            "eps_avg_yearly": 2.18,
            "eps_latest_yearly": 3.2,
            "eps_growth_yearly": 921.39
        },
        "20141": {
            "year_quarter": 20141,
            "year": 2014,
            "quarter": 1,
            "eps": -2.07,
            "eps_growth_year": null,
            "eps_4q": -1.2,
            "eps_4q_growth_year": null,
            "roe": -15.74,
            "roe_4q": -8.83,
            "gross_profit": -8825,
            "gross_margin": -0.28,
            "gross_margin_4q_avg": 21.6,
            "net_income": -1503780,
            "revenue": 3128447,
            "common_shares": 6959874,
            "book_valuer_per_share": 13.7,
            "book_valuer_per_share_4q_avg": 10.83,
            "equity": 10112377,
            "current_ratio": 130.55,
            "debt_ratio": 52.3,
            "inventory_turnover_ratio": 4.09,
            "account_receivable_turnover_ratio": 2.53,
            "reinvestment_rate": null,
            "research_to_sale_ratio": null,
            "price_fair": 112,
            "eps_avg_yearly": 3.2,
            "eps_latest_yearly": 3.2,
            "eps_growth_yearly": 2061.54
        },
        "20142": {
            "year_quarter": 20142,
            "year": 2014,
            "quarter": 2,
            "eps": -1.72,
            "eps_growth_year": -1423.08,
            "eps_4q": -3.19,
            "eps_4q_growth_year": null,
            "roe": -13.23,
            "roe_4q": -24.5,
            "gross_profit": -76231,
            "gross_margin": -2.32,
            "gross_margin_4q_avg": 14.53,
            "net_income": -1225420,
            "revenue": 3283807,
            "common_shares": 6959874,
            "book_valuer_per_share": 11.4,
            "book_valuer_per_share_4q_avg": 12.3,
            "equity": 8409179,
            "current_ratio": 116.08,
            "debt_ratio": 60.06,
            "inventory_turnover_ratio": 4.48,
            "account_receivable_turnover_ratio": 2.8,
            "reinvestment_rate": null,
            "research_to_sale_ratio": null,
            "price_fair": 112,
            "eps_avg_yearly": 3.2,
            "eps_latest_yearly": 3.2,
            "eps_growth_yearly": 2061.54
        },
        "20143": {
            "year_quarter": 20143,
            "year": 2014,
            "quarter": 3,
            "eps": -0.65,
            "eps_growth_year": -181.25,
            "eps_4q": -4.64,
            "eps_4q_growth_year": null,
            "roe": -5.68,
            "roe_4q": -36.29,
            "gross_profit": 493046,
            "gross_margin": 16.47,
            "gross_margin_4q_avg": 11.26,
            "net_income": -469598,
            "revenue": 2992839,
            "common_shares": 6959874,
            "book_valuer_per_share": 10.76,
            "book_valuer_per_share_4q_avg": 11.97,
            "equity": 8113011,
            "current_ratio": 111.3,
            "debt_ratio": 60.01,
            "inventory_turnover_ratio": 3.14,
            "account_receivable_turnover_ratio": 3.04,
            "reinvestment_rate": null,
            "research_to_sale_ratio": null,
            "price_fair": 112,
            "eps_avg_yearly": 3.2,
            "eps_latest_yearly": 3.2,
            "eps_growth_yearly": 2061.54
        },
        "20144": {
            "year_quarter": 20144,
            "year": 2014,
            "quarter": 4,
            "eps": -0.72,
            "eps_growth_year": null,
            "eps_4q": -5.16,
            "eps_4q_growth_year": -1271.87,
            "roe": -6.44,
            "roe_4q": -41.09,
            "gross_profit": 621318,
            "gross_margin": 18.23,
            "gross_margin_4q_avg": 8.03,
            "net_income": -509374,
            "revenue": 3408282,
            "common_shares": 6959874,
            "book_valuer_per_share": 10.13,
            "book_valuer_per_share_4q_avg": 11.5,
            "equity": 7703627,
            "current_ratio": 102.82,
            "debt_ratio": 62.8,
            "inventory_turnover_ratio": 3.85,
            "account_receivable_turnover_ratio": 3.79,
            "reinvestment_rate": null,
            "research_to_sale_ratio": null,
            "price_fair": 112,
            "eps_avg_yearly": 3.2,
            "eps_latest_yearly": 3.2,
            "eps_growth_yearly": 2061.54
        },
        "20151": {
            "year_quarter": 20151,
            "year": 2015,
            "quarter": 1,
            "eps": -0.63,
            "eps_growth_year": null,
            "eps_4q": -3.71,
            "eps_4q_growth_year": null,
            "roe": -6.29,
            "roe_4q": -31.64,
            "gross_profit": 397184,
            "gross_margin": 13.47,
            "gross_margin_4q_avg": 11.46,
            "net_income": -470263,
            "revenue": 2948774,
            "common_shares": 6959874,
            "book_valuer_per_share": 9.46,
            "book_valuer_per_share_4q_avg": 10.44,
            "equity": 7249545,
            "current_ratio": 110.61,
            "debt_ratio": 65.07,
            "inventory_turnover_ratio": 4.49,
            "account_receivable_turnover_ratio": 3.3,
            "reinvestment_rate": null,
            "research_to_sale_ratio": null,
            "price_fair": 112,
            "eps_avg_yearly": 3.2,
            "eps_latest_yearly": 3.2,
            "eps_growth_yearly": 2061.54
        },
        "20152": {
            "year_quarter": 20152,
            "year": 2015,
            "quarter": 2,
            "eps": -0.12,
            "eps_growth_year": null,
            "eps_4q": -2.11,
            "eps_4q_growth_year": null,
            "roe": -1.63,
            "roe_4q": -20.04,
            "gross_profit": 690022,
            "gross_margin": 26.23,
            "gross_margin_4q_avg": 18.6,
            "net_income": -116499,
            "revenue": 2630410,
            "common_shares": 6959874,
            "book_valuer_per_share": 9.3,
            "book_valuer_per_share_4q_avg": 9.91,
            "equity": 7003859,
            "current_ratio": 104.45,
            "debt_ratio": 64.01,
            "inventory_turnover_ratio": 3.93,
            "account_receivable_turnover_ratio": 3.07,
            "reinvestment_rate": null,
            "research_to_sale_ratio": null,
            "price_fair": 112,
            "eps_avg_yearly": 3.2,
            "eps_latest_yearly": 3.2,
            "eps_growth_yearly": 2061.54
        },
        "20153": {
            "year_quarter": 20153,
            "year": 2015,
            "quarter": 3,
            "eps": -0.42,
            "eps_growth_year": null,
            "eps_4q": -1.88,
            "eps_4q_growth_year": null,
            "roe": -5.24,
            "roe_4q": -19.6,
            "gross_profit": 534846,
            "gross_margin": 19.05,
            "gross_margin_4q_avg": 19.25,
            "net_income": -358813,
            "revenue": 2806900,
            "common_shares": 6959874,
            "book_valuer_per_share": 8.94,
            "book_valuer_per_share_4q_avg": 9.46,
            "equity": 6680872,
            "current_ratio": 96.9,
            "debt_ratio": 64.86,
            "inventory_turnover_ratio": 5.87,
            "account_receivable_turnover_ratio": 3.5,
            "reinvestment_rate": null,
            "research_to_sale_ratio": null,
            "price_fair": 112,
            "eps_avg_yearly": 3.2,
            "eps_latest_yearly": 3.2,
            "eps_growth_yearly": 2061.54
        },
        "20154": {
            "year_quarter": 20154,
            "year": 2015,
            "quarter": 4,
            "eps": -1.94,
            "eps_growth_year": null,
            "eps_4q": -3.1,
            "eps_4q_growth_year": null,
            "roe": -23.25,
            "roe_4q": -36.410000000000004,
            "gross_profit": 391996,
            "gross_margin": 13.08,
            "gross_margin_4q_avg": 17.96,
            "net_income": -1390962,
            "revenue": 2996510,
            "common_shares": 6959874,
            "book_valuer_per_share": 6.96,
            "book_valuer_per_share_4q_avg": 8.67,
            "equity": 5285067,
            "current_ratio": 94.16,
            "debt_ratio": 70.1,
            "inventory_turnover_ratio": 9.83,
            "account_receivable_turnover_ratio": 4.19,
            "reinvestment_rate": null,
            "research_to_sale_ratio": null,
            "price_fair": 112,
            "eps_avg_yearly": 3.2,
            "eps_latest_yearly": 3.2,
            "eps_growth_yearly": 2061.54
        },
        "20161": {
            "year_quarter": 20161,
            "year": 2016,
            "quarter": 1,
            "eps": -0.39,
            "eps_growth_year": null,
            "eps_4q": -2.86,
            "eps_4q_growth_year": null,
            "roe": -5.71,
            "roe_4q": -35.830000000000005,
            "gross_profit": 686453,
            "gross_margin": 25.02,
            "gross_margin_4q_avg": 20.85,
            "net_income": -292272,
            "revenue": 2744076,
            "common_shares": 6959874,
            "book_valuer_per_share": 6.4,
            "book_valuer_per_share_4q_avg": 7.9,
            "equity": 4951926,
            "current_ratio": 79.17,
            "debt_ratio": 71.61,
            "inventory_turnover_ratio": 10.18,
            "account_receivable_turnover_ratio": 4.32,
            "reinvestment_rate": null,
            "research_to_sale_ratio": null,
            "price_fair": 112,
            "eps_avg_yearly": 3.2,
            "eps_latest_yearly": 3.2,
            "eps_growth_yearly": 2061.54
        },
        "20162": {
            "year_quarter": 20162,
            "year": 2016,
            "quarter": 2,
            "eps": 0.48,
            "eps_growth_year": null,
            "eps_4q": -2.26,
            "eps_4q_growth_year": null,
            "roe": 5.92,
            "roe_4q": -28.28,
            "gross_profit": 922702,
            "gross_margin": 36.71,
            "gross_margin_4q_avg": 23.47,
            "net_income": 301574,
            "revenue": 2513592,
            "common_shares": 6959874,
            "book_valuer_per_share": 6.84,
            "book_valuer_per_share_4q_avg": 7.29,
            "equity": 5234452,
            "current_ratio": 81.36,
            "debt_ratio": 69.3,
            "inventory_turnover_ratio": 10.17,
            "account_receivable_turnover_ratio": 4.13,
            "reinvestment_rate": null,
            "research_to_sale_ratio": null,
            "price_fair": 112,
            "eps_avg_yearly": 3.2,
            "eps_latest_yearly": 3.2,
            "eps_growth_yearly": 2061.54
        },
        "20163": {
            "year_quarter": 20163,
            "year": 2016,
            "quarter": 3,
            "eps": 0.6,
            "eps_growth_year": null,
            "eps_4q": -1.24,
            "eps_4q_growth_year": null,
            "roe": 6.59,
            "roe_4q": -16.45,
            "gross_profit": 1267422,
            "gross_margin": 43.95,
            "gross_margin_4q_avg": 29.69,
            "net_income": 355490,
            "revenue": 2883784,
            "common_shares": 6959874,
            "book_valuer_per_share": 7.39,
            "book_valuer_per_share_4q_avg": 6.9,
            "equity": 5559538,
            "current_ratio": 162.86,
            "debt_ratio": 43.27,
            "inventory_turnover_ratio": 10.8,
            "account_receivable_turnover_ratio": 4.4,
            "reinvestment_rate": null,
            "research_to_sale_ratio": null,
            "price_fair": 98,
            "eps_avg_yearly": 2.8,
            "eps_latest_yearly": 2.4,
            "eps_growth_yearly": 1080.77
        },
        "20164": {
            "year_quarter": 20164,
            "year": 2016,
            "quarter": 4,
            "eps": -0.35,
            "eps_growth_year": null,
            "eps_4q": 0.35,
            "eps_4q_growth_year": null,
            "roe": -6.08,
            "roe_4q": 0.7199999999999998,
            "gross_profit": 593506,
            "gross_margin": 24.81,
            "gross_margin_4q_avg": 32.62,
            "net_income": -322335,
            "revenue": 2391733,
            "common_shares": 6959874,
            "book_valuer_per_share": 7.06,
            "book_valuer_per_share_4q_avg": 6.92,
            "equity": 5035523,
            "current_ratio": 142.18,
            "debt_ratio": 45.93,
            "inventory_turnover_ratio": 10.07,
            "account_receivable_turnover_ratio": 3.88,
            "reinvestment_rate": null,
            "research_to_sale_ratio": null,
            "price_fair": 98,
            "eps_avg_yearly": 2.8,
            "eps_latest_yearly": 2.4,
            "eps_growth_yearly": 1080.77
        },
        "20171": {
            "year_quarter": 20171,
            "year": 2017,
            "quarter": 1,
            "eps": -0.08,
            "eps_growth_year": null,
            "eps_4q": 0.65,
            "eps_4q_growth_year": null,
            "roe": -2.78,
            "roe_4q": 3.6500000000000004,
            "gross_profit": 731670,
            "gross_margin": 32.48,
            "gross_margin_4q_avg": 34.49,
            "net_income": -136331,
            "revenue": 2252759,
            "common_shares": 6959874,
            "book_valuer_per_share": 6.86,
            "book_valuer_per_share_4q_avg": 7.04,
            "equity": 4757877,
            "current_ratio": 142.28,
            "debt_ratio": 42.5,
            "inventory_turnover_ratio": 9.04,
            "account_receivable_turnover_ratio": 4.43,
            "reinvestment_rate": null,
            "research_to_sale_ratio": null,
            "price_fair": 98,
            "eps_avg_yearly": 2.8,
            "eps_latest_yearly": 2.4,
            "eps_growth_yearly": 1080.77
        },
        "20172": {
            "year_quarter": 20172,
            "year": 2017,
            "quarter": 2,
            "eps": -0.11,
            "eps_growth_year": -122.92,
            "eps_4q": 0.07,
            "eps_4q_growth_year": null,
            "roe": -0.63,
            "roe_4q": -2.9000000000000004,
            "gross_profit": 1407979,
            "gross_margin": 34.86,
            "gross_margin_4q_avg": 34.03,
            "net_income": -31745,
            "revenue": 4038570,
            "common_shares": 6959874,
            "book_valuer_per_share": 6.51,
            "book_valuer_per_share_4q_avg": 6.96,
            "equity": 5392354,
            "current_ratio": 82.73,
            "debt_ratio": 58.65,
            "inventory_turnover_ratio": 16.13,
            "account_receivable_turnover_ratio": 9.09,
            "reinvestment_rate": null,
            "research_to_sale_ratio": null,
            "price_fair": 98,
            "eps_avg_yearly": 2.8,
            "eps_latest_yearly": 2.4,
            "eps_growth_yearly": 1080.77
        },
        "20173": {
            "year_quarter": 20173,
            "year": 2017,
            "quarter": 3,
            "eps": -0.02,
            "eps_growth_year": -103.33,
            "eps_4q": -0.56,
            "eps_4q_growth_year": null,
            "roe": 1.1,
            "roe_4q": -8.39,
            "gross_profit": 1160194,
            "gross_margin": 30.47,
            "gross_margin_4q_avg": 30.66,
            "net_income": 59762,
            "revenue": 3807480,
            "common_shares": 6959874,
            "book_valuer_per_share": 6.26,
            "book_valuer_per_share_4q_avg": 6.67,
            "equity": 5453453,
            "current_ratio": 112.39,
            "debt_ratio": 57.93,
            "inventory_turnover_ratio": 13.16,
            "account_receivable_turnover_ratio": 10.21,
            "reinvestment_rate": null,
            "research_to_sale_ratio": null,
            "price_fair": 84,
            "eps_avg_yearly": 2.4,
            "eps_latest_yearly": 2.4,
            "eps_growth_yearly": 100
        },
        "20174": {
            "year_quarter": 20174,
            "year": 2017,
            "quarter": 4,
            "eps": 3.84,
            "eps_growth_year": null,
            "eps_4q": 3.63,
            "eps_4q_growth_year": 945.91,
            "roe": 40.59,
            "roe_4q": 38.28,
            "gross_profit": 936345,
            "gross_margin": 22.77,
            "gross_margin_4q_avg": 30.15,
            "net_income": 2782298,
            "revenue": 4111848,
            "common_shares": 6959874,
            "book_valuer_per_share": 10.13,
            "book_valuer_per_share_4q_avg": 7.44,
            "equity": 8255690,
            "current_ratio": 166.95,
            "debt_ratio": 45.34,
            "inventory_turnover_ratio": 14.3,
            "account_receivable_turnover_ratio": 10.92,
            "reinvestment_rate": null,
            "research_to_sale_ratio": null,
            "price_fair": 84,
            "eps_avg_yearly": 2.4,
            "eps_latest_yearly": 2.4,
            "eps_growth_yearly": 100
        },
        "20181": {
            "year_quarter": 20181,
            "year": 2018,
            "quarter": 1,
            "eps": 0.04,
            "eps_growth_year": null,
            "eps_4q": 3.76,
            "eps_4q_growth_year": 474.69,
            "roe": 1.55,
            "roe_4q": 42.61,
            "gross_profit": 1111839,
            "gross_margin": 28.36,
            "gross_margin_4q_avg": 29.12,
            "net_income": 128317,
            "revenue": 3919999,
            "common_shares": 6959874,
            "book_valuer_per_share": 10.13,
            "book_valuer_per_share_4q_avg": 8.26,
            "equity": 8352930,
            "current_ratio": 134.11,
            "debt_ratio": 38.34,
            "inventory_turnover_ratio": 11.98,
            "account_receivable_turnover_ratio": 11.75,
            "reinvestment_rate": null,
            "research_to_sale_ratio": null,
            "price_fair": 3.84,
            "eps_avg_yearly": 1.28,
            "eps_latest_yearly": 0.16,
            "eps_growth_yearly": -147.92
        },
        "20182": {
            "year_quarter": 20182,
            "year": 2018,
            "quarter": 2,
            "eps": 2.48,
            "eps_growth_year": null,
            "eps_4q": 7.77,
            "eps_4q_growth_year": 11567.59,
            "roe": 20.6,
            "roe_4q": 63.84000000000001,
            "gross_profit": 1084686,
            "gross_margin": 23.98,
            "gross_margin_4q_avg": 26.4,
            "net_income": 1744744,
            "revenue": 4522754,
            "common_shares": 5567899,
            "book_valuer_per_share": 13.02,
            "book_valuer_per_share_4q_avg": 9.89,
            "equity": 8585778,
            "current_ratio": 149.06,
            "debt_ratio": 48.25,
            "inventory_turnover_ratio": 4.41,
            "account_receivable_turnover_ratio": 12.18,
            "reinvestment_rate": -175.07,
            "research_to_sale_ratio": null,
            "price_fair": 145.6,
            "eps_avg_yearly": 4.16,
            "eps_latest_yearly": 9.92,
            "eps_growth_yearly": 8034.72
        },
        "20183": {
            "year_quarter": 20183,
            "year": 2018,
            "quarter": 3,
            "eps": -0.01,
            "eps_growth_year": null,
            "eps_4q": 7.78,
            "eps_4q_growth_year": null,
            "roe": 1.26,
            "roe_4q": 64,
            "gross_profit": 1449643,
            "gross_margin": 28.79,
            "gross_margin_4q_avg": 25.98,
            "net_income": 108506,
            "revenue": 5035402,
            "common_shares": 5567899,
            "book_valuer_per_share": 13,
            "book_valuer_per_share_4q_avg": 11.57,
            "equity": 8690620,
            "current_ratio": 206.14,
            "debt_ratio": 45.87,
            "inventory_turnover_ratio": 2.64,
            "account_receivable_turnover_ratio": 9.34,
            "reinvestment_rate": -128.78,
            "research_to_sale_ratio": null,
            "price_fair": 145.6,
            "eps_avg_yearly": 4.16,
            "eps_latest_yearly": 9.92,
            "eps_growth_yearly": 8034.72
        },
        "20184": {
            "year_quarter": 20184,
            "year": 2018,
            "quarter": 4,
            "eps": -1.06,
            "eps_growth_year": -127.68,
            "eps_4q": 1.92,
            "eps_4q_growth_year": -47.06,
            "roe": -5.59,
            "roe_4q": 17.820000000000004,
            "gross_profit": 1212946,
            "gross_margin": 20.82,
            "gross_margin_4q_avg": 25.49,
            "net_income": -472435,
            "revenue": 5826510,
            "common_shares": 5567899,
            "book_valuer_per_share": 11.8,
            "book_valuer_per_share_4q_avg": 11.99,
            "equity": 8213236,
            "current_ratio": 136.25,
            "debt_ratio": 50.79,
            "inventory_turnover_ratio": 3.12,
            "account_receivable_turnover_ratio": 8.85,
            "reinvestment_rate": -8.49,
            "research_to_sale_ratio": null,
            "price_fair": 145.6,
            "eps_avg_yearly": 4.16,
            "eps_latest_yearly": 9.92,
            "eps_growth_yearly": 8034.72
        },
        "20191": {
            "year_quarter": 20191,
            "year": 2019,
            "quarter": 1,
            "eps": 0.11,
            "eps_growth_year": 175,
            "eps_4q": 1.98,
            "eps_4q_growth_year": -47.18,
            "roe": 0.74,
            "roe_4q": 17.01,
            "gross_profit": 113339,
            "gross_margin": 16.45,
            "gross_margin_4q_avg": 22.51,
            "net_income": 54935,
            "revenue": 689076,
            "common_shares": 5567899,
            "book_valuer_per_share": 11.92,
            "book_valuer_per_share_4q_avg": 12.44,
            "equity": 6653083,
            "current_ratio": 260.79,
            "debt_ratio": 43.12,
            "inventory_turnover_ratio": 0.68,
            "account_receivable_turnover_ratio": 1.33,
            "reinvestment_rate": -35.68,
            "research_to_sale_ratio": null,
            "price_fair": 145.6,
            "eps_avg_yearly": 4.16,
            "eps_latest_yearly": 9.92,
            "eps_growth_yearly": 8034.72
        },
        "20192": {
            "year_quarter": 20192,
            "year": 2019,
            "quarter": 2,
            "eps": -0.09,
            "eps_growth_year": -103.63,
            "eps_4q": -1.05,
            "eps_4q_growth_year": -113.5,
            "roe": -0.82,
            "roe_4q": -4.41,
            "gross_profit": 229082,
            "gross_margin": 33.77,
            "gross_margin_4q_avg": 24.96,
            "net_income": -52443,
            "revenue": 678356,
            "common_shares": 5567899,
            "book_valuer_per_share": 10.88,
            "book_valuer_per_share_4q_avg": 11.9,
            "equity": 6066304,
            "current_ratio": 262.68,
            "debt_ratio": 43.59,
            "inventory_turnover_ratio": 4.39,
            "account_receivable_turnover_ratio": 2.06,
            "reinvestment_rate": -32.93,
            "research_to_sale_ratio": null,
            "price_fair": 145.6,
            "eps_avg_yearly": 4.16,
            "eps_latest_yearly": 9.92,
            "eps_growth_yearly": 8034.72
        },
        "20193": {
            "year_quarter": 20193,
            "year": 2019,
            "quarter": 3,
            "eps": 0.02,
            "eps_growth_year": null,
            "eps_4q": -1.02,
            "eps_4q_growth_year": -113.08,
            "roe": 0.1,
            "roe_4q": -5.57,
            "gross_profit": 232905,
            "gross_margin": 32.03,
            "gross_margin_4q_avg": 25.77,
            "net_income": 6246,
            "revenue": 727097,
            "common_shares": 5567899,
            "book_valuer_per_share": 10.89,
            "book_valuer_per_share_4q_avg": 11.37,
            "equity": 6091912,
            "current_ratio": 230.32,
            "debt_ratio": 44.5,
            "inventory_turnover_ratio": 5.74,
            "account_receivable_turnover_ratio": 2.12,
            "reinvestment_rate": -23.2,
            "research_to_sale_ratio": null,
            "price_fair": 145.6,
            "eps_avg_yearly": 4.16,
            "eps_latest_yearly": 9.92,
            "eps_growth_yearly": 8034.72
        },
        "20194": {
            "year_quarter": 20194,
            "year": 2019,
            "quarter": 4,
            "eps": 0.66,
            "eps_growth_year": null,
            "eps_4q": 0.7,
            "eps_4q_growth_year": -63.54,
            "roe": 5.87,
            "roe_4q": 5.89,
            "gross_profit": 367331,
            "gross_margin": 35.5,
            "gross_margin_4q_avg": 29.44,
            "net_income": 367857,
            "revenue": 1034831,
            "common_shares": 5567899,
            "book_valuer_per_share": 11.42,
            "book_valuer_per_share_4q_avg": 11.28,
            "equity": 6450179,
            "current_ratio": 145.57,
            "debt_ratio": 56.73,
            "inventory_turnover_ratio": 3.62,
            "account_receivable_turnover_ratio": 2.72,
            "reinvestment_rate": 6.81,
            "research_to_sale_ratio": null,
            "price_fair": 132.3,
            "eps_avg_yearly": 3.78,
            "eps_latest_yearly": 2.64,
            "eps_growth_yearly": 9226.04
        },
        "20201": {
            "year_quarter": 20201,
            "year": 2020,
            "quarter": 1,
            "eps": 0.1,
            "eps_growth_year": -9.09,
            "eps_4q": 0.69,
            "eps_4q_growth_year": -65.13,
            "roe": 0.67,
            "roe_4q": 5.819999999999999,
            "gross_profit": 333057,
            "gross_margin": 31.27,
            "gross_margin_4q_avg": 33.14,
            "net_income": 44011,
            "revenue": 1065053,
            "common_shares": 5567899,
            "book_valuer_per_share": 11.54,
            "book_valuer_per_share_4q_avg": 11.18,
            "equity": 6770820,
            "current_ratio": 141.05,
            "debt_ratio": 54.06,
            "inventory_turnover_ratio": 2.68,
            "account_receivable_turnover_ratio": 3.07,
            "reinvestment_rate": 25.67,
            "research_to_sale_ratio": null,
            "price_fair": 108.64,
            "eps_avg_yearly": 3.1,
            "eps_latest_yearly": 0.4,
            "eps_growth_yearly": 7312.95
        },
        "20202": {
            "year_quarter": 20202,
            "year": 2020,
            "quarter": 2,
            "eps": 0.03,
            "eps_growth_year": null,
            "eps_4q": 0.81,
            "eps_4q_growth_year": null,
            "roe": -0.03,
            "roe_4q": 6.609999999999999,
            "gross_profit": 326374,
            "gross_margin": 30.93,
            "gross_margin_4q_avg": 32.43,
            "net_income": -1874,
            "revenue": 1055319,
            "common_shares": 5567899,
            "book_valuer_per_share": 10.63,
            "book_valuer_per_share_4q_avg": 11.12,
            "equity": 6387519,
            "current_ratio": 115.94,
            "debt_ratio": 59.84,
            "inventory_turnover_ratio": 2.6,
            "account_receivable_turnover_ratio": 3.79,
            "reinvestment_rate": 32.77,
            "research_to_sale_ratio": null,
            "price_fair": 91.23,
            "eps_avg_yearly": 2.61,
            "eps_latest_yearly": 0.12,
            "eps_growth_yearly": 6047.46
        },
        "20203": {
            "year_quarter": 20203,
            "year": 2020,
            "quarter": 3,
            "eps": 0.4,
            "eps_growth_year": 1900,
            "eps_4q": 1.18,
            "eps_4q_growth_year": null,
            "roe": 3.38,
            "roe_4q": 9.89,
            "gross_profit": 454115,
            "gross_margin": 35.53,
            "gross_margin_4q_avg": 33.31,
            "net_income": 219252,
            "revenue": 1278126,
            "common_shares": 5567899,
            "book_valuer_per_share": 11,
            "book_valuer_per_share_4q_avg": 11.15,
            "equity": 6598659,
            "current_ratio": 120.81,
            "debt_ratio": 58.3,
            "inventory_turnover_ratio": 2.69,
            "account_receivable_turnover_ratio": 3.7,
            "reinvestment_rate": 34.67,
            "research_to_sale_ratio": null,
            "price_fair": 86.57,
            "eps_avg_yearly": 2.47,
            "eps_latest_yearly": 1.6,
            "eps_growth_yearly": 6853.02
        },
        "20204": {
            "year_quarter": 20204,
            "year": 2020,
            "quarter": 4,
            "eps": 0.28,
            "eps_growth_year": -57.61,
            "eps_4q": 0.8,
            "eps_4q_growth_year": 14.5,
            "roe": 2.25,
            "roe_4q": 6.27,
            "gross_profit": 333334,
            "gross_margin": 25.07,
            "gross_margin_4q_avg": 30.7,
            "net_income": 150016,
            "revenue": 1329516,
            "common_shares": 5567899,
            "book_valuer_per_share": 11.27,
            "book_valuer_per_share_4q_avg": 11.11,
            "equity": 6745523,
            "current_ratio": 127.11,
            "debt_ratio": 58.42,
            "inventory_turnover_ratio": 2.97,
            "account_receivable_turnover_ratio": 3,
            "reinvestment_rate": 33.59,
            "research_to_sale_ratio": null,
            "price_fair": 79.8,
            "eps_avg_yearly": 2.28,
            "eps_latest_yearly": 1.12,
            "eps_growth_yearly": 5856.87
        },
        "20211": {
            "year_quarter": 20211,
            "year": 2021,
            "quarter": 1,
            "eps": 0.1,
            "eps_growth_year": 0,
            "eps_4q": 0.81,
            "eps_4q_growth_year": 16.42,
            "roe": 0.77,
            "roe_4q": 6.37,
            "gross_profit": 308461,
            "gross_margin": 24.81,
            "gross_margin_4q_avg": 29.09,
            "net_income": 50421,
            "revenue": 1243477,
            "common_shares": 5567899,
            "book_valuer_per_share": 10.57,
            "book_valuer_per_share_4q_avg": 10.87,
            "equity": 6348600,
            "current_ratio": 101.86,
            "debt_ratio": 60.08,
            "inventory_turnover_ratio": 2.76,
            "account_receivable_turnover_ratio": 2.78,
            "reinvestment_rate": 37.42,
            "research_to_sale_ratio": null,
            "price_fair": 71.58,
            "eps_avg_yearly": 2.05,
            "eps_latest_yearly": 0.4,
            "eps_growth_yearly": 5092.62
        },
        "20212": {
            "year_quarter": 20212,
            "year": 2021,
            "quarter": 2,
            "eps": 0.46,
            "eps_growth_year": 1433.33,
            "eps_4q": 1.23,
            "eps_4q_growth_year": 53.31,
            "roe": 3.94,
            "roe_4q": 10.34,
            "gross_profit": 419905,
            "gross_margin": 31.26,
            "gross_margin_4q_avg": 29.17,
            "net_income": 253922,
            "revenue": 1343299,
            "common_shares": 5567899,
            "book_valuer_per_share": 10.96,
            "book_valuer_per_share_4q_avg": 10.95,
            "equity": 6548843,
            "current_ratio": 127.76,
            "debt_ratio": 59.23,
            "inventory_turnover_ratio": 2.85,
            "account_receivable_turnover_ratio": 3,
            "reinvestment_rate": 6.79,
            "research_to_sale_ratio": null,
            "price_fair": 70.78,
            "eps_avg_yearly": 2.02,
            "eps_latest_yearly": 1.84,
            "eps_growth_yearly": 4686.77
        },
        "20213": {
            "year_quarter": 20213,
            "year": 2021,
            "quarter": 3,
            "eps": 0.63,
            "eps_growth_year": 57.5,
            "eps_4q": 1.52,
            "eps_4q_growth_year": 28.74,
            "roe": 5.26,
            "roe_4q": 12.219999999999999,
            "gross_profit": 451440,
            "gross_margin": 31.97,
            "gross_margin_4q_avg": 28.28,
            "net_income": 346343,
            "revenue": 1412010,
            "common_shares": 5289504,
            "book_valuer_per_share": 11.65,
            "book_valuer_per_share_4q_avg": 11.11,
            "equity": 6615859,
            "current_ratio": 128.43,
            "debt_ratio": 57.91,
            "inventory_turnover_ratio": 2.9,
            "account_receivable_turnover_ratio": 2.92,
            "reinvestment_rate": 16.16,
            "research_to_sale_ratio": null,
            "price_fair": 72.52,
            "eps_avg_yearly": 2.07,
            "eps_latest_yearly": 2.52,
            "eps_growth_yearly": 4232.88
        },
        "20214": {
            "year_quarter": 20214,
            "year": 2021,
            "quarter": 4,
            "eps": 0.18,
            "eps_growth_year": -34.85,
            "eps_4q": 1.41,
            "eps_4q_growth_year": 75.5,
            "roe": 1.49,
            "roe_4q": 11.459999999999999,
            "gross_profit": 488455,
            "gross_margin": 32.28,
            "gross_margin_4q_avg": 30.08,
            "net_income": 98604,
            "revenue": 1513133,
            "common_shares": 5289504,
            "book_valuer_per_share": 11.8,
            "book_valuer_per_share_4q_avg": 11.25,
            "equity": 6660105,
            "current_ratio": 110.18,
            "debt_ratio": 58.16,
            "inventory_turnover_ratio": 2.83,
            "account_receivable_turnover_ratio": 2.85,
            "reinvestment_rate": 62.71,
            "research_to_sale_ratio": null,
            "price_fair": 68.22,
            "eps_avg_yearly": 1.95,
            "eps_latest_yearly": 0.72,
            "eps_growth_yearly": 3822.1
        },
        "20221": {
            "year_quarter": 20221,
            "year": 2022,
            "quarter": 1,
            "eps": 0.17,
            "eps_growth_year": 70,
            "eps_4q": 1.48,
            "eps_4q_growth_year": 83.44,
            "roe": 1.32,
            "roe_4q": 12.01,
            "gross_profit": 384013,
            "gross_margin": 26.9,
            "gross_margin_4q_avg": 30.6,
            "net_income": 83851,
            "revenue": 1427602,
            "common_shares": 5289504,
            "book_valuer_per_share": 10.7,
            "book_valuer_per_share_4q_avg": 11.28,
            "equity": 6025016,
            "current_ratio": 97.79,
            "debt_ratio": 61.25,
            "inventory_turnover_ratio": 2.73,
            "account_receivable_turnover_ratio": 2.69,
            "reinvestment_rate": 67.57,
            "research_to_sale_ratio": null,
            "price_fair": 69.87,
            "eps_avg_yearly": 2,
            "eps_latest_yearly": 0.68,
            "eps_growth_yearly": 3856.06
        },
        "20222": {
            "year_quarter": 20222,
            "year": 2022,
            "quarter": 2,
            "eps": 0.09,
            "eps_growth_year": -80.43,
            "eps_4q": 1.09,
            "eps_4q_growth_year": -12.05,
            "roe": 0.77,
            "roe_4q": 8.84,
            "gross_profit": 468214,
            "gross_margin": 32.26,
            "gross_margin_4q_avg": 30.85,
            "net_income": 46821,
            "revenue": 1451195,
            "common_shares": 5289504,
            "book_valuer_per_share": 10.91,
            "book_valuer_per_share_4q_avg": 11.27,
            "equity": 6127590,
            "current_ratio": 100.14,
            "debt_ratio": 61.46,
            "inventory_turnover_ratio": 2.47,
            "account_receivable_turnover_ratio": 3.17,
            "reinvestment_rate": 170.08,
            "research_to_sale_ratio": null,
            "price_fair": 39.45,
            "eps_avg_yearly": 1.13,
            "eps_latest_yearly": 0.36,
            "eps_growth_yearly": 1620.77
        },
        "20223": {
            "year_quarter": 20223,
            "year": 2022,
            "quarter": 3,
            "eps": -0.06,
            "eps_growth_year": -109.52,
            "eps_4q": 0.43,
            "eps_4q_growth_year": -71.52,
            "roe": -0.6,
            "roe_4q": 2.9800000000000004,
            "gross_profit": 534791,
            "gross_margin": 35.18,
            "gross_margin_4q_avg": 31.66,
            "net_income": -35626,
            "revenue": 1520325,
            "common_shares": 4760554,
            "book_valuer_per_share": 11.2,
            "book_valuer_per_share_4q_avg": 11.15,
            "equity": 5686513,
            "current_ratio": 120.88,
            "debt_ratio": 64.09,
            "inventory_turnover_ratio": 2.31,
            "account_receivable_turnover_ratio": 3.39,
            "reinvestment_rate": 201.23,
            "research_to_sale_ratio": null,
            "price_fair": 39.45,
            "eps_avg_yearly": 1.13,
            "eps_latest_yearly": 0.36,
            "eps_growth_yearly": 1620.77
        },
        "20224": {
            "year_quarter": 20224,
            "year": 2022,
            "quarter": 4,
            "eps": -3.71,
            "eps_growth_year": -2143.63,
            "eps_4q": -3.48,
            "eps_4q_growth_year": -346.68,
            "roe": -37.81,
            "roe_4q": -36.32,
            "gross_profit": 531268,
            "gross_margin": 34.28,
            "gross_margin_4q_avg": 32.16,
            "net_income": -1845292,
            "revenue": 1549942,
            "common_shares": 4760554,
            "book_valuer_per_share": 7.42,
            "book_valuer_per_share_4q_avg": 10.06,
            "equity": 4073336,
            "current_ratio": 115.77,
            "debt_ratio": 73.72,
            "inventory_turnover_ratio": 2.29,
            "account_receivable_turnover_ratio": 3.22,
            "reinvestment_rate": null,
            "research_to_sale_ratio": null,
            "price_fair": 39.45,
            "eps_avg_yearly": 1.13,
            "eps_latest_yearly": 0.36,
            "eps_growth_yearly": 1620.77
        },
        "20231": {
            "year_quarter": 20231,
            "year": 2023,
            "quarter": 1,
            "eps": 0.11,
            "eps_growth_year": -35.29,
            "eps_4q": -3.56,
            "eps_4q_growth_year": -341.06,
            "roe": 0.88,
            "roe_4q": -36.76,
            "gross_profit": 395435,
            "gross_margin": 28.36,
            "gross_margin_4q_avg": 32.52,
            "net_income": 36119,
            "revenue": 1394410,
            "common_shares": 4760554,
            "book_valuer_per_share": 7.57,
            "book_valuer_per_share_4q_avg": 9.28,
            "equity": 4125434,
            "current_ratio": 115.35,
            "debt_ratio": 72.46,
            "inventory_turnover_ratio": 2.19,
            "account_receivable_turnover_ratio": 3.19,
            "reinvestment_rate": null,
            "research_to_sale_ratio": null,
            "price_fair": 39.45,
            "eps_avg_yearly": 1.13,
            "eps_latest_yearly": 0.36,
            "eps_growth_yearly": 1620.77
        }
    },
    "months": {
        "2001-06": {
            "month": "2001-06",
            "price": "7.69",
            "revenue": 409777
        },
        "2001-07": {
            "month": "2001-07",
            "price": "5.78",
            "revenue": 440418
        },
        "2001-08": {
            "month": "2001-08",
            "price": "5.88",
            "revenue": 405193
        },
        "2001-09": {
            "month": "2001-09",
            "price": "4.81",
            "revenue": 448581
        },
        "2001-10": {
            "month": "2001-10",
            "price": "4.28",
            "revenue": 451748
        },
        "2001-11": {
            "month": "2001-11",
            "price": "5.13",
            "revenue": 465392
        },
        "2001-12": {
            "month": "2001-12",
            "price": "6.11",
            "revenue": 468447
        },
        "2002-01": {
            "month": "2002-01",
            "price": "6.02",
            "revenue": 393021
        },
        "2002-02": {
            "month": "2002-02",
            "price": "5.83",
            "revenue": 339159
        },
        "2002-03": {
            "month": "2002-03",
            "price": "7.07",
            "revenue": 401324
        },
        "2002-04": {
            "month": "2002-04",
            "price": "8.49",
            "revenue": 464547
        },
        "2002-05": {
            "month": "2002-05",
            "price": "7.06",
            "revenue": 483067
        },
        "2002-06": {
            "month": "2002-06",
            "price": "6.74",
            "revenue": 452218
        },
        "2002-07": {
            "month": "2002-07",
            "price": "6.28",
            "revenue": 453926
        },
        "2002-08": {
            "month": "2002-08",
            "price": "5.58",
            "revenue": 381255
        },
        "2002-09": {
            "month": "2002-09",
            "price": "4.59",
            "revenue": 460381
        },
        "2002-10": {
            "month": "2002-10",
            "price": "4.36",
            "revenue": 380314
        },
        "2002-11": {
            "month": "2002-11",
            "price": "4.79",
            "revenue": 612295
        },
        "2002-12": {
            "month": "2002-12",
            "price": "5.18",
            "revenue": 800996
        },
        "2003-01": {
            "month": "2003-01",
            "price": "5.99",
            "revenue": 684289
        },
        "2003-02": {
            "month": "2003-02",
            "price": "5.19",
            "revenue": 591578
        },
        "2003-03": {
            "month": "2003-03",
            "price": "4.76",
            "revenue": 705426
        },
        "2003-04": {
            "month": "2003-04",
            "price": "4.85",
            "revenue": 695671
        },
        "2003-05": {
            "month": "2003-05",
            "price": "4.04",
            "revenue": 844231
        },
        "2003-06": {
            "month": "2003-06",
            "price": "4.68",
            "revenue": 963044
        },
        "2003-07": {
            "month": "2003-07",
            "price": "5.63",
            "revenue": 964270
        },
        "2003-08": {
            "month": "2003-08",
            "price": "6.82",
            "revenue": 1064995
        },
        "2003-09": {
            "month": "2003-09",
            "price": "6.09",
            "revenue": 855716
        },
        "2003-10": {
            "month": "2003-10",
            "price": "11.57",
            "revenue": 868767
        },
        "2003-11": {
            "month": "2003-11",
            "price": "13.18",
            "revenue": 835229
        },
        "2003-12": {
            "month": "2003-12",
            "price": "15.36",
            "revenue": 1047614
        },
        "2004-01": {
            "month": "2004-01",
            "price": "20.62",
            "revenue": 1090473
        },
        "2004-02": {
            "month": "2004-02",
            "price": "19.85",
            "revenue": 1063142
        },
        "2004-03": {
            "month": "2004-03",
            "price": "24.07",
            "revenue": 1003514
        },
        "2004-04": {
            "month": "2004-04",
            "price": "22.93",
            "revenue": 1118885
        },
        "2004-05": {
            "month": "2004-05",
            "price": "17.20",
            "revenue": 1150775
        },
        "2004-06": {
            "month": "2004-06",
            "price": "15.30",
            "revenue": 1333547
        },
        "2004-07": {
            "month": "2004-07",
            "price": "15.51",
            "revenue": 1174193
        },
        "2004-08": {
            "month": "2004-08",
            "price": "15.78",
            "revenue": 1106434
        },
        "2004-09": {
            "month": "2004-09",
            "price": "18.10",
            "revenue": 1242853
        },
        "2004-10": {
            "month": "2004-10",
            "price": "19.54",
            "revenue": 1152974
        },
        "2004-11": {
            "month": "2004-11",
            "price": "16.11",
            "revenue": 1157125
        },
        "2004-12": {
            "month": "2004-12",
            "price": "16.58",
            "revenue": 1364385
        },
        "2005-01": {
            "month": "2005-01",
            "price": "15.84",
            "revenue": 1385500
        },
        "2005-02": {
            "month": "2005-02",
            "price": "15.72",
            "revenue": 1090877
        },
        "2005-03": {
            "month": "2005-03",
            "price": "15.33",
            "revenue": 1304955
        },
        "2005-04": {
            "month": "2005-04",
            "price": "14.00",
            "revenue": 1281641
        },
        "2005-05": {
            "month": "2005-05",
            "price": "13.15",
            "revenue": 1423517
        },
        "2005-06": {
            "month": "2005-06",
            "price": "13.49",
            "revenue": 1451444
        },
        "2005-07": {
            "month": "2005-07",
            "price": "13.45",
            "revenue": 1404956
        },
        "2005-08": {
            "month": "2005-08",
            "price": "12.47",
            "revenue": 1380522
        },
        "2005-09": {
            "month": "2005-09",
            "price": "10.84",
            "revenue": 1081916
        },
        "2005-10": {
            "month": "2005-10",
            "price": "9.16",
            "revenue": 1089706
        },
        "2005-11": {
            "month": "2005-11",
            "price": "8.26",
            "revenue": 1349396
        },
        "2005-12": {
            "month": "2005-12",
            "price": "9.17",
            "revenue": 1306211
        },
        "2006-01": {
            "month": "2006-01",
            "price": "10.41",
            "revenue": 1116074
        },
        "2006-02": {
            "month": "2006-02",
            "price": "10.06",
            "revenue": 1016237
        },
        "2006-03": {
            "month": "2006-03",
            "price": "9.82",
            "revenue": 984630
        },
        "2006-04": {
            "month": "2006-04",
            "price": "10.45",
            "revenue": 899393
        },
        "2006-05": {
            "month": "2006-05",
            "price": "11.34",
            "revenue": 557868
        },
        "2006-06": {
            "month": "2006-06",
            "price": "10.36",
            "revenue": 610417
        },
        "2006-07": {
            "month": "2006-07",
            "price": "10.90",
            "revenue": 672224
        },
        "2006-08": {
            "month": "2006-08",
            "price": "10.12",
            "revenue": 645337
        },
        "2006-09": {
            "month": "2006-09",
            "price": "9.27",
            "revenue": 564987
        },
        "2006-10": {
            "month": "2006-10",
            "price": "9.92",
            "revenue": 545162
        },
        "2006-11": {
            "month": "2006-11",
            "price": "11.54",
            "revenue": 719912
        },
        "2006-12": {
            "month": "2006-12",
            "price": "12.09",
            "revenue": 619569
        },
        "2007-01": {
            "month": "2007-01",
            "price": "9.08",
            "revenue": 799806
        },
        "2007-02": {
            "month": "2007-02",
            "price": "8.32",
            "revenue": 684442
        },
        "2007-03": {
            "month": "2007-03",
            "price": "8.92",
            "revenue": 795456
        },
        "2007-04": {
            "month": "2007-04",
            "price": "9.63",
            "revenue": 628707
        },
        "2007-05": {
            "month": "2007-05",
            "price": "9.35",
            "revenue": 670284
        },
        "2007-06": {
            "month": "2007-06",
            "price": "8.48",
            "revenue": 696361
        },
        "2007-07": {
            "month": "2007-07",
            "price": "8.50",
            "revenue": 647586
        },
        "2007-08": {
            "month": "2007-08",
            "price": "7.85",
            "revenue": 664778
        },
        "2007-09": {
            "month": "2007-09",
            "price": "8.31",
            "revenue": 669021
        },
        "2007-10": {
            "month": "2007-10",
            "price": "10.53",
            "revenue": 727103
        },
        "2007-11": {
            "month": "2007-11",
            "price": "12.15",
            "revenue": 530647
        },
        "2007-12": {
            "month": "2007-12",
            "price": "10.38",
            "revenue": 855448
        },
        "2008-01": {
            "month": "2008-01",
            "price": "9.79",
            "revenue": 665149
        },
        "2008-02": {
            "month": "2008-02",
            "price": "9.23",
            "revenue": 557178
        },
        "2008-03": {
            "month": "2008-03",
            "price": "10.40",
            "revenue": 531824
        },
        "2008-04": {
            "month": "2008-04",
            "price": "10.86",
            "revenue": 657574
        },
        "2008-05": {
            "month": "2008-05",
            "price": "12.25",
            "revenue": 652469
        },
        "2008-06": {
            "month": "2008-06",
            "price": "11.58",
            "revenue": 631541
        },
        "2008-07": {
            "month": "2008-07",
            "price": "10.13",
            "revenue": 720759
        },
        "2008-08": {
            "month": "2008-08",
            "price": "8.67",
            "revenue": 789715
        },
        "2008-09": {
            "month": "2008-09",
            "price": "6.12",
            "revenue": 831504
        },
        "2008-10": {
            "month": "2008-10",
            "price": "3.95",
            "revenue": 880353
        },
        "2008-11": {
            "month": "2008-11",
            "price": "3.81",
            "revenue": 744202
        },
        "2008-12": {
            "month": "2008-12",
            "price": "3.84",
            "revenue": 427931
        },
        "2009-01": {
            "month": "2009-01",
            "price": "3.56",
            "revenue": 551595
        },
        "2009-02": {
            "month": "2009-02",
            "price": "3.61",
            "revenue": 319740
        },
        "2009-03": {
            "month": "2009-03",
            "price": "4.52",
            "revenue": 306217
        },
        "2009-04": {
            "month": "2009-04",
            "price": "5.69",
            "revenue": 313832
        },
        "2009-05": {
            "month": "2009-05",
            "price": "6.05",
            "revenue": 297701
        },
        "2009-06": {
            "month": "2009-06",
            "price": "6.23",
            "revenue": 265093
        },
        "2009-07": {
            "month": "2009-07",
            "price": "6.58",
            "revenue": 262324
        },
        "2009-08": {
            "month": "2009-08",
            "price": "6.32",
            "revenue": 295777
        },
        "2009-09": {
            "month": "2009-09",
            "price": "6.48",
            "revenue": 335212
        },
        "2009-10": {
            "month": "2009-10",
            "price": "6.91",
            "revenue": 229366
        },
        "2009-11": {
            "month": "2009-11",
            "price": "7.14",
            "revenue": 239641
        },
        "2009-12": {
            "month": "2009-12",
            "price": "7.08",
            "revenue": 461680
        },
        "2010-01": {
            "month": "2010-01",
            "price": "7.79",
            "revenue": 577602
        },
        "2010-02": {
            "month": "2010-02",
            "price": "7.34",
            "revenue": 501981
        },
        "2010-03": {
            "month": "2010-03",
            "price": "7.78",
            "revenue": 391805
        },
        "2010-04": {
            "month": "2010-04",
            "price": "8.89",
            "revenue": 406736
        },
        "2010-05": {
            "month": "2010-05",
            "price": "8.25",
            "revenue": 411649
        },
        "2010-06": {
            "month": "2010-06",
            "price": "8.31",
            "revenue": 285001
        },
        "2010-07": {
            "month": "2010-07",
            "price": "8.21",
            "revenue": 383219
        },
        "2010-08": {
            "month": "2010-08",
            "price": "8.49",
            "revenue": 569007
        },
        "2010-09": {
            "month": "2010-09",
            "price": "7.99",
            "revenue": 647947
        },
        "2010-10": {
            "month": "2010-10",
            "price": "7.98",
            "revenue": 595811
        },
        "2010-11": {
            "month": "2010-11",
            "price": "7.40",
            "revenue": 704343
        },
        "2010-12": {
            "month": "2010-12",
            "price": "7.31",
            "revenue": 642260
        },
        "2011-01": {
            "month": "2011-01",
            "price": "7.36",
            "revenue": 652141
        },
        "2011-02": {
            "month": "2011-02",
            "price": "6.89",
            "revenue": 670658
        },
        "2011-03": {
            "month": "2011-03",
            "price": "6.80",
            "revenue": 575287
        },
        "2011-04": {
            "month": "2011-04",
            "price": "6.89",
            "revenue": 505351
        },
        "2011-05": {
            "month": "2011-05",
            "price": "5.84",
            "revenue": 428447
        },
        "2011-06": {
            "month": "2011-06",
            "price": "5.41",
            "revenue": 447630
        },
        "2011-07": {
            "month": "2011-07",
            "price": "5.15",
            "revenue": 406590
        },
        "2011-08": {
            "month": "2011-08",
            "price": "4.90",
            "revenue": 369325
        },
        "2011-09": {
            "month": "2011-09",
            "price": "4.70",
            "revenue": 452642
        },
        "2011-10": {
            "month": "2011-10",
            "price": "4.69",
            "revenue": 365513
        },
        "2011-11": {
            "month": "2011-11",
            "price": "4.26",
            "revenue": 410733
        },
        "2011-12": {
            "month": "2011-12",
            "price": "3.94",
            "revenue": 443475
        },
        "2012-01": {
            "month": "2012-01",
            "price": "3.90",
            "revenue": 408435
        },
        "2012-02": {
            "month": "2012-02",
            "price": "4.32",
            "revenue": 259880
        },
        "2012-03": {
            "month": "2012-03",
            "price": "4.10",
            "revenue": 335572
        },
        "2012-04": {
            "month": "2012-04",
            "price": "3.69",
            "revenue": 229144
        },
        "2012-05": {
            "month": "2012-05",
            "price": "3.04",
            "revenue": 275129
        },
        "2012-06": {
            "month": "2012-06",
            "price": "3.00",
            "revenue": 342790
        },
        "2012-07": {
            "month": "2012-07",
            "price": "3.20",
            "revenue": 260167
        },
        "2012-08": {
            "month": "2012-08",
            "price": "3.33",
            "revenue": 307616
        },
        "2012-09": {
            "month": "2012-09",
            "price": "3.60",
            "revenue": 219647
        },
        "2012-10": {
            "month": "2012-10",
            "price": "4.06",
            "revenue": 257171
        },
        "2012-11": {
            "month": "2012-11",
            "price": "3.88",
            "revenue": 453086
        },
        "2012-12": {
            "month": "2012-12",
            "price": "3.93",
            "revenue": 384760
        },
        "2013-01": {
            "month": "2013-01",
            "price": "4.07",
            "revenue": 1235253
        },
        "2013-02": {
            "month": "2013-02",
            "price": "4.26",
            "revenue": 964262
        },
        "2013-03": {
            "month": "2013-03",
            "price": "4.21",
            "revenue": 1035692
        },
        "2013-04": {
            "month": "2013-04",
            "price": "3.76",
            "revenue": 951513
        },
        "2013-05": {
            "month": "2013-05",
            "price": "3.64",
            "revenue": 935126
        },
        "2013-06": {
            "month": "2013-06",
            "price": "3.72",
            "revenue": 846215
        },
        "2013-07": {
            "month": "2013-07",
            "price": "4.09",
            "revenue": 906988
        },
        "2013-08": {
            "month": "2013-08",
            "price": "5.52",
            "revenue": 953490
        },
        "2013-09": {
            "month": "2013-09",
            "price": "5.07",
            "revenue": 946041
        },
        "2013-10": {
            "month": "2013-10",
            "price": "4.92",
            "revenue": 1005988
        },
        "2013-11": {
            "month": "2013-11",
            "price": "12.37",
            "revenue": 1020012
        },
        "2013-12": {
            "month": "2013-12",
            "price": "15.11",
            "revenue": 1098821
        },
        "2014-01": {
            "month": "2014-01",
            "price": "14.84",
            "revenue": 1150103
        },
        "2014-02": {
            "month": "2014-02",
            "price": "15.08",
            "revenue": 940747
        },
        "2014-03": {
            "month": "2014-03",
            "price": "15.58",
            "revenue": 1067175
        },
        "2014-04": {
            "month": "2014-04",
            "price": "14.33",
            "revenue": 1044137
        },
        "2014-05": {
            "month": "2014-05",
            "price": "13.30",
            "revenue": 1150400
        },
        "2014-06": {
            "month": "2014-06",
            "price": "13.46",
            "revenue": 1040680
        },
        "2014-07": {
            "month": "2014-07",
            "price": "12.64",
            "revenue": 1066400
        },
        "2014-08": {
            "month": "2014-08",
            "price": "10.92",
            "revenue": 995489
        },
        "2014-09": {
            "month": "2014-09",
            "price": "10.58",
            "revenue": 952525
        },
        "2014-10": {
            "month": "2014-10",
            "price": "9.84",
            "revenue": 1183684
        },
        "2014-11": {
            "month": "2014-11",
            "price": "9.69",
            "revenue": 1120149
        },
        "2014-12": {
            "month": "2014-12",
            "price": "9.96",
            "revenue": 1232559
        },
        "2015-01": {
            "month": "2015-01",
            "price": "10.74",
            "revenue": 1055773
        },
        "2015-02": {
            "month": "2015-02",
            "price": "10.23",
            "revenue": 950717
        },
        "2015-03": {
            "month": "2015-03",
            "price": "10.30",
            "revenue": 941784
        },
        "2015-04": {
            "month": "2015-04",
            "price": "10.19",
            "revenue": 878131
        },
        "2015-05": {
            "month": "2015-05",
            "price": "9.80",
            "revenue": 875143
        },
        "2015-06": {
            "month": "2015-06",
            "price": "6.91",
            "revenue": 871641
        },
        "2015-07": {
            "month": "2015-07",
            "price": "5.75",
            "revenue": 901109
        },
        "2015-08": {
            "month": "2015-08",
            "price": "5.32",
            "revenue": 927394
        },
        "2015-09": {
            "month": "2015-09",
            "price": "6.06",
            "revenue": 985590
        },
        "2015-10": {
            "month": "2015-10",
            "price": "7.28",
            "revenue": 941721
        },
        "2015-11": {
            "month": "2015-11",
            "price": "7.21",
            "revenue": 951195
        },
        "2015-12": {
            "month": "2015-12",
            "price": "6.88",
            "revenue": 1089331
        },
        "2016-01": {
            "month": "2016-01",
            "price": "6.51",
            "revenue": 1008657
        },
        "2016-02": {
            "month": "2016-02",
            "price": "6.71",
            "revenue": 782306
        },
        "2016-03": {
            "month": "2016-03",
            "price": "6.76",
            "revenue": 971883
        },
        "2016-04": {
            "month": "2016-04",
            "price": "5.94",
            "revenue": 816204
        },
        "2016-05": {
            "month": "2016-05",
            "price": "5.12",
            "revenue": 796237
        },
        "2016-06": {
            "month": "2016-06",
            "price": "5.43",
            "revenue": 882575
        },
        "2016-07": {
            "month": "2016-07",
            "price": "5.47",
            "revenue": 869496
        },
        "2016-08": {
            "month": "2016-08",
            "price": "6.44",
            "revenue": 1237490
        },
        "2016-09": {
            "month": "2016-09",
            "price": "7.43",
            "revenue": 776611
        },
        "2016-10": {
            "month": "2016-10",
            "price": "7.75",
            "revenue": 774935
        },
        "2016-11": {
            "month": "2016-11",
            "price": "7.43",
            "revenue": 834647
        },
        "2016-12": {
            "month": "2016-12",
            "price": "7.45",
            "revenue": 791043
        },
        "2017-01": {
            "month": "2017-01",
            "price": "7.22",
            "revenue": 788828
        },
        "2017-02": {
            "month": "2017-02",
            "price": "7.94",
            "revenue": 666512
        },
        "2017-03": {
            "month": "2017-03",
            "price": "9.02",
            "revenue": 799466
        },
        "2017-04": {
            "month": "2017-04",
            "price": "9.77",
            "revenue": 1335053
        },
        "2017-05": {
            "month": "2017-05",
            "price": "9.53",
            "revenue": 1384820
        },
        "2017-06": {
            "month": "2017-06",
            "price": "9.26",
            "revenue": 1316794
        },
        "2017-07": {
            "month": "2017-07",
            "price": "8.97",
            "revenue": 1092833
        },
        "2017-08": {
            "month": "2017-08",
            "price": "8.55",
            "revenue": 1430209
        },
        "2017-09": {
            "month": "2017-09",
            "price": "8.88",
            "revenue": 1286181
        },
        "2017-10": {
            "month": "2017-10",
            "price": "8.88",
            "revenue": 1361500
        },
        "2017-11": {
            "month": "2017-11",
            "price": "9.17",
            "revenue": 1382584
        },
        "2017-12": {
            "month": "2017-12",
            "price": "9.65",
            "revenue": 1360573
        },
        "2018-01": {
            "month": "2018-01",
            "price": "11.18",
            "revenue": 1474018
        },
        "2018-02": {
            "month": "2018-02",
            "price": "11.67",
            "revenue": 1234773
        },
        "2018-03": {
            "month": "2018-03",
            "price": "14.43",
            "revenue": 1211895
        },
        "2018-04": {
            "month": "2018-04",
            "price": "13.64",
            "revenue": 1273195
        },
        "2018-05": {
            "month": "2018-05",
            "price": "14.01",
            "revenue": 1609009
        },
        "2018-06": {
            "month": "2018-06",
            "price": "13.22",
            "revenue": 1639863
        },
        "2018-07": {
            "month": "2018-07",
            "price": "13.65",
            "revenue": 1682773
        },
        "2018-08": {
            "month": "2018-08",
            "price": "14.74",
            "revenue": 1661333
        },
        "2018-09": {
            "month": "2018-09",
            "price": "14.45",
            "revenue": 1691293
        },
        "2018-10": {
            "month": "2018-10",
            "price": "13.29",
            "revenue": 1821022
        },
        "2018-11": {
            "month": "2018-11",
            "price": "13.77",
            "revenue": 2051418
        },
        "2018-12": {
            "month": "2018-12",
            "price": "13.57",
            "revenue": 1955108
        },
        "2019-01": {
            "month": "2019-01",
            "price": "13.24",
            "revenue": 293127
        },
        "2019-02": {
            "month": "2019-02",
            "price": "13.11",
            "revenue": 149483
        },
        "2019-03": {
            "month": "2019-03",
            "price": "13.00",
            "revenue": 246451
        },
        "2019-04": {
            "month": "2019-04",
            "price": "12.67",
            "revenue": 199844
        },
        "2019-05": {
            "month": "2019-05",
            "price": "12.12",
            "revenue": 249015
        },
        "2019-06": {
            "month": "2019-06",
            "price": "11.88",
            "revenue": 229384
        },
        "2019-07": {
            "month": "2019-07",
            "price": "10.64",
            "revenue": 237217
        },
        "2019-08": {
            "month": "2019-08",
            "price": "9.89",
            "revenue": 213981
        },
        "2019-09": {
            "month": "2019-09",
            "price": "10.49",
            "revenue": 275808
        },
        "2019-10": {
            "month": "2019-10",
            "price": "10.39",
            "revenue": 365890
        },
        "2019-11": {
            "month": "2019-11",
            "price": "10.32",
            "revenue": 427547
        },
        "2019-12": {
            "month": "2019-12",
            "price": "10.76",
            "revenue": 391964
        },
        "2020-01": {
            "month": "2020-01",
            "price": "10.78",
            "revenue": 379768
        },
        "2020-02": {
            "month": "2020-02",
            "price": "11.32",
            "revenue": 332818
        },
        "2020-03": {
            "month": "2020-03",
            "price": "10.82",
            "revenue": 352412
        },
        "2020-04": {
            "month": "2020-04",
            "price": "11.90",
            "revenue": 355061
        },
        "2020-05": {
            "month": "2020-05",
            "price": "15.70",
            "revenue": 339665
        },
        "2020-06": {
            "month": "2020-06",
            "price": "15.97",
            "revenue": 361293
        },
        "2020-07": {
            "month": "2020-07",
            "price": "16.45",
            "revenue": 387948
        },
        "2020-08": {
            "month": "2020-08",
            "price": "15.85",
            "revenue": 426125
        },
        "2020-09": {
            "month": "2020-09",
            "price": "16.05",
            "revenue": 463408
        },
        "2020-10": {
            "month": "2020-10",
            "price": "16.35",
            "revenue": 435835
        },
        "2020-11": {
            "month": "2020-11",
            "price": "17.32",
            "revenue": 432882
        },
        "2020-12": {
            "month": "2020-12",
            "price": "17.08",
            "revenue": 465792
        },
        "2021-01": {
            "month": "2021-01",
            "price": "16.57",
            "revenue": 430683
        },
        "2021-02": {
            "month": "2021-02",
            "price": "16.54",
            "revenue": 394156
        },
        "2021-03": {
            "month": "2021-03",
            "price": "17.03",
            "revenue": 418638
        },
        "2021-04": {
            "month": "2021-04",
            "price": "17.45",
            "revenue": 450475
        },
        "2021-05": {
            "month": "2021-05",
            "price": "16.90",
            "revenue": 458030
        },
        "2021-06": {
            "month": "2021-06",
            "price": "28.51",
            "revenue": 434794
        },
        "2021-07": {
            "month": "2021-07",
            "price": "53.18",
            "revenue": 454699
        },
        "2021-08": {
            "month": "2021-08",
            "price": "37.33",
            "revenue": 482166
        },
        "2021-09": {
            "month": "2021-09",
            "price": "35.64",
            "revenue": 474936
        },
        "2021-10": {
            "month": "2021-10",
            "price": "30.91",
            "revenue": 504049
        },
        "2021-11": {
            "month": "2021-11",
            "price": "34.26",
            "revenue": 516966
        },
        "2021-12": {
            "month": "2021-12",
            "price": "32.62",
            "revenue": 514222
        },
        "2022-01": {
            "month": "2022-01",
            "price": "37.62",
            "revenue": 539258
        },
        "2022-02": {
            "month": "2022-02",
            "price": "34.12",
            "revenue": 382465
        },
        "2022-03": {
            "month": "2022-03",
            "price": "31.73",
            "revenue": 512936
        },
        "2022-04": {
            "month": "2022-04",
            "price": "30.15",
            "revenue": 496171
        },
        "2022-05": {
            "month": "2022-05",
            "price": "26.32",
            "revenue": 469819
        },
        "2022-06": {
            "month": "2022-06",
            "price": "25.37",
            "revenue": 478148
        },
        "2022-07": {
            "month": "2022-07",
            "price": "23.98",
            "revenue": 538118
        },
        "2022-08": {
            "month": "2022-08",
            "price": "24.70",
            "revenue": 489893
        },
        "2022-09": {
            "month": "2022-09",
            "price": "21.63",
            "revenue": 492315
        },
        "2022-10": {
            "month": "2022-10",
            "price": "19.71",
            "revenue": 507368
        },
        "2022-11": {
            "month": "2022-11",
            "price": "21.06",
            "revenue": 500997
        },
        "2022-12": {
            "month": "2022-12",
            "price": "23.01",
            "revenue": 541653
        },
        "2023-01": {
            "month": "2023-01",
            "price": "23.60",
            "revenue": 508264
        },
        "2023-02": {
            "month": "2023-02",
            "price": "23.74",
            "revenue": 409496
        },
        "2023-03": {
            "month": "2023-03",
            "price": "20.84",
            "revenue": 476642
        },
        "2023-04": {
            "month": "2023-04",
            "price": "19.18",
            "revenue": 468506
        },
        "2023-05": {
            "month": "2023-05",
            "price": "19.15",
            "revenue": 489561
        }
    }
}
