{
    "summary": {
        "stock_name": "萬海",
        "stock_id": "2615",
        "category": "航運",
        "main_business": "船舶運送業、船務代理業、其他批發業零售業、船舶及其零件批發業<br>船舶及其零件零售業、貨櫃集散站經營業、船舶及貨櫃出租業<br>船舶貨物裝卸承攬業、除許可業務外得經營法令非禁止或限制之業務",
        "website_url": "http://tw.wanhai.com/",
        "ceo": "謝福隆",
        "pe_ratio": 7,
        "report_year_from": 2001,
        "report_year_to": 2023,
        "age": 22,
        "eps_negative_percentage": 9,
        "eps_growth_avg": {
            "last_all": 11.19,
            "last_2y": 60.27,
            "last_4y": 44.78,
            "last_8y": 36.37,
            "last_12y": 28.67,
            "last_16y": 11.44,
            "last_20y": null,
            "at_2006_last_3y": -4.23,
            "at_2007_last_3y": 11.9,
            "at_2008_last_3y": -22.49,
            "at_2009_last_3y": -40.23,
            "at_2010_last_3y": -38.17,
            "at_2011_last_3y": -99.52,
            "at_2012_last_3y": -33.07,
            "at_2013_last_3y": 5.54,
            "at_2014_last_3y": 29.16,
            "at_2015_last_3y": 47.66,
            "at_2016_last_3y": 4.82,
            "at_2017_last_3y": 25.86,
            "at_2018_last_3y": -13.36,
            "at_2019_last_3y": 17.94,
            "at_2020_last_3y": 60.78,
            "at_2021_last_3y": 60.78,
            "at_2022_last_3y": 70.2,
            "at_2023_last_3y": 70.2,
            "at_2006_last_all": -4.23,
            "at_2007_last_all": 13.58,
            "at_2008_last_all": -5.24,
            "at_2009_last_all": -18.78,
            "at_2010_last_all": -18.78,
            "at_2011_last_all": -28.83,
            "at_2012_last_all": -14.52,
            "at_2013_last_all": -11.48,
            "at_2014_last_all": -1.35,
            "at_2015_last_all": -3.33,
            "at_2016_last_all": -8.57,
            "at_2017_last_all": -0.81,
            "at_2018_last_all": -4.55,
            "at_2019_last_all": 1.98,
            "at_2020_last_all": 7.75,
            "at_2021_last_all": 12.87,
            "at_2022_last_all": 11.19,
            "at_2023_last_all": 11.19
        },
        "latest_eps": 6.36,
        "latest_price": 45.5,
        "latest_roe": 8.73,
        "latest_gross_margin": -2.35,
        "latest_equity": 209886731,
        "latest_revenue": 24470250,
        "latest_gross_profit": -575465,
        "latest_net_income": -2338242,
        "latest_debt_ratio": 38.24,
        "latest_current_ratio": 336.39,
        "latest_account_receivable_turnover_ratio": 6.9,
        "latest_inventory_turnover_ratio": 6.06,
        "latest_reinvestment_rate": 43.78,
        "latest_research_to_sale_ratio": null
    },
    "eps_dividends": {
        "1996": {
            "cash": 2,
            "stock": 2.5,
            "eps": 0
        },
        "1997": {
            "cash": 0,
            "stock": 4.5,
            "eps": 0
        },
        "1998": {
            "cash": 0,
            "stock": 2.5,
            "eps": 0
        },
        "1999": {
            "cash": 1,
            "stock": 2,
            "eps": 0
        },
        "2000": {
            "cash": 0.5,
            "stock": 2,
            "eps": 0
        },
        "2001": {
            "cash": 1.09,
            "stock": 0.16,
            "eps": 0
        },
        "2002": {
            "cash": 0.4,
            "stock": 0,
            "eps": 2.61
        },
        "2003": {
            "cash": 1,
            "stock": 1.48,
            "eps": 3.14
        },
        "2004": {
            "cash": 2,
            "stock": 0.5,
            "eps": 4.34
        },
        "2005": {
            "cash": 2.49,
            "stock": 1,
            "eps": 3.08
        },
        "2006": {
            "cash": 2,
            "stock": 1,
            "eps": 1.65
        },
        "2007": {
            "cash": 1.09,
            "stock": 0,
            "eps": 3.05
        },
        "2008": {
            "cash": 2.2,
            "stock": 0.5,
            "eps": 0.02
        },
        "2009": {
            "cash": 0,
            "stock": 0,
            "eps": -0.78
        },
        "2010": {
            "cash": 0,
            "stock": 0,
            "eps": 2.57
        },
        "2011": {
            "cash": 1.06,
            "stock": 0.5,
            "eps": 0.02
        },
        "2012": {
            "cash": 0,
            "stock": 0,
            "eps": 0.82
        },
        "2013": {
            "cash": 0.8,
            "stock": 0,
            "eps": 0.95
        },
        "2014": {
            "cash": 0.8,
            "stock": 0,
            "eps": 2.38
        },
        "2015": {
            "cash": 2,
            "stock": 0,
            "eps": 1.78
        },
        "2016": {
            "cash": 1.2,
            "stock": 0,
            "eps": 0.51
        },
        "2017": {
            "cash": 0.4,
            "stock": 0,
            "eps": 1.16
        },
        "2018": {
            "cash": 0.5,
            "stock": 0,
            "eps": 0.5
        },
        "2019": {
            "cash": 0.61,
            "stock": 0,
            "eps": 1.6
        },
        "2020": {
            "cash": 0.8,
            "stock": 0,
            "eps": 5.11
        },
        "2021": {
            "cash": 1,
            "stock": 1,
            "eps": 43.73
        },
        "2022": {
            "cash": 10.5,
            "stock": 1.5,
            "eps": 35.34
        },
        "2023": {
            "cash": 5,
            "stock": 0,
            "eps": -1.58
        }
    },
    "dividends": {
        "1996-05-13": {
            "cash": 2,
            "stock": 2.5
        },
        "1997-05-07": {
            "cash": 0,
            "stock": 4.5
        },
        "1998-05-13": {
            "cash": 0,
            "stock": 2.5
        },
        "1999-05-06": {
            "cash": 1,
            "stock": 2
        },
        "2000-05-24": {
            "cash": 0.5,
            "stock": 2
        },
        "2001-05-29": {
            "cash": 1.09,
            "stock": 0.16
        },
        "2002-06-29": {
            "cash": 0.4,
            "stock": 0
        },
        "2003-06-26": {
            "cash": 1,
            "stock": 1.48
        },
        "2004-03-25": {
            "cash": 2,
            "stock": 0.5
        },
        "2005-05-04": {
            "cash": 2.49,
            "stock": 1
        },
        "2006-03-23": {
            "cash": 2,
            "stock": 1
        },
        "2007-04-24": {
            "cash": 1.09,
            "stock": 0
        },
        "2008-03-26": {
            "cash": 2.2,
            "stock": 0.5
        },
        "2011-04-27": {
            "cash": 1.06,
            "stock": 0.5
        },
        "2013-04-24": {
            "cash": 0.8,
            "stock": 0
        },
        "2014-09-24": {
            "cash": 0.8,
            "stock": 0
        },
        "2015-08-14": {
            "cash": 2,
            "stock": 0
        },
        "2016-08-10": {
            "cash": 1.2,
            "stock": 0
        },
        "2017-09-20": {
            "cash": 0.4,
            "stock": 0
        },
        "2018-08-08": {
            "cash": 0.5,
            "stock": 0
        },
        "2019-08-06": {
            "cash": 0.61,
            "stock": 0
        },
        "2020-09-17": {
            "cash": 0.8,
            "stock": 0
        },
        "2021-09-29": {
            "cash": 1,
            "stock": 1
        },
        "2022-08-18": {
            "cash": 10.5,
            "stock": 1.5
        },
        "2023-07-25": {
            "cash": 5,
            "stock": 0
        }
    },
    "prices": {
        "200101": "19.63",
        "200102": "19.47",
        "200103": "18.07",
        "200104": "16.56",
        "200105": "15.98",
        "200106": "15.52",
        "200107": "14.01",
        "200108": "14.57",
        "200109": "12.84",
        "200110": "11.30",
        "200111": "11.71",
        "200112": "12.38",
        "200201": "12.84",
        "200202": "17.52",
        "200203": "17.64",
        "200204": "17.52",
        "200205": "22.05",
        "200206": "21.90",
        "200207": "22.55",
        "200208": "20.95",
        "200209": "21.50",
        "200210": "21.49",
        "200211": "24.34",
        "200212": "26.53",
        "200301": "29.68",
        "200302": "27.86",
        "200303": "28.61",
        "200304": "29.82",
        "200305": "30.49",
        "200306": "30.44",
        "200307": "31.72",
        "200308": "31.85",
        "200309": "30.56",
        "200310": "32.69",
        "200311": "31.84",
        "200312": "30.80",
        "200401": "31.91",
        "200402": "32.53",
        "200403": "33.63",
        "200404": "31.32",
        "200405": "26.52",
        "200406": "26.89",
        "200407": "29.45",
        "200408": "29.10",
        "200409": "32.16",
        "200410": "33.99",
        "200411": "32.07",
        "200412": "32.25",
        "200501": "31.17",
        "200502": "33.34",
        "200503": "35.32",
        "200504": "33.84",
        "200505": "31.99",
        "200506": "31.48",
        "200507": "31.09",
        "200508": "30.31",
        "200509": "25.53",
        "200510": "22.40",
        "200511": "20.49",
        "200512": "19.94",
        "200601": "20.78",
        "200602": "21.28",
        "200603": "19.53",
        "200604": "21.55",
        "200605": "22.45",
        "200606": "21.33",
        "200607": "21.30",
        "200608": "19.09",
        "200609": "17.76",
        "200610": "18.78",
        "200611": "18.59",
        "200612": "19.49",
        "200701": "19.95",
        "200702": "22.32",
        "200703": "22.51",
        "200704": "23.08",
        "200705": "22.88",
        "200706": "25.09",
        "200707": "26.52",
        "200708": "23.26",
        "200709": "24.19",
        "200710": "29.20",
        "200711": "29.03",
        "200712": "27.50",
        "200801": "26.81",
        "200802": "24.94",
        "200803": "27.61",
        "200804": "27.84",
        "200805": "27.10",
        "200806": "25.35",
        "200807": "20.14",
        "200808": "17.41",
        "200809": "14.84",
        "200810": "13.52",
        "200811": "14.69",
        "200812": "14.92",
        "200901": "13.39",
        "200902": "13.54",
        "200903": "14.44",
        "200904": "15.35",
        "200905": "16.86",
        "200906": "15.67",
        "200907": "15.76",
        "200908": "17.28",
        "200909": "17.28",
        "200910": "16.33",
        "200911": "15.65",
        "200912": "15.92",
        "201001": "17.05",
        "201002": "15.68",
        "201003": "17.24",
        "201004": "18.33",
        "201005": "17.95",
        "201006": "18.54",
        "201007": "20.78",
        "201008": "21.41",
        "201009": "21.34",
        "201010": "21.93",
        "201011": "22.23",
        "201012": "23.79",
        "201101": "24.58",
        "201102": "21.62",
        "201103": "20.00",
        "201104": "21.98",
        "201105": "21.74",
        "201106": "21.32",
        "201107": "20.89",
        "201108": "16.79",
        "201109": "14.82",
        "201110": "14.84",
        "201111": "14.33",
        "201112": "13.66",
        "201201": "15.13",
        "201202": "16.46",
        "201203": "16.52",
        "201204": "15.32",
        "201205": "14.16",
        "201206": "13.81",
        "201207": "14.94",
        "201208": "16.16",
        "201209": "15.66",
        "201210": "15.33",
        "201211": "14.65",
        "201212": "16.47",
        "201301": "16.68",
        "201302": "16.20",
        "201303": "16.29",
        "201304": "16.21",
        "201305": "16.81",
        "201306": "15.56",
        "201307": "16.32",
        "201308": "15.56",
        "201309": "16.80",
        "201310": "16.75",
        "201311": "15.28",
        "201312": "15.03",
        "201401": "15.17",
        "201402": "14.64",
        "201403": "14.31",
        "201404": "14.96",
        "201405": "15.05",
        "201406": "15.20",
        "201407": "15.67",
        "201408": "16.80",
        "201409": "20.57",
        "201410": "22.34",
        "201411": "23.87",
        "201412": "27.72",
        "201501": "32.24",
        "201502": "33.14",
        "201503": "36.66",
        "201504": "36.23",
        "201505": "31.52",
        "201506": "26.50",
        "201507": "25.08",
        "201508": "24.44",
        "201509": "21.91",
        "201510": "22.16",
        "201511": "18.29",
        "201512": "16.70",
        "201601": "17.42",
        "201602": "18.17",
        "201603": "19.46",
        "201604": "18.24",
        "201605": "16.98",
        "201606": "17.00",
        "201607": "17.22",
        "201608": "16.07",
        "201609": "16.18",
        "201610": "15.70",
        "201611": "16.03",
        "201612": "16.24",
        "201701": "17.20",
        "201702": "17.98",
        "201703": "18.19",
        "201704": "17.11",
        "201705": "16.73",
        "201706": "16.88",
        "201707": "17.94",
        "201708": "18.86",
        "201709": "19.47",
        "201710": "18.30",
        "201711": "18.55",
        "201712": "19.63",
        "201801": "19.55",
        "201802": "18.03",
        "201803": "18.07",
        "201804": "17.32",
        "201805": "16.72",
        "201806": "16.63",
        "201807": "16.89",
        "201808": "16.85",
        "201809": "16.80",
        "201810": "16.00",
        "201811": "15.46",
        "201812": "15.99",
        "201901": "15.73",
        "201902": "16.15",
        "201903": "16.08",
        "201904": "16.20",
        "201905": "17.23",
        "201906": "18.16",
        "201907": "19.68",
        "201908": "19.86",
        "201909": "19.17",
        "201910": "18.12",
        "201911": "18.24",
        "201912": "18.39",
        "202001": "18.14",
        "202002": "17.24",
        "202003": "14.75",
        "202004": "15.67",
        "202005": "16.21",
        "202006": "16.56",
        "202007": "17.79",
        "202008": "19.60",
        "202009": "20.29",
        "202010": "24.74",
        "202011": "34.17",
        "202012": "43.52",
        "202101": "46.89",
        "202102": "44.70",
        "202103": "49.60",
        "202104": "74.25",
        "202105": "104.99",
        "202106": "211.31",
        "202107": "266.50",
        "202108": "232.18",
        "202109": "210.65",
        "202110": "161.42",
        "202111": "163.05",
        "202112": "193.91",
        "202201": "171.08",
        "202202": "180.67",
        "202203": "170.50",
        "202204": "152.24",
        "202205": "152.55",
        "202206": "136.93",
        "202207": "112.38",
        "202208": "99.22",
        "202209": "75.00",
        "202210": "69.08",
        "202211": "71.77",
        "202212": "76.05",
        "202301": "76.05",
        "202302": "76.39",
        "202303": "73.71",
        "202304": "67.30",
        "202305": "59.88",
        "202306": "60.04",
        "202307": "52.49",
        "202308": "48.62",
        "202309": "48.12",
        "202310": "45.42"
    },
    "quarters": {
        "20011": {
            "year_quarter": 20011,
            "year": 2001,
            "quarter": 1,
            "eps": null,
            "eps_growth_year": null,
            "eps_4q": null,
            "eps_4q_growth_year": null,
            "roe": null,
            "roe_4q": 0,
            "gross_profit": null,
            "gross_margin": null,
            "gross_margin_4q_avg": 0,
            "net_income": null,
            "net_income_4q": null,
            "revenue": null,
            "revenue_4q": null,
            "common_shares": null,
            "book_valuer_per_share": null,
            "book_valuer_per_share_4q_avg": 0,
            "equity": null,
            "current_ratio": null,
            "debt_ratio": null,
            "inventory_turnover_ratio": null,
            "account_receivable_turnover_ratio": null,
            "reinvestment_rate": null,
            "research_to_sale_ratio": null,
            "price_fair": 0,
            "eps_avg_yearly": 0,
            "eps_latest_yearly": 0,
            "eps_growth_yearly": 0
        },
        "20012": {
            "year_quarter": 20012,
            "year": 2001,
            "quarter": 2,
            "eps": null,
            "eps_growth_year": null,
            "eps_4q": null,
            "eps_4q_growth_year": null,
            "roe": null,
            "roe_4q": 0,
            "gross_profit": null,
            "gross_margin": null,
            "gross_margin_4q_avg": 0,
            "net_income": null,
            "net_income_4q": null,
            "revenue": null,
            "revenue_4q": null,
            "common_shares": null,
            "book_valuer_per_share": null,
            "book_valuer_per_share_4q_avg": 0,
            "equity": null,
            "current_ratio": null,
            "debt_ratio": null,
            "inventory_turnover_ratio": null,
            "account_receivable_turnover_ratio": null,
            "reinvestment_rate": null,
            "research_to_sale_ratio": null,
            "price_fair": 0,
            "eps_avg_yearly": 0,
            "eps_latest_yearly": 0,
            "eps_growth_yearly": 0
        },
        "20013": {
            "year_quarter": 20013,
            "year": 2001,
            "quarter": 3,
            "eps": null,
            "eps_growth_year": null,
            "eps_4q": null,
            "eps_4q_growth_year": null,
            "roe": null,
            "roe_4q": 0,
            "gross_profit": null,
            "gross_margin": null,
            "gross_margin_4q_avg": 0,
            "net_income": null,
            "net_income_4q": null,
            "revenue": null,
            "revenue_4q": null,
            "common_shares": null,
            "book_valuer_per_share": null,
            "book_valuer_per_share_4q_avg": 0,
            "equity": null,
            "current_ratio": null,
            "debt_ratio": null,
            "inventory_turnover_ratio": null,
            "account_receivable_turnover_ratio": null,
            "reinvestment_rate": null,
            "research_to_sale_ratio": null,
            "price_fair": 0,
            "eps_avg_yearly": 0,
            "eps_latest_yearly": 0,
            "eps_growth_yearly": 0
        },
        "20014": {
            "year_quarter": 20014,
            "year": 2001,
            "quarter": 4,
            "eps": null,
            "eps_growth_year": null,
            "eps_4q": null,
            "eps_4q_growth_year": null,
            "roe": null,
            "roe_4q": 0,
            "gross_profit": null,
            "gross_margin": null,
            "gross_margin_4q_avg": 0,
            "net_income": null,
            "net_income_4q": null,
            "revenue": null,
            "revenue_4q": null,
            "common_shares": 13167360,
            "book_valuer_per_share": 11.85,
            "book_valuer_per_share_4q_avg": 2.96,
            "equity": 15607533,
            "current_ratio": 63.48,
            "debt_ratio": 44.65,
            "inventory_turnover_ratio": null,
            "account_receivable_turnover_ratio": null,
            "reinvestment_rate": null,
            "research_to_sale_ratio": null,
            "price_fair": 0,
            "eps_avg_yearly": 0,
            "eps_latest_yearly": 0,
            "eps_growth_yearly": 0
        },
        "20021": {
            "year_quarter": 20021,
            "year": 2002,
            "quarter": 1,
            "eps": 0.38,
            "eps_growth_year": null,
            "eps_4q": null,
            "eps_4q_growth_year": null,
            "roe": 3.12,
            "roe_4q": 3.12,
            "gross_profit": 517201,
            "gross_margin": 7.24,
            "gross_margin_4q_avg": 1.81,
            "net_income": 494010,
            "net_income_4q": null,
            "revenue": 7148607,
            "revenue_4q": null,
            "common_shares": 13167360,
            "book_valuer_per_share": 12.2,
            "book_valuer_per_share_4q_avg": 6.01,
            "equity": 16063520,
            "current_ratio": 100.92,
            "debt_ratio": 37.19,
            "inventory_turnover_ratio": null,
            "account_receivable_turnover_ratio": null,
            "reinvestment_rate": null,
            "research_to_sale_ratio": null,
            "price_fair": 0,
            "eps_avg_yearly": 0,
            "eps_latest_yearly": 0,
            "eps_growth_yearly": 0
        },
        "20022": {
            "year_quarter": 20022,
            "year": 2002,
            "quarter": 2,
            "eps": 0.91,
            "eps_growth_year": null,
            "eps_4q": null,
            "eps_4q_growth_year": null,
            "roe": 7.29,
            "roe_4q": 10.41,
            "gross_profit": 486242,
            "gross_margin": 6.17,
            "gross_margin_4q_avg": 3.35,
            "net_income": 1195098,
            "net_income_4q": null,
            "revenue": 7877696,
            "revenue_4q": null,
            "common_shares": 13167360,
            "book_valuer_per_share": 12.72,
            "book_valuer_per_share_4q_avg": 9.19,
            "equity": 16742821,
            "current_ratio": 102.45,
            "debt_ratio": 33.46,
            "inventory_turnover_ratio": null,
            "account_receivable_turnover_ratio": null,
            "reinvestment_rate": null,
            "research_to_sale_ratio": null,
            "price_fair": 127.4,
            "eps_avg_yearly": 3.64,
            "eps_latest_yearly": 3.64,
            "eps_growth_yearly": 557.89
        },
        "20023": {
            "year_quarter": 20023,
            "year": 2002,
            "quarter": 3,
            "eps": 0.51,
            "eps_growth_year": null,
            "eps_4q": null,
            "eps_4q_growth_year": null,
            "roe": 3.95,
            "roe_4q": 14.36,
            "gross_profit": 469221,
            "gross_margin": 6.06,
            "gross_margin_4q_avg": 4.87,
            "net_income": 676208,
            "net_income_4q": null,
            "revenue": 7747827,
            "revenue_4q": null,
            "common_shares": 13167360,
            "book_valuer_per_share": 13.29,
            "book_valuer_per_share_4q_avg": 12.52,
            "equity": 17502615,
            "current_ratio": 93.38,
            "debt_ratio": 33.81,
            "inventory_turnover_ratio": null,
            "account_receivable_turnover_ratio": null,
            "reinvestment_rate": null,
            "research_to_sale_ratio": null,
            "price_fair": 99.4,
            "eps_avg_yearly": 2.84,
            "eps_latest_yearly": 2.04,
            "eps_growth_yearly": 191.04
        },
        "20024": {
            "year_quarter": 20024,
            "year": 2002,
            "quarter": 4,
            "eps": 0.81,
            "eps_growth_year": null,
            "eps_4q": 2.61,
            "eps_4q_growth_year": null,
            "roe": 5.87,
            "roe_4q": 20.23,
            "gross_profit": 415537,
            "gross_margin": 4.89,
            "gross_margin_4q_avg": 6.09,
            "net_income": 1062528,
            "net_income_4q": null,
            "revenue": 8503588,
            "revenue_4q": null,
            "common_shares": 13167360,
            "book_valuer_per_share": 14.21,
            "book_valuer_per_share_4q_avg": 13.11,
            "equity": 18715402,
            "current_ratio": 79.63,
            "debt_ratio": 47.57,
            "inventory_turnover_ratio": null,
            "account_receivable_turnover_ratio": null,
            "reinvestment_rate": null,
            "research_to_sale_ratio": null,
            "price_fair": 104.07,
            "eps_avg_yearly": 2.97,
            "eps_latest_yearly": 3.24,
            "eps_growth_yearly": 205.79
        },
        "20031": {
            "year_quarter": 20031,
            "year": 2003,
            "quarter": 1,
            "eps": 0.6,
            "eps_growth_year": 57.89,
            "eps_4q": 2.83,
            "eps_4q_growth_year": null,
            "roe": 4.14,
            "roe_4q": 21.25,
            "gross_profit": 710228,
            "gross_margin": 8.25,
            "gross_margin_4q_avg": 6.34,
            "net_income": 787899,
            "net_income_4q": null,
            "revenue": 8611088,
            "revenue_4q": null,
            "common_shares": 13167360,
            "book_valuer_per_share": 14.68,
            "book_valuer_per_share_4q_avg": 13.73,
            "equity": 19334121,
            "current_ratio": 162.39,
            "debt_ratio": 42.24,
            "inventory_turnover_ratio": null,
            "account_receivable_turnover_ratio": null,
            "reinvestment_rate": null,
            "research_to_sale_ratio": null,
            "price_fair": 99.05,
            "eps_avg_yearly": 2.83,
            "eps_latest_yearly": 2.4,
            "eps_growth_yearly": 128.42
        },
        "20032": {
            "year_quarter": 20032,
            "year": 2003,
            "quarter": 2,
            "eps": 1.04,
            "eps_growth_year": 14.29,
            "eps_4q": 2.95,
            "eps_4q_growth_year": null,
            "roe": 7.12,
            "roe_4q": 21.08,
            "gross_profit": 984072,
            "gross_margin": 10.27,
            "gross_margin_4q_avg": 7.37,
            "net_income": 1372630,
            "net_income_4q": null,
            "revenue": 9586475,
            "revenue_4q": null,
            "common_shares": 13167360,
            "book_valuer_per_share": 14.62,
            "book_valuer_per_share_4q_avg": 14.2,
            "equity": 19246750,
            "current_ratio": 131.6,
            "debt_ratio": 44.83,
            "inventory_turnover_ratio": null,
            "account_receivable_turnover_ratio": null,
            "reinvestment_rate": null,
            "research_to_sale_ratio": null,
            "price_fair": 108.36,
            "eps_avg_yearly": 3.1,
            "eps_latest_yearly": 4.16,
            "eps_growth_yearly": 161.4
        },
        "20033": {
            "year_quarter": 20033,
            "year": 2003,
            "quarter": 3,
            "eps": 0.94,
            "eps_growth_year": 84.31,
            "eps_4q": 3.08,
            "eps_4q_growth_year": null,
            "roe": 7.1,
            "roe_4q": 24.23,
            "gross_profit": 966516,
            "gross_margin": 10.09,
            "gross_margin_4q_avg": 8.38,
            "net_income": 1418176,
            "net_income_4q": null,
            "revenue": 9575811,
            "revenue_4q": null,
            "common_shares": 15116129,
            "book_valuer_per_share": 13.71,
            "book_valuer_per_share_4q_avg": 14.31,
            "equity": 20720545,
            "current_ratio": 130,
            "debt_ratio": 39.65,
            "inventory_turnover_ratio": null,
            "account_receivable_turnover_ratio": null,
            "reinvestment_rate": null,
            "research_to_sale_ratio": null,
            "price_fair": 112.23,
            "eps_avg_yearly": 3.21,
            "eps_latest_yearly": 3.76,
            "eps_growth_yearly": 128.09
        },
        "20034": {
            "year_quarter": 20034,
            "year": 2003,
            "quarter": 4,
            "eps": 0.56,
            "eps_growth_year": -30.86,
            "eps_4q": 2.91,
            "eps_4q_growth_year": 11.52,
            "roe": 3.99,
            "roe_4q": 22.35,
            "gross_profit": 952143,
            "gross_margin": 9.63,
            "gross_margin_4q_avg": 9.56,
            "net_income": 851301,
            "net_income_4q": null,
            "revenue": 9887119,
            "revenue_4q": null,
            "common_shares": 15116129,
            "book_valuer_per_share": 14.5,
            "book_valuer_per_share_4q_avg": 14.38,
            "equity": 21924144,
            "current_ratio": 137.05,
            "debt_ratio": 47.51,
            "inventory_turnover_ratio": null,
            "account_receivable_turnover_ratio": null,
            "reinvestment_rate": null,
            "research_to_sale_ratio": null,
            "price_fair": 107.4,
            "eps_avg_yearly": 3.07,
            "eps_latest_yearly": 2.24,
            "eps_growth_yearly": 86.69
        },
        "20041": {
            "year_quarter": 20041,
            "year": 2004,
            "quarter": 1,
            "eps": 0.75,
            "eps_growth_year": 25,
            "eps_4q": 3.15,
            "eps_4q_growth_year": 11.2,
            "roe": 5.07,
            "roe_4q": 23.28,
            "gross_profit": 549188,
            "gross_margin": 5.86,
            "gross_margin_4q_avg": 8.96,
            "net_income": 1137427,
            "net_income_4q": null,
            "revenue": 9379385,
            "revenue_4q": null,
            "common_shares": 15116129,
            "book_valuer_per_share": 15.19,
            "book_valuer_per_share_4q_avg": 14.51,
            "equity": 22962505,
            "current_ratio": 124.23,
            "debt_ratio": 41.6,
            "inventory_turnover_ratio": null,
            "account_receivable_turnover_ratio": null,
            "reinvestment_rate": null,
            "research_to_sale_ratio": null,
            "price_fair": 107.1,
            "eps_avg_yearly": 3.06,
            "eps_latest_yearly": 3,
            "eps_growth_yearly": 92.82
        },
        "20042": {
            "year_quarter": 20042,
            "year": 2004,
            "quarter": 2,
            "eps": 0.87,
            "eps_growth_year": -16.35,
            "eps_4q": 3.13,
            "eps_4q_growth_year": 6,
            "roe": 5.96,
            "roe_4q": 22.12,
            "gross_profit": 1571812,
            "gross_margin": 14.06,
            "gross_margin_4q_avg": 9.91,
            "net_income": 1310646,
            "net_income_4q": null,
            "revenue": 11176991,
            "revenue_4q": null,
            "common_shares": 15116129,
            "book_valuer_per_share": 13.92,
            "book_valuer_per_share_4q_avg": 14.33,
            "equity": 21041068,
            "current_ratio": 172.43,
            "debt_ratio": 57.94,
            "inventory_turnover_ratio": null,
            "account_receivable_turnover_ratio": null,
            "reinvestment_rate": null,
            "research_to_sale_ratio": null,
            "price_fair": 108.73,
            "eps_avg_yearly": 3.11,
            "eps_latest_yearly": 3.48,
            "eps_growth_yearly": 89.62
        },
        "20043": {
            "year_quarter": 20043,
            "year": 2004,
            "quarter": 3,
            "eps": 1.37,
            "eps_growth_year": 45.74,
            "eps_4q": 3.45,
            "eps_4q_growth_year": 12.09,
            "roe": 9.75,
            "roe_4q": 24.770000000000003,
            "gross_profit": 1774690,
            "gross_margin": 14.1,
            "gross_margin_4q_avg": 10.91,
            "net_income": 2174957,
            "net_income_4q": null,
            "revenue": 12587565,
            "revenue_4q": null,
            "common_shares": 15875433,
            "book_valuer_per_share": 14.84,
            "book_valuer_per_share_4q_avg": 14.61,
            "equity": 23556862,
            "current_ratio": 194,
            "debt_ratio": 52.86,
            "inventory_turnover_ratio": null,
            "account_receivable_turnover_ratio": null,
            "reinvestment_rate": null,
            "research_to_sale_ratio": null,
            "price_fair": 117.04,
            "eps_avg_yearly": 3.34,
            "eps_latest_yearly": 5.48,
            "eps_growth_yearly": 103.64
        },
        "20044": {
            "year_quarter": 20044,
            "year": 2004,
            "quarter": 4,
            "eps": 1.35,
            "eps_growth_year": 141.07,
            "eps_4q": 4.24,
            "eps_4q_growth_year": 45.51,
            "roe": 8.71,
            "roe_4q": 29.490000000000002,
            "gross_profit": 2448737,
            "gross_margin": 19.07,
            "gross_margin_4q_avg": 13.27,
            "net_income": 2159337,
            "net_income_4q": null,
            "revenue": 12839162,
            "revenue_4q": null,
            "common_shares": 15875433,
            "book_valuer_per_share": 16.38,
            "book_valuer_per_share_4q_avg": 15.08,
            "equity": 25998292,
            "current_ratio": 211.94,
            "debt_ratio": 55.64,
            "inventory_turnover_ratio": null,
            "account_receivable_turnover_ratio": null,
            "reinvestment_rate": null,
            "research_to_sale_ratio": null,
            "price_fair": 123.58,
            "eps_avg_yearly": 3.53,
            "eps_latest_yearly": 5.4,
            "eps_growth_yearly": 93.69
        },
        "20051": {
            "year_quarter": 20051,
            "year": 2005,
            "quarter": 1,
            "eps": 0.87,
            "eps_growth_year": 16,
            "eps_4q": 4.22,
            "eps_4q_growth_year": 33.93,
            "roe": 5.28,
            "roe_4q": 29.700000000000003,
            "gross_profit": 1757317,
            "gross_margin": 15.96,
            "gross_margin_4q_avg": 15.8,
            "net_income": 1465688,
            "net_income_4q": null,
            "revenue": 11008427,
            "revenue_4q": null,
            "common_shares": 16007468,
            "book_valuer_per_share": 18.43,
            "book_valuer_per_share_4q_avg": 15.89,
            "equity": 29506447,
            "current_ratio": 188.19,
            "debt_ratio": 43.58,
            "inventory_turnover_ratio": null,
            "account_receivable_turnover_ratio": null,
            "reinvestment_rate": null,
            "research_to_sale_ratio": null,
            "price_fair": 123.43,
            "eps_avg_yearly": 3.53,
            "eps_latest_yearly": 3.48,
            "eps_growth_yearly": 74.03
        },
        "20052": {
            "year_quarter": 20052,
            "year": 2005,
            "quarter": 2,
            "eps": 0.85,
            "eps_growth_year": -2.3,
            "eps_4q": 4.29,
            "eps_4q_growth_year": 36.92,
            "roe": 5.08,
            "roe_4q": 28.82,
            "gross_profit": 1830364,
            "gross_margin": 14.91,
            "gross_margin_4q_avg": 16.01,
            "net_income": 1434187,
            "net_income_4q": null,
            "revenue": 12272258,
            "revenue_4q": null,
            "common_shares": 16789517,
            "book_valuer_per_share": 16.06,
            "book_valuer_per_share_4q_avg": 16.43,
            "equity": 26956968,
            "current_ratio": 149.18,
            "debt_ratio": 49.36,
            "inventory_turnover_ratio": null,
            "account_receivable_turnover_ratio": null,
            "reinvestment_rate": null,
            "research_to_sale_ratio": null,
            "price_fair": 123.09,
            "eps_avg_yearly": 3.52,
            "eps_latest_yearly": 3.4,
            "eps_growth_yearly": 67.63
        },
        "20053": {
            "year_quarter": 20053,
            "year": 2005,
            "quarter": 3,
            "eps": 0.67,
            "eps_growth_year": -51.09,
            "eps_4q": 3.4,
            "eps_4q_growth_year": -1.47,
            "roe": 4.43,
            "roe_4q": 23.5,
            "gross_profit": 1019100,
            "gross_margin": 7.97,
            "gross_margin_4q_avg": 14.48,
            "net_income": 1242760,
            "net_income_4q": null,
            "revenue": 12782555,
            "revenue_4q": null,
            "common_shares": 18700867,
            "book_valuer_per_share": 15.57,
            "book_valuer_per_share_4q_avg": 16.61,
            "equity": 29108415,
            "current_ratio": 176.07,
            "debt_ratio": 44.88,
            "inventory_turnover_ratio": null,
            "account_receivable_turnover_ratio": null,
            "reinvestment_rate": null,
            "research_to_sale_ratio": null,
            "price_fair": 121,
            "eps_avg_yearly": 3.46,
            "eps_latest_yearly": 2.68,
            "eps_growth_yearly": 56.75
        },
        "20054": {
            "year_quarter": 20054,
            "year": 2005,
            "quarter": 4,
            "eps": 0.69,
            "eps_growth_year": -48.89,
            "eps_4q": 2.92,
            "eps_4q_growth_year": -31.18,
            "roe": 4.3,
            "roe_4q": 19.09,
            "gross_profit": 264516,
            "gross_margin": 1.95,
            "gross_margin_4q_avg": 10.2,
            "net_income": 1282886,
            "net_income_4q": null,
            "revenue": 13585896,
            "revenue_4q": null,
            "common_shares": 18700867,
            "book_valuer_per_share": 16.33,
            "book_valuer_per_share_4q_avg": 16.6,
            "equity": 30596783,
            "current_ratio": 248.41,
            "debt_ratio": 61.25,
            "inventory_turnover_ratio": null,
            "account_receivable_turnover_ratio": null,
            "reinvestment_rate": 64.6,
            "research_to_sale_ratio": null,
            "price_fair": 119.37,
            "eps_avg_yearly": 3.41,
            "eps_latest_yearly": 2.76,
            "eps_growth_yearly": 53.76
        },
        "20061": {
            "year_quarter": 20061,
            "year": 2006,
            "quarter": 1,
            "eps": 0.68,
            "eps_growth_year": -21.84,
            "eps_4q": 2.81,
            "eps_4q_growth_year": -33.36,
            "roe": 4.07,
            "roe_4q": 17.880000000000003,
            "gross_profit": -3330,
            "gross_margin": -0.03,
            "gross_margin_4q_avg": 6.2,
            "net_income": 1262655,
            "net_income_4q": null,
            "revenue": 11914132,
            "revenue_4q": null,
            "common_shares": 18700867,
            "book_valuer_per_share": 16.81,
            "book_valuer_per_share_4q_avg": 16.19,
            "equity": 31439709,
            "current_ratio": 318.13,
            "debt_ratio": 43.15,
            "inventory_turnover_ratio": null,
            "account_receivable_turnover_ratio": null,
            "reinvestment_rate": -3.42,
            "research_to_sale_ratio": null,
            "price_fair": 117.86,
            "eps_avg_yearly": 3.37,
            "eps_latest_yearly": 2.72,
            "eps_growth_yearly": 50.04
        },
        "20062": {
            "year_quarter": 20062,
            "year": 2006,
            "quarter": 2,
            "eps": 0.68,
            "eps_growth_year": -20,
            "eps_4q": 2.72,
            "eps_4q_growth_year": -36.56,
            "roe": 4.17,
            "roe_4q": 16.97,
            "gross_profit": -178421,
            "gross_margin": -1.39,
            "gross_margin_4q_avg": 2.13,
            "net_income": 1262799,
            "net_income_4q": null,
            "revenue": 12866192,
            "revenue_4q": null,
            "common_shares": 18700867,
            "book_valuer_per_share": 15.6,
            "book_valuer_per_share_4q_avg": 16.08,
            "equity": 29172978,
            "current_ratio": 232.51,
            "debt_ratio": 48.06,
            "inventory_turnover_ratio": null,
            "account_receivable_turnover_ratio": null,
            "reinvestment_rate": -3.24,
            "research_to_sale_ratio": null,
            "price_fair": 83.31,
            "eps_avg_yearly": 3.31,
            "eps_latest_yearly": 2.72,
            "eps_growth_yearly": 15.17
        },
        "20063": {
            "year_quarter": 20063,
            "year": 2006,
            "quarter": 3,
            "eps": 0.27,
            "eps_growth_year": -59.7,
            "eps_4q": 2.14,
            "eps_4q_growth_year": -37.14,
            "roe": 1.87,
            "roe_4q": 14.41,
            "gross_profit": 410796,
            "gross_margin": 3.11,
            "gross_margin_4q_avg": 0.91,
            "net_income": 551166,
            "net_income_4q": null,
            "revenue": 13225664,
            "revenue_4q": null,
            "common_shares": 20570953,
            "book_valuer_per_share": 14.52,
            "book_valuer_per_share_4q_avg": 15.82,
            "equity": 29867377,
            "current_ratio": 265.54,
            "debt_ratio": 44.85,
            "inventory_turnover_ratio": null,
            "account_receivable_turnover_ratio": null,
            "reinvestment_rate": -0.06,
            "research_to_sale_ratio": null,
            "price_fair": 68.53,
            "eps_avg_yearly": 3.25,
            "eps_latest_yearly": 1.08,
            "eps_growth_yearly": 11.09
        },
        "20064": {
            "year_quarter": 20064,
            "year": 2006,
            "quarter": 4,
            "eps": 0.02,
            "eps_growth_year": -97.1,
            "eps_4q": 1.82,
            "eps_4q_growth_year": -37.46,
            "roe": 0.12,
            "roe_4q": 10.23,
            "gross_profit": 974052,
            "gross_margin": 7.47,
            "gross_margin_4q_avg": 2.29,
            "net_income": 34090,
            "net_income_4q": null,
            "revenue": 13037915,
            "revenue_4q": null,
            "common_shares": 20570954,
            "book_valuer_per_share": 14.21,
            "book_valuer_per_share_4q_avg": 15.29,
            "equity": 29273489,
            "current_ratio": 256.4,
            "debt_ratio": 62.52,
            "inventory_turnover_ratio": null,
            "account_receivable_turnover_ratio": null,
            "reinvestment_rate": 45.51,
            "research_to_sale_ratio": null,
            "price_fair": 9.16,
            "eps_avg_yearly": 3.05,
            "eps_latest_yearly": 0.08,
            "eps_growth_yearly": -26.77
        },
        "20071": {
            "year_quarter": 20071,
            "year": 2007,
            "quarter": 1,
            "eps": 0.71,
            "eps_growth_year": 4.41,
            "eps_4q": 1.61,
            "eps_4q_growth_year": -42.68,
            "roe": 4.84,
            "roe_4q": 11,
            "gross_profit": 669383,
            "gross_margin": 5.54,
            "gross_margin_4q_avg": 3.68,
            "net_income": 1454549,
            "net_income_4q": null,
            "revenue": 12093653,
            "revenue_4q": null,
            "common_shares": 20570954,
            "book_valuer_per_share": 15,
            "book_valuer_per_share_4q_avg": 14.83,
            "equity": 30866271,
            "current_ratio": 339.09,
            "debt_ratio": 42.06,
            "inventory_turnover_ratio": null,
            "account_receivable_turnover_ratio": null,
            "reinvestment_rate": -2.09,
            "research_to_sale_ratio": null,
            "price_fair": 107.8,
            "eps_avg_yearly": 3.08,
            "eps_latest_yearly": 2.84,
            "eps_growth_yearly": 842.21
        },
        "20072": {
            "year_quarter": 20072,
            "year": 2007,
            "quarter": 2,
            "eps": 0.06,
            "eps_growth_year": -91.18,
            "eps_4q": 1.03,
            "eps_4q_growth_year": -61.95,
            "roe": 0.42,
            "roe_4q": 7.25,
            "gross_profit": 997658,
            "gross_margin": 7.03,
            "gross_margin_4q_avg": 5.79,
            "net_income": 125539,
            "net_income_4q": null,
            "revenue": 14187352,
            "revenue_4q": null,
            "common_shares": 20573076,
            "book_valuer_per_share": 14,
            "book_valuer_per_share_4q_avg": 14.43,
            "equity": 28798927,
            "current_ratio": 249.57,
            "debt_ratio": 46.4,
            "inventory_turnover_ratio": null,
            "account_receivable_turnover_ratio": null,
            "reinvestment_rate": -0.41,
            "research_to_sale_ratio": null,
            "price_fair": 99.23,
            "eps_avg_yearly": 2.84,
            "eps_latest_yearly": 0.24,
            "eps_growth_yearly": 800.99
        },
        "20073": {
            "year_quarter": 20073,
            "year": 2007,
            "quarter": 3,
            "eps": 1.52,
            "eps_growth_year": 462.96,
            "eps_4q": 2.3,
            "eps_4q_growth_year": 7.86,
            "roe": 10.24,
            "roe_4q": 15.62,
            "gross_profit": 1163285,
            "gross_margin": 7.22,
            "gross_margin_4q_avg": 6.82,
            "net_income": 3131596,
            "net_income_4q": null,
            "revenue": 16119489,
            "revenue_4q": null,
            "common_shares": 20682270,
            "book_valuer_per_share": 15.66,
            "book_valuer_per_share_4q_avg": 14.72,
            "equity": 32380547,
            "current_ratio": 278.49,
            "debt_ratio": 41.46,
            "inventory_turnover_ratio": null,
            "account_receivable_turnover_ratio": null,
            "reinvestment_rate": -2.38,
            "research_to_sale_ratio": null,
            "price_fair": 104.3,
            "eps_avg_yearly": 2.98,
            "eps_latest_yearly": 6.08,
            "eps_growth_yearly": 1411.73
        },
        "20074": {
            "year_quarter": 20074,
            "year": 2007,
            "quarter": 4,
            "eps": 0.76,
            "eps_growth_year": 3700,
            "eps_4q": 3.04,
            "eps_4q_growth_year": 66.55,
            "roe": 4.75,
            "roe_4q": 20.25,
            "gross_profit": 539463,
            "gross_margin": 3.2,
            "gross_margin_4q_avg": 5.75,
            "net_income": 1570860,
            "net_income_4q": null,
            "revenue": 16878477,
            "revenue_4q": null,
            "common_shares": 20722915,
            "book_valuer_per_share": 16.3,
            "book_valuer_per_share_4q_avg": 15.24,
            "equity": 33819922,
            "current_ratio": 159.76,
            "debt_ratio": 60.69,
            "inventory_turnover_ratio": null,
            "account_receivable_turnover_ratio": null,
            "reinvestment_rate": 88.69,
            "research_to_sale_ratio": null,
            "price_fair": 106.05,
            "eps_avg_yearly": 3.03,
            "eps_latest_yearly": 3.04,
            "eps_growth_yearly": 1409.34
        },
        "20081": {
            "year_quarter": 20081,
            "year": 2008,
            "quarter": 1,
            "eps": -0.05,
            "eps_growth_year": -107.04,
            "eps_4q": 2.28,
            "eps_4q_growth_year": 41.57,
            "roe": -0.31,
            "roe_4q": 15.1,
            "gross_profit": 2068599,
            "gross_margin": 12.06,
            "gross_margin_4q_avg": 7.38,
            "net_income": -103497,
            "net_income_4q": null,
            "revenue": 17146527,
            "revenue_4q": null,
            "common_shares": 20783578,
            "book_valuer_per_share": 16.01,
            "book_valuer_per_share_4q_avg": 15.49,
            "equity": 33315841,
            "current_ratio": 142.51,
            "debt_ratio": 60.56,
            "inventory_turnover_ratio": null,
            "account_receivable_turnover_ratio": null,
            "reinvestment_rate": 170.08,
            "research_to_sale_ratio": null,
            "price_fair": 106.12,
            "eps_avg_yearly": 3.03,
            "eps_latest_yearly": 3.04,
            "eps_growth_yearly": 1494.24
        },
        "20082": {
            "year_quarter": 20082,
            "year": 2008,
            "quarter": 2,
            "eps": 0.54,
            "eps_growth_year": 800,
            "eps_4q": 2.74,
            "eps_4q_growth_year": 164.45,
            "roe": 3.61,
            "roe_4q": 18.29,
            "gross_profit": 1905816,
            "gross_margin": 10.5,
            "gross_margin_4q_avg": 8.25,
            "net_income": 1129066,
            "net_income_4q": null,
            "revenue": 18145933,
            "revenue_4q": null,
            "common_shares": 20783578,
            "book_valuer_per_share": 14.02,
            "book_valuer_per_share_4q_avg": 15.5,
            "equity": 29253439,
            "current_ratio": 103.44,
            "debt_ratio": 63.52,
            "inventory_turnover_ratio": null,
            "account_receivable_turnover_ratio": null,
            "reinvestment_rate": 178.56,
            "research_to_sale_ratio": null,
            "price_fair": 105,
            "eps_avg_yearly": 3,
            "eps_latest_yearly": 3.04,
            "eps_growth_yearly": 1596.4
        },
        "20083": {
            "year_quarter": 20083,
            "year": 2008,
            "quarter": 3,
            "eps": 0.31,
            "eps_growth_year": -79.61,
            "eps_4q": 1.48,
            "eps_4q_growth_year": -35.7,
            "roe": 2.32,
            "roe_4q": 10.370000000000001,
            "gross_profit": 786578,
            "gross_margin": 4.9,
            "gross_margin_4q_avg": 7.67,
            "net_income": 684349,
            "net_income_4q": null,
            "revenue": 16036872,
            "revenue_4q": null,
            "common_shares": 21822757,
            "book_valuer_per_share": 13.57,
            "book_valuer_per_share_4q_avg": 14.98,
            "equity": 29769346,
            "current_ratio": 144.78,
            "debt_ratio": 59.01,
            "inventory_turnover_ratio": null,
            "account_receivable_turnover_ratio": null,
            "reinvestment_rate": 149.58,
            "research_to_sale_ratio": null,
            "price_fair": 94.4,
            "eps_avg_yearly": 2.7,
            "eps_latest_yearly": 1.24,
            "eps_growth_yearly": 1567.81
        },
        "20084": {
            "year_quarter": 20084,
            "year": 2008,
            "quarter": 4,
            "eps": -0.78,
            "eps_growth_year": -202.63,
            "eps_4q": 0,
            "eps_4q_growth_year": -99.92,
            "roe": -5.85,
            "roe_4q": -0.22999999999999993,
            "gross_profit": 388985,
            "gross_margin": 2.65,
            "gross_margin_4q_avg": 7.53,
            "net_income": -1682962,
            "net_income_4q": null,
            "revenue": 14673872,
            "revenue_4q": null,
            "common_shares": 21557513,
            "book_valuer_per_share": 12.82,
            "book_valuer_per_share_4q_avg": 14.11,
            "equity": 27770883,
            "current_ratio": 121.64,
            "debt_ratio": 59.94,
            "inventory_turnover_ratio": null,
            "account_receivable_turnover_ratio": 14.88,
            "reinvestment_rate": 78.69,
            "research_to_sale_ratio": null,
            "price_fair": 87.12,
            "eps_avg_yearly": 2.49,
            "eps_latest_yearly": 1.24,
            "eps_growth_yearly": 1688.86
        },
        "20091": {
            "year_quarter": 20091,
            "year": 2009,
            "quarter": 1,
            "eps": -0.07,
            "eps_growth_year": null,
            "eps_4q": -0.02,
            "eps_4q_growth_year": -100.82,
            "roe": -0.53,
            "roe_4q": -0.4500000000000006,
            "gross_profit": -429176,
            "gross_margin": -3.95,
            "gross_margin_4q_avg": 3.53,
            "net_income": -148226,
            "net_income_4q": null,
            "revenue": 10877487,
            "revenue_4q": null,
            "common_shares": 21466063,
            "book_valuer_per_share": 12.84,
            "book_valuer_per_share_4q_avg": 13.31,
            "equity": 27697447,
            "current_ratio": 134.59,
            "debt_ratio": 59.53,
            "inventory_turnover_ratio": null,
            "account_receivable_turnover_ratio": 5.96,
            "reinvestment_rate": 210.97,
            "research_to_sale_ratio": null,
            "price_fair": 84.23,
            "eps_avg_yearly": 2.41,
            "eps_latest_yearly": 1.24,
            "eps_growth_yearly": 1841.46
        },
        "20092": {
            "year_quarter": 20092,
            "year": 2009,
            "quarter": 2,
            "eps": -0.5,
            "eps_growth_year": -192.59,
            "eps_4q": -1.05,
            "eps_4q_growth_year": -138.3,
            "roe": -3.87,
            "roe_4q": -7.93,
            "gross_profit": 689055,
            "gross_margin": 6.01,
            "gross_margin_4q_avg": 2.4,
            "net_income": -1055261,
            "net_income_4q": null,
            "revenue": 11467170,
            "revenue_4q": null,
            "common_shares": 21175333,
            "book_valuer_per_share": 12.61,
            "book_valuer_per_share_4q_avg": 12.96,
            "equity": 26857462,
            "current_ratio": 126.04,
            "debt_ratio": 58.43,
            "inventory_turnover_ratio": null,
            "account_receivable_turnover_ratio": 7.12,
            "reinvestment_rate": 252.31,
            "research_to_sale_ratio": null,
            "price_fair": 81.07,
            "eps_avg_yearly": 2.32,
            "eps_latest_yearly": 1.24,
            "eps_growth_yearly": 2009.7
        },
        "20093": {
            "year_quarter": 20093,
            "year": 2009,
            "quarter": 3,
            "eps": -0.63,
            "eps_growth_year": -303.23,
            "eps_4q": -2,
            "eps_4q_growth_year": -235.07,
            "roe": -5.05,
            "roe_4q": -15.299999999999999,
            "gross_profit": 1054065,
            "gross_margin": 8.5,
            "gross_margin_4q_avg": 3.3,
            "net_income": -1324712,
            "net_income_4q": null,
            "revenue": 12399894,
            "revenue_4q": null,
            "common_shares": 21126643,
            "book_valuer_per_share": 12.05,
            "book_valuer_per_share_4q_avg": 12.58,
            "equity": 25596630,
            "current_ratio": 130.79,
            "debt_ratio": 60.14,
            "inventory_turnover_ratio": null,
            "account_receivable_turnover_ratio": 7.8,
            "reinvestment_rate": 316.2,
            "research_to_sale_ratio": null,
            "price_fair": 79.8,
            "eps_avg_yearly": 2.28,
            "eps_latest_yearly": 1.24,
            "eps_growth_yearly": 2219.14
        },
        "20094": {
            "year_quarter": 20094,
            "year": 2009,
            "quarter": 4,
            "eps": 0.42,
            "eps_growth_year": null,
            "eps_4q": -0.77,
            "eps_4q_growth_year": -31641.81,
            "roe": 3.45,
            "roe_4q": -6,
            "gross_profit": 1265770,
            "gross_margin": 9.32,
            "gross_margin_4q_avg": 4.97,
            "net_income": 898277,
            "net_income_4q": null,
            "revenue": 13586852,
            "revenue_4q": null,
            "common_shares": 21126643,
            "book_valuer_per_share": 12.44,
            "book_valuer_per_share_4q_avg": 12.49,
            "equity": 26435119,
            "current_ratio": 145.73,
            "debt_ratio": 58.69,
            "inventory_turnover_ratio": 23.97,
            "account_receivable_turnover_ratio": 13.45,
            "reinvestment_rate": 54.76,
            "research_to_sale_ratio": null,
            "price_fair": 77.93,
            "eps_avg_yearly": 2.23,
            "eps_latest_yearly": 1.24,
            "eps_growth_yearly": 2464.38
        },
        "20101": {
            "year_quarter": 20101,
            "year": 2010,
            "quarter": 1,
            "eps": -0.02,
            "eps_growth_year": null,
            "eps_4q": -0.72,
            "eps_4q_growth_year": null,
            "roe": -0.12,
            "roe_4q": -5.59,
            "gross_profit": 2119442,
            "gross_margin": 15.27,
            "gross_margin_4q_avg": 9.78,
            "net_income": -31790,
            "net_income_4q": null,
            "revenue": 13878721,
            "revenue_4q": null,
            "common_shares": 21126643,
            "book_valuer_per_share": 12.36,
            "book_valuer_per_share_4q_avg": 12.37,
            "equity": 26257700,
            "current_ratio": 170.44,
            "debt_ratio": 58.66,
            "inventory_turnover_ratio": 11.07,
            "account_receivable_turnover_ratio": 6.38,
            "reinvestment_rate": 406.03,
            "research_to_sale_ratio": null,
            "price_fair": 75.78,
            "eps_avg_yearly": 2.17,
            "eps_latest_yearly": 1.24,
            "eps_growth_yearly": 2773.15
        },
        "20102": {
            "year_quarter": 20102,
            "year": 2010,
            "quarter": 2,
            "eps": 0.8,
            "eps_growth_year": null,
            "eps_4q": 0.58,
            "eps_4q_growth_year": null,
            "roe": 6.27,
            "roe_4q": 4.55,
            "gross_profit": 3924716,
            "gross_margin": 22.78,
            "gross_margin_4q_avg": 13.97,
            "net_income": 1707209,
            "net_income_4q": null,
            "revenue": 17229990,
            "revenue_4q": null,
            "common_shares": 21126643,
            "book_valuer_per_share": 13.27,
            "book_valuer_per_share_4q_avg": 12.53,
            "equity": 28192371,
            "current_ratio": 156.79,
            "debt_ratio": 56.12,
            "inventory_turnover_ratio": 10.99,
            "account_receivable_turnover_ratio": 6.64,
            "reinvestment_rate": 390.51,
            "research_to_sale_ratio": null,
            "price_fair": 73,
            "eps_avg_yearly": 2.09,
            "eps_latest_yearly": 1.24,
            "eps_growth_yearly": 3169.32
        },
        "20103": {
            "year_quarter": 20103,
            "year": 2010,
            "quarter": 3,
            "eps": 1.41,
            "eps_growth_year": null,
            "eps_4q": 2.62,
            "eps_4q_growth_year": null,
            "roe": 9.97,
            "roe_4q": 19.57,
            "gross_profit": 4996138,
            "gross_margin": 25.37,
            "gross_margin_4q_avg": 18.19,
            "net_income": 2975056,
            "net_income_4q": null,
            "revenue": 19689272,
            "revenue_4q": null,
            "common_shares": 21126643,
            "book_valuer_per_share": 14.82,
            "book_valuer_per_share_4q_avg": 13.22,
            "equity": 31463051,
            "current_ratio": 191.47,
            "debt_ratio": 53.39,
            "inventory_turnover_ratio": 11.24,
            "account_receivable_turnover_ratio": 6.27,
            "reinvestment_rate": 268.62,
            "research_to_sale_ratio": null,
            "price_fair": 95.8,
            "eps_avg_yearly": 2.74,
            "eps_latest_yearly": 5.64,
            "eps_growth_yearly": 3247.34
        },
        "20104": {
            "year_quarter": 20104,
            "year": 2010,
            "quarter": 4,
            "eps": 0.38,
            "eps_growth_year": -8.64,
            "eps_4q": 2.58,
            "eps_4q_growth_year": null,
            "roe": 2.55,
            "roe_4q": 18.669999999999998,
            "gross_profit": 3113919,
            "gross_margin": 16.96,
            "gross_margin_4q_avg": 20.1,
            "net_income": 810986,
            "net_income_4q": null,
            "revenue": 18365006,
            "revenue_4q": null,
            "common_shares": 21126643,
            "book_valuer_per_share": 15.12,
            "book_valuer_per_share_4q_avg": 13.89,
            "equity": 32101962,
            "current_ratio": 193.16,
            "debt_ratio": 51.94,
            "inventory_turnover_ratio": 11.58,
            "account_receivable_turnover_ratio": 5.54,
            "reinvestment_rate": -14.56,
            "research_to_sale_ratio": null,
            "price_fair": 103,
            "eps_avg_yearly": 2.94,
            "eps_latest_yearly": 1.52,
            "eps_growth_yearly": 3258.51
        },
        "20111": {
            "year_quarter": 20111,
            "year": 2011,
            "quarter": 1,
            "eps": 0.17,
            "eps_growth_year": null,
            "eps_4q": 2.77,
            "eps_4q_growth_year": null,
            "roe": 1.11,
            "roe_4q": 19.9,
            "gross_profit": 1420258,
            "gross_margin": 8.63,
            "gross_margin_4q_avg": 18.44,
            "net_income": 357525,
            "net_income_4q": null,
            "revenue": 16465715,
            "revenue_4q": null,
            "common_shares": 21126643,
            "book_valuer_per_share": 15.14,
            "book_valuer_per_share_4q_avg": 14.59,
            "equity": 32132719,
            "current_ratio": 187.8,
            "debt_ratio": 53.45,
            "inventory_turnover_ratio": 9.06,
            "account_receivable_turnover_ratio": 5.37,
            "reinvestment_rate": 288.11,
            "research_to_sale_ratio": null,
            "price_fair": 92.2,
            "eps_avg_yearly": 2.63,
            "eps_latest_yearly": 0.68,
            "eps_growth_yearly": 1255.5
        },
        "20112": {
            "year_quarter": 20112,
            "year": 2011,
            "quarter": 2,
            "eps": -0.13,
            "eps_growth_year": -116.31,
            "eps_4q": 1.74,
            "eps_4q_growth_year": 198.22,
            "roe": -0.91,
            "roe_4q": 12.72,
            "gross_profit": 795946,
            "gross_margin": 4.57,
            "gross_margin_4q_avg": 13.88,
            "net_income": -280424,
            "net_income_4q": null,
            "revenue": 17415382,
            "revenue_4q": null,
            "common_shares": 21126643,
            "book_valuer_per_share": 13.88,
            "book_valuer_per_share_4q_avg": 14.74,
            "equity": 29468795,
            "current_ratio": 234.95,
            "debt_ratio": 57.94,
            "inventory_turnover_ratio": 9.27,
            "account_receivable_turnover_ratio": 6.06,
            "reinvestment_rate": 284.41,
            "research_to_sale_ratio": null,
            "price_fair": 106.17,
            "eps_avg_yearly": 3.03,
            "eps_latest_yearly": 0.68,
            "eps_growth_yearly": 1525.79
        },
        "20113": {
            "year_quarter": 20113,
            "year": 2011,
            "quarter": 3,
            "eps": 0.22,
            "eps_growth_year": -84.71,
            "eps_4q": 0.61,
            "eps_4q_growth_year": -76.53,
            "roe": 1.64,
            "roe_4q": 4.39,
            "gross_profit": 279254,
            "gross_margin": 1.68,
            "gross_margin_4q_avg": 7.96,
            "net_income": 486218,
            "net_income_4q": null,
            "revenue": 16615795,
            "revenue_4q": null,
            "common_shares": 22182975,
            "book_valuer_per_share": 13.45,
            "book_valuer_per_share_4q_avg": 14.4,
            "equity": 30008135,
            "current_ratio": 270.14,
            "debt_ratio": 60.28,
            "inventory_turnover_ratio": 10.62,
            "account_receivable_turnover_ratio": 5.62,
            "reinvestment_rate": 421.63,
            "research_to_sale_ratio": null,
            "price_fair": 7.27,
            "eps_avg_yearly": 2.42,
            "eps_latest_yearly": 0.68,
            "eps_growth_yearly": -115.72
        },
        "20114": {
            "year_quarter": 20114,
            "year": 2011,
            "quarter": 4,
            "eps": -0.24,
            "eps_growth_year": -162.62,
            "eps_4q": 0.01,
            "eps_4q_growth_year": -99.64,
            "roe": -1.8,
            "roe_4q": 0.039999999999999813,
            "gross_profit": -34970,
            "gross_margin": -0.21,
            "gross_margin_4q_avg": 3.67,
            "net_income": -531011,
            "net_income_4q": null,
            "revenue": 16327922,
            "revenue_4q": null,
            "common_shares": 22182975,
            "book_valuer_per_share": 13.05,
            "book_valuer_per_share_4q_avg": 13.88,
            "equity": 29113234,
            "current_ratio": 266.82,
            "debt_ratio": 60.09,
            "inventory_turnover_ratio": 11.3,
            "account_receivable_turnover_ratio": 5.32,
            "reinvestment_rate": -238.02,
            "research_to_sale_ratio": null,
            "price_fair": 6.81,
            "eps_avg_yearly": 2.27,
            "eps_latest_yearly": 0.68,
            "eps_growth_yearly": -94.66
        },
        "20121": {
            "year_quarter": 20121,
            "year": 2012,
            "quarter": 1,
            "eps": -0.17,
            "eps_growth_year": -200,
            "eps_4q": -0.32,
            "eps_4q_growth_year": -111.63,
            "roe": -1.31,
            "roe_4q": -2.3800000000000003,
            "gross_profit": 546136,
            "gross_margin": 3.73,
            "gross_margin_4q_avg": 2.44,
            "net_income": -379065,
            "net_income_4q": null,
            "revenue": 14650904,
            "revenue_4q": null,
            "common_shares": 22182975,
            "book_valuer_per_share": 12.8,
            "book_valuer_per_share_4q_avg": 13.3,
            "equity": 28555523,
            "current_ratio": 261.94,
            "debt_ratio": 60.12,
            "inventory_turnover_ratio": 8.78,
            "account_receivable_turnover_ratio": 4.74,
            "reinvestment_rate": -272.09,
            "research_to_sale_ratio": null,
            "price_fair": 6.81,
            "eps_avg_yearly": 2.27,
            "eps_latest_yearly": 0.68,
            "eps_growth_yearly": -94.66
        },
        "20122": {
            "year_quarter": 20122,
            "year": 2012,
            "quarter": 2,
            "eps": 0.53,
            "eps_growth_year": null,
            "eps_4q": 0.34,
            "eps_4q_growth_year": -80.72,
            "roe": 4,
            "roe_4q": 2.53,
            "gross_profit": 2141920,
            "gross_margin": 13.32,
            "gross_margin_4q_avg": 4.63,
            "net_income": 1167329,
            "net_income_4q": null,
            "revenue": 16083192,
            "revenue_4q": null,
            "common_shares": 22182975,
            "book_valuer_per_share": 13.34,
            "book_valuer_per_share_4q_avg": 13.16,
            "equity": 29741870,
            "current_ratio": 300.32,
            "debt_ratio": 60.87,
            "inventory_turnover_ratio": 9,
            "account_receivable_turnover_ratio": 5.15,
            "reinvestment_rate": -208.35,
            "research_to_sale_ratio": null,
            "price_fair": 6.81,
            "eps_avg_yearly": 2.27,
            "eps_latest_yearly": 0.68,
            "eps_growth_yearly": -94.66
        },
        "20123": {
            "year_quarter": 20123,
            "year": 2012,
            "quarter": 3,
            "eps": 0.29,
            "eps_growth_year": 34.47,
            "eps_4q": 0.41,
            "eps_4q_growth_year": -33.36,
            "roe": 2.17,
            "roe_4q": 3.0599999999999996,
            "gross_profit": 1821229,
            "gross_margin": 10.88,
            "gross_margin_4q_avg": 6.93,
            "net_income": 653134,
            "net_income_4q": null,
            "revenue": 16737405,
            "revenue_4q": null,
            "common_shares": 22182975,
            "book_valuer_per_share": 13.6,
            "book_valuer_per_share_4q_avg": 13.2,
            "equity": 30333493,
            "current_ratio": 281.85,
            "debt_ratio": 61.87,
            "inventory_turnover_ratio": 10.57,
            "account_receivable_turnover_ratio": 5.33,
            "reinvestment_rate": -0.33,
            "research_to_sale_ratio": null,
            "price_fair": 6.75,
            "eps_avg_yearly": 2.25,
            "eps_latest_yearly": 1.16,
            "eps_growth_yearly": -97.35
        },
        "20124": {
            "year_quarter": 20124,
            "year": 2012,
            "quarter": 4,
            "eps": 0.17,
            "eps_growth_year": null,
            "eps_4q": 0.82,
            "eps_4q_growth_year": 8903.88,
            "roe": 1.28,
            "roe_4q": 6.140000000000001,
            "gross_profit": 1380236,
            "gross_margin": 9.11,
            "gross_margin_4q_avg": 9.26,
            "net_income": 390739,
            "net_income_4q": null,
            "revenue": 15143723,
            "revenue_4q": null,
            "common_shares": 22182975,
            "book_valuer_per_share": 13.74,
            "book_valuer_per_share_4q_avg": 13.37,
            "equity": 30637529,
            "current_ratio": 283.47,
            "debt_ratio": 60.72,
            "inventory_turnover_ratio": 9.98,
            "account_receivable_turnover_ratio": 5.36,
            "reinvestment_rate": 25.5,
            "research_to_sale_ratio": null,
            "price_fair": 5.81,
            "eps_avg_yearly": 1.94,
            "eps_latest_yearly": 0.68,
            "eps_growth_yearly": -110.98
        },
        "20131": {
            "year_quarter": 20131,
            "year": 2013,
            "quarter": 1,
            "eps": 0.05,
            "eps_growth_year": null,
            "eps_4q": 1.05,
            "eps_4q_growth_year": null,
            "roe": 0.37,
            "roe_4q": 7.82,
            "gross_profit": 747605,
            "gross_margin": 5.39,
            "gross_margin_4q_avg": 9.68,
            "net_income": 113322,
            "net_income_4q": null,
            "revenue": 13869152,
            "revenue_4q": null,
            "common_shares": 22182975,
            "book_valuer_per_share": 13.8,
            "book_valuer_per_share_4q_avg": 13.62,
            "equity": 30771198,
            "current_ratio": 251.76,
            "debt_ratio": 60.68,
            "inventory_turnover_ratio": 9.86,
            "account_receivable_turnover_ratio": 5.31,
            "reinvestment_rate": 38.87,
            "research_to_sale_ratio": null,
            "price_fair": 4.94,
            "eps_avg_yearly": 1.65,
            "eps_latest_yearly": 0.2,
            "eps_growth_yearly": -139.54
        },
        "20132": {
            "year_quarter": 20132,
            "year": 2013,
            "quarter": 2,
            "eps": 0.19,
            "eps_growth_year": -63.91,
            "eps_4q": 0.71,
            "eps_4q_growth_year": 112.3,
            "roe": 1.45,
            "roe_4q": 5.27,
            "gross_profit": 1287914,
            "gross_margin": 8.72,
            "gross_margin_4q_avg": 8.53,
            "net_income": 438590,
            "net_income_4q": null,
            "revenue": 14776963,
            "revenue_4q": null,
            "common_shares": 22182975,
            "book_valuer_per_share": 13.26,
            "book_valuer_per_share_4q_avg": 13.6,
            "equity": 29579004,
            "current_ratio": 201.03,
            "debt_ratio": 62.26,
            "inventory_turnover_ratio": 10.27,
            "account_receivable_turnover_ratio": 5.18,
            "reinvestment_rate": 110.28,
            "research_to_sale_ratio": null,
            "price_fair": 53.2,
            "eps_avg_yearly": 1.52,
            "eps_latest_yearly": 0.76,
            "eps_growth_yearly": 40.39
        },
        "20133": {
            "year_quarter": 20133,
            "year": 2013,
            "quarter": 3,
            "eps": 0.15,
            "eps_growth_year": -48.17,
            "eps_4q": 0.57,
            "eps_4q_growth_year": 39.47,
            "roe": 1.18,
            "roe_4q": 4.28,
            "gross_profit": 1521323,
            "gross_margin": 9.68,
            "gross_margin_4q_avg": 8.23,
            "net_income": 348487,
            "net_income_4q": null,
            "revenue": 15712650,
            "revenue_4q": null,
            "common_shares": 22182975,
            "book_valuer_per_share": 13.32,
            "book_valuer_per_share_4q_avg": 13.53,
            "equity": 29717571,
            "current_ratio": 231.54,
            "debt_ratio": 61.09,
            "inventory_turnover_ratio": 10.62,
            "account_receivable_turnover_ratio": 5.39,
            "reinvestment_rate": 89.37,
            "research_to_sale_ratio": null,
            "price_fair": 48.92,
            "eps_avg_yearly": 1.41,
            "eps_latest_yearly": 0.6,
            "eps_growth_yearly": 24.82
        },
        "20134": {
            "year_quarter": 20134,
            "year": 2013,
            "quarter": 4,
            "eps": 0.56,
            "eps_growth_year": 222.91,
            "eps_4q": 0.96,
            "eps_4q_growth_year": 16.45,
            "roe": 4.08,
            "roe_4q": 7.08,
            "gross_profit": 1927355,
            "gross_margin": 12.57,
            "gross_margin_4q_avg": 9.09,
            "net_income": 1243783,
            "net_income_4q": null,
            "revenue": 15329740,
            "revenue_4q": null,
            "common_shares": 22182975,
            "book_valuer_per_share": 13.98,
            "book_valuer_per_share_4q_avg": 13.59,
            "equity": 31189340,
            "current_ratio": 222.87,
            "debt_ratio": 60.31,
            "inventory_turnover_ratio": 9.57,
            "account_receivable_turnover_ratio": 5.27,
            "reinvestment_rate": 79.08,
            "research_to_sale_ratio": null,
            "price_fair": 52.42,
            "eps_avg_yearly": 1.5,
            "eps_latest_yearly": 2.24,
            "eps_growth_yearly": 143.54
        },
        "20141": {
            "year_quarter": 20141,
            "year": 2014,
            "quarter": 1,
            "eps": 0.3,
            "eps_growth_year": 500,
            "eps_4q": 1.2,
            "eps_4q_growth_year": 14.58,
            "roe": 2.07,
            "roe_4q": 8.78,
            "gross_profit": 1367498,
            "gross_margin": 9.27,
            "gross_margin_4q_avg": 10.06,
            "net_income": 656568,
            "net_income_4q": null,
            "revenue": 14754387,
            "revenue_4q": null,
            "common_shares": 22182975,
            "book_valuer_per_share": 14.4,
            "book_valuer_per_share_4q_avg": 13.74,
            "equity": 32126150,
            "current_ratio": 254.81,
            "debt_ratio": 58.12,
            "inventory_turnover_ratio": 10.59,
            "account_receivable_turnover_ratio": 5.09,
            "reinvestment_rate": 88.45,
            "research_to_sale_ratio": null,
            "price_fair": 51.38,
            "eps_avg_yearly": 1.47,
            "eps_latest_yearly": 1.2,
            "eps_growth_yearly": 110.62
        },
        "20142": {
            "year_quarter": 20142,
            "year": 2014,
            "quarter": 2,
            "eps": 0.49,
            "eps_growth_year": 157.89,
            "eps_4q": 1.49,
            "eps_4q_growth_year": 109.4,
            "roe": 3.47,
            "roe_4q": 10.8,
            "gross_profit": 2450211,
            "gross_margin": 14.71,
            "gross_margin_4q_avg": 11.56,
            "net_income": 1100418,
            "net_income_4q": null,
            "revenue": 16656330,
            "revenue_4q": null,
            "common_shares": 22182975,
            "book_valuer_per_share": 14.01,
            "book_valuer_per_share_4q_avg": 13.93,
            "equity": 31281249,
            "current_ratio": 151.27,
            "debt_ratio": 59.77,
            "inventory_turnover_ratio": 10.86,
            "account_receivable_turnover_ratio": 5.45,
            "reinvestment_rate": 78.03,
            "research_to_sale_ratio": null,
            "price_fair": 52.95,
            "eps_avg_yearly": 1.51,
            "eps_latest_yearly": 1.96,
            "eps_growth_yearly": 123.59
        },
        "20143": {
            "year_quarter": 20143,
            "year": 2014,
            "quarter": 3,
            "eps": 0.82,
            "eps_growth_year": 446.67,
            "eps_4q": 2.16,
            "eps_4q_growth_year": 277.85,
            "roe": 5.66,
            "roe_4q": 15.280000000000001,
            "gross_profit": 2623471,
            "gross_margin": 14.9,
            "gross_margin_4q_avg": 12.86,
            "net_income": 1827924,
            "net_income_4q": null,
            "revenue": 17608270,
            "revenue_4q": null,
            "common_shares": 22182975,
            "book_valuer_per_share": 14.92,
            "book_valuer_per_share_4q_avg": 14.33,
            "equity": 33312729,
            "current_ratio": 164.33,
            "debt_ratio": 58.47,
            "inventory_turnover_ratio": 9.65,
            "account_receivable_turnover_ratio": 5.31,
            "reinvestment_rate": 103.48,
            "research_to_sale_ratio": null,
            "price_fair": 45.44,
            "eps_avg_yearly": 1.3,
            "eps_latest_yearly": 3.28,
            "eps_growth_yearly": 120.35
        },
        "20144": {
            "year_quarter": 20144,
            "year": 2014,
            "quarter": 4,
            "eps": 0.77,
            "eps_growth_year": 37.2,
            "eps_4q": 2.37,
            "eps_4q_growth_year": 146.77,
            "roe": 5.01,
            "roe_4q": 16.21,
            "gross_profit": 2702473,
            "gross_margin": 15.05,
            "gross_margin_4q_avg": 13.48,
            "net_income": 1732684,
            "net_income_4q": null,
            "revenue": 17955257,
            "revenue_4q": null,
            "common_shares": 22182975,
            "book_valuer_per_share": 16.05,
            "book_valuer_per_share_4q_avg": 14.85,
            "equity": 35847980,
            "current_ratio": 171.86,
            "debt_ratio": 57.94,
            "inventory_turnover_ratio": 11.08,
            "account_receivable_turnover_ratio": 5.16,
            "reinvestment_rate": 136.6,
            "research_to_sale_ratio": null,
            "price_fair": 50.4,
            "eps_avg_yearly": 1.44,
            "eps_latest_yearly": 3.08,
            "eps_growth_yearly": 144.7
        },
        "20151": {
            "year_quarter": 20151,
            "year": 2015,
            "quarter": 1,
            "eps": 0.93,
            "eps_growth_year": 210,
            "eps_4q": 3.01,
            "eps_4q_growth_year": 150.89,
            "roe": 5.64,
            "roe_4q": 19.779999999999998,
            "gross_profit": 3431321,
            "gross_margin": 20,
            "gross_margin_4q_avg": 16.17,
            "net_income": 2075830,
            "net_income_4q": null,
            "revenue": 17160678,
            "revenue_4q": null,
            "common_shares": 22182975,
            "book_valuer_per_share": 16.94,
            "book_valuer_per_share_4q_avg": 15.48,
            "equity": 37824406,
            "current_ratio": 187.06,
            "debt_ratio": 57.26,
            "inventory_turnover_ratio": 13.03,
            "account_receivable_turnover_ratio": 5.42,
            "reinvestment_rate": 103.25,
            "research_to_sale_ratio": null,
            "price_fair": 60.07,
            "eps_avg_yearly": 1.72,
            "eps_latest_yearly": 3.72,
            "eps_growth_yearly": 172.35
        },
        "20152": {
            "year_quarter": 20152,
            "year": 2015,
            "quarter": 2,
            "eps": 0.49,
            "eps_growth_year": 0,
            "eps_4q": 3.01,
            "eps_4q_growth_year": 101.94,
            "roe": 3.03,
            "roe_4q": 19.34,
            "gross_profit": 2283937,
            "gross_margin": 13.84,
            "gross_margin_4q_avg": 15.95,
            "net_income": 1088451,
            "net_income_4q": null,
            "revenue": 16497410,
            "revenue_4q": null,
            "common_shares": 22182975,
            "book_valuer_per_share": 15.28,
            "book_valuer_per_share_4q_avg": 15.8,
            "equity": 34132931,
            "current_ratio": 156.75,
            "debt_ratio": 58.88,
            "inventory_turnover_ratio": 13.35,
            "account_receivable_turnover_ratio": 6.16,
            "reinvestment_rate": 86.92,
            "research_to_sale_ratio": null,
            "price_fair": 60.78,
            "eps_avg_yearly": 1.74,
            "eps_latest_yearly": 1.96,
            "eps_growth_yearly": 142.22
        },
        "20153": {
            "year_quarter": 20153,
            "year": 2015,
            "quarter": 3,
            "eps": 0.48,
            "eps_growth_year": -41.46,
            "eps_4q": 2.67,
            "eps_4q_growth_year": 23.75,
            "roe": 3,
            "roe_4q": 16.68,
            "gross_profit": 1072861,
            "gross_margin": 7.02,
            "gross_margin_4q_avg": 13.98,
            "net_income": 1051790,
            "net_income_4q": null,
            "revenue": 15272014,
            "revenue_4q": null,
            "common_shares": 22182975,
            "book_valuer_per_share": 16.13,
            "book_valuer_per_share_4q_avg": 16.1,
            "equity": 35966480,
            "current_ratio": 161.81,
            "debt_ratio": 55.89,
            "inventory_turnover_ratio": 14.93,
            "account_receivable_turnover_ratio": 6.12,
            "reinvestment_rate": 94.61,
            "research_to_sale_ratio": null,
            "price_fair": 61.28,
            "eps_avg_yearly": 1.75,
            "eps_latest_yearly": 1.92,
            "eps_growth_yearly": 130.65
        },
        "20154": {
            "year_quarter": 20154,
            "year": 2015,
            "quarter": 4,
            "eps": -0.12,
            "eps_growth_year": -115.91,
            "eps_4q": 1.78,
            "eps_4q_growth_year": -24.96,
            "roe": -0.79,
            "roe_4q": 10.879999999999999,
            "gross_profit": 1225250,
            "gross_margin": 8.21,
            "gross_margin_4q_avg": 12.27,
            "net_income": -285426,
            "net_income_4q": null,
            "revenue": 14929040,
            "revenue_4q": null,
            "common_shares": 22182975,
            "book_valuer_per_share": 16.11,
            "book_valuer_per_share_4q_avg": 16.12,
            "equity": 35914922,
            "current_ratio": 173.45,
            "debt_ratio": 55.23,
            "inventory_turnover_ratio": 19.08,
            "account_receivable_turnover_ratio": 6.61,
            "reinvestment_rate": 82.95,
            "research_to_sale_ratio": null,
            "price_fair": 61.28,
            "eps_avg_yearly": 1.75,
            "eps_latest_yearly": 1.92,
            "eps_growth_yearly": 130.65
        },
        "20161": {
            "year_quarter": 20161,
            "year": 2016,
            "quarter": 1,
            "eps": 0.02,
            "eps_growth_year": -97.85,
            "eps_4q": 0.86,
            "eps_4q_growth_year": -71.34,
            "roe": 0.04,
            "roe_4q": 5.279999999999999,
            "gross_profit": 1233724,
            "gross_margin": 8.78,
            "gross_margin_4q_avg": 9.46,
            "net_income": 15218,
            "net_income_4q": null,
            "revenue": 14053240,
            "revenue_4q": null,
            "common_shares": 22182975,
            "book_valuer_per_share": 16.06,
            "book_valuer_per_share_4q_avg": 15.9,
            "equity": 35773217,
            "current_ratio": 173.52,
            "debt_ratio": 53.82,
            "inventory_turnover_ratio": 21.79,
            "account_receivable_turnover_ratio": 6.57,
            "reinvestment_rate": 76.92,
            "research_to_sale_ratio": null,
            "price_fair": 61.28,
            "eps_avg_yearly": 1.75,
            "eps_latest_yearly": 1.92,
            "eps_growth_yearly": 130.65
        },
        "20162": {
            "year_quarter": 20162,
            "year": 2016,
            "quarter": 2,
            "eps": 0.11,
            "eps_growth_year": -77.55,
            "eps_4q": 0.49,
            "eps_4q_growth_year": -83.84,
            "roe": 0.78,
            "roe_4q": 3.0300000000000002,
            "gross_profit": 1455382,
            "gross_margin": 10.15,
            "gross_margin_4q_avg": 8.54,
            "net_income": 270994,
            "net_income_4q": null,
            "revenue": 14339184,
            "revenue_4q": null,
            "common_shares": 22182975,
            "book_valuer_per_share": 15.09,
            "book_valuer_per_share_4q_avg": 15.85,
            "equity": 33645002,
            "current_ratio": 181.54,
            "debt_ratio": 56.36,
            "inventory_turnover_ratio": 19.04,
            "account_receivable_turnover_ratio": 6.85,
            "reinvestment_rate": 63.05,
            "research_to_sale_ratio": null,
            "price_fair": 58,
            "eps_avg_yearly": 1.66,
            "eps_latest_yearly": 0.44,
            "eps_growth_yearly": 249.89
        },
        "20163": {
            "year_quarter": 20163,
            "year": 2016,
            "quarter": 3,
            "eps": 0.02,
            "eps_growth_year": -95.83,
            "eps_4q": 0.03,
            "eps_4q_growth_year": -98.7,
            "roe": 0.2,
            "roe_4q": 0.22999999999999998,
            "gross_profit": 1258756,
            "gross_margin": 8.95,
            "gross_margin_4q_avg": 9.02,
            "net_income": 68151,
            "net_income_4q": null,
            "revenue": 14068610,
            "revenue_4q": null,
            "common_shares": 22182975,
            "book_valuer_per_share": 14.82,
            "book_valuer_per_share_4q_avg": 15.52,
            "equity": 33062890,
            "current_ratio": 164.42,
            "debt_ratio": 55.96,
            "inventory_turnover_ratio": 16.1,
            "account_receivable_turnover_ratio": 6.7,
            "reinvestment_rate": 41.78,
            "research_to_sale_ratio": null,
            "price_fair": 55.3,
            "eps_avg_yearly": 1.58,
            "eps_latest_yearly": 0.08,
            "eps_growth_yearly": 239.45
        },
        "20164": {
            "year_quarter": 20164,
            "year": 2016,
            "quarter": 4,
            "eps": 0.36,
            "eps_growth_year": null,
            "eps_4q": 0.51,
            "eps_4q_growth_year": -71.04,
            "roe": 2.36,
            "roe_4q": 3.38,
            "gross_profit": 1812975,
            "gross_margin": 12.18,
            "gross_margin_4q_avg": 10.02,
            "net_income": 794944,
            "net_income_4q": null,
            "revenue": 14890459,
            "revenue_4q": null,
            "common_shares": 22182975,
            "book_valuer_per_share": 15.38,
            "book_valuer_per_share_4q_avg": 15.34,
            "equity": 34305484,
            "current_ratio": 189.34,
            "debt_ratio": 55.05,
            "inventory_turnover_ratio": 12.86,
            "account_receivable_turnover_ratio": 6.55,
            "reinvestment_rate": 29.57,
            "research_to_sale_ratio": null,
            "price_fair": 57.2,
            "eps_avg_yearly": 1.63,
            "eps_latest_yearly": 1.44,
            "eps_growth_yearly": 736.99
        },
        "20171": {
            "year_quarter": 20171,
            "year": 2017,
            "quarter": 1,
            "eps": -0.09,
            "eps_growth_year": -550,
            "eps_4q": 0.4,
            "eps_4q_growth_year": -53.15,
            "roe": -0.6,
            "roe_4q": 2.7399999999999998,
            "gross_profit": 959500,
            "gross_margin": 6.91,
            "gross_margin_4q_avg": 9.55,
            "net_income": -200313,
            "net_income_4q": null,
            "revenue": 13876887,
            "revenue_4q": null,
            "common_shares": 22182975,
            "book_valuer_per_share": 14.68,
            "book_valuer_per_share_4q_avg": 14.99,
            "equity": 32757239,
            "current_ratio": 179.58,
            "debt_ratio": 54.87,
            "inventory_turnover_ratio": 11.15,
            "account_receivable_turnover_ratio": 5.98,
            "reinvestment_rate": 14.54,
            "research_to_sale_ratio": null,
            "price_fair": 61.06,
            "eps_avg_yearly": 1.74,
            "eps_latest_yearly": 1.44,
            "eps_growth_yearly": 815.4
        },
        "20172": {
            "year_quarter": 20172,
            "year": 2017,
            "quarter": 2,
            "eps": 0.4,
            "eps_growth_year": 263.64,
            "eps_4q": 0.68,
            "eps_4q_growth_year": 40.68,
            "roe": 2.74,
            "roe_4q": 4.7,
            "gross_profit": 1962694,
            "gross_margin": 12.85,
            "gross_margin_4q_avg": 10.22,
            "net_income": 900562,
            "net_income_4q": null,
            "revenue": 15279121,
            "revenue_4q": null,
            "common_shares": 22182975,
            "book_valuer_per_share": 14.75,
            "book_valuer_per_share_4q_avg": 14.91,
            "equity": 32935040,
            "current_ratio": 147.44,
            "debt_ratio": 56.24,
            "inventory_turnover_ratio": 12.6,
            "account_receivable_turnover_ratio": 6.82,
            "reinvestment_rate": -32.05,
            "research_to_sale_ratio": null,
            "price_fair": 63.93,
            "eps_avg_yearly": 1.83,
            "eps_latest_yearly": 1.44,
            "eps_growth_yearly": 790.01
        },
        "20173": {
            "year_quarter": 20173,
            "year": 2017,
            "quarter": 3,
            "eps": 0.58,
            "eps_growth_year": 2800,
            "eps_4q": 1.24,
            "eps_4q_growth_year": 3466.56,
            "roe": 3.83,
            "roe_4q": 8.33,
            "gross_profit": 2390982,
            "gross_margin": 15.12,
            "gross_margin_4q_avg": 11.77,
            "net_income": 1283007,
            "net_income_4q": null,
            "revenue": 15813852,
            "revenue_4q": null,
            "common_shares": 22182975,
            "book_valuer_per_share": 15.26,
            "book_valuer_per_share_4q_avg": 15.02,
            "equity": 34073897,
            "current_ratio": 148.19,
            "debt_ratio": 54.98,
            "inventory_turnover_ratio": 12.07,
            "account_receivable_turnover_ratio": 6.83,
            "reinvestment_rate": -13.62,
            "research_to_sale_ratio": null,
            "price_fair": 68.95,
            "eps_avg_yearly": 1.97,
            "eps_latest_yearly": 2.32,
            "eps_growth_yearly": 812.03
        },
        "20174": {
            "year_quarter": 20174,
            "year": 2017,
            "quarter": 4,
            "eps": 0.27,
            "eps_growth_year": -25.44,
            "eps_4q": 1.15,
            "eps_4q_growth_year": 122.64,
            "roe": 1.69,
            "roe_4q": 7.66,
            "gross_profit": 1802241,
            "gross_margin": 11.41,
            "gross_margin_4q_avg": 11.57,
            "net_income": 575719,
            "net_income_4q": null,
            "revenue": 15799785,
            "revenue_4q": null,
            "common_shares": 22182975,
            "book_valuer_per_share": 15.31,
            "book_valuer_per_share_4q_avg": 15,
            "equity": 34179617,
            "current_ratio": 143.8,
            "debt_ratio": 55.33,
            "inventory_turnover_ratio": 11.22,
            "account_receivable_turnover_ratio": 5.91,
            "reinvestment_rate": -12.06,
            "research_to_sale_ratio": null,
            "price_fair": 65.57,
            "eps_avg_yearly": 1.87,
            "eps_latest_yearly": 1.08,
            "eps_growth_yearly": 703.1
        },
        "20181": {
            "year_quarter": 20181,
            "year": 2018,
            "quarter": 1,
            "eps": 0.06,
            "eps_growth_year": null,
            "eps_4q": 1.3,
            "eps_4q_growth_year": 222.46,
            "roe": 0.39,
            "roe_4q": 8.65,
            "gross_profit": 1079787,
            "gross_margin": 7.24,
            "gross_margin_4q_avg": 11.66,
            "net_income": 132314,
            "net_income_4q": null,
            "revenue": 14918238,
            "revenue_4q": null,
            "common_shares": 22182975,
            "book_valuer_per_share": 15.1,
            "book_valuer_per_share_4q_avg": 15.11,
            "equity": 33705255,
            "current_ratio": 120.95,
            "debt_ratio": 53.67,
            "inventory_turnover_ratio": 10.28,
            "account_receivable_turnover_ratio": 5.89,
            "reinvestment_rate": -15.84,
            "research_to_sale_ratio": null,
            "price_fair": 62.77,
            "eps_avg_yearly": 1.79,
            "eps_latest_yearly": 0.24,
            "eps_growth_yearly": 692.66
        },
        "20182": {
            "year_quarter": 20182,
            "year": 2018,
            "quarter": 2,
            "eps": 0.12,
            "eps_growth_year": -70,
            "eps_4q": 1.02,
            "eps_4q_growth_year": 49.59,
            "roe": 0.77,
            "roe_4q": 6.68,
            "gross_profit": 1027435,
            "gross_margin": 6.45,
            "gross_margin_4q_avg": 10.06,
            "net_income": 259852,
            "net_income_4q": null,
            "revenue": 15938856,
            "revenue_4q": null,
            "common_shares": 22182975,
            "book_valuer_per_share": 15.22,
            "book_valuer_per_share_4q_avg": 15.22,
            "equity": 33956191,
            "current_ratio": 128.42,
            "debt_ratio": 54.65,
            "inventory_turnover_ratio": 9.57,
            "account_receivable_turnover_ratio": 7.43,
            "reinvestment_rate": 2.52,
            "research_to_sale_ratio": null,
            "price_fair": 58.45,
            "eps_avg_yearly": 1.67,
            "eps_latest_yearly": 0.48,
            "eps_growth_yearly": 704.88
        },
        "20183": {
            "year_quarter": 20183,
            "year": 2018,
            "quarter": 3,
            "eps": 0.19,
            "eps_growth_year": -67.24,
            "eps_4q": 0.64,
            "eps_4q_growth_year": -47.96,
            "roe": 1.36,
            "roe_4q": 4.21,
            "gross_profit": 1218487,
            "gross_margin": 7.03,
            "gross_margin_4q_avg": 8.03,
            "net_income": 462820,
            "net_income_4q": null,
            "revenue": 17328259,
            "revenue_4q": null,
            "common_shares": 22182975,
            "book_valuer_per_share": 15.35,
            "book_valuer_per_share_4q_avg": 15.25,
            "equity": 34278865,
            "current_ratio": 133.68,
            "debt_ratio": 54.71,
            "inventory_turnover_ratio": 9.33,
            "account_receivable_turnover_ratio": 7.38,
            "reinvestment_rate": -6.59,
            "research_to_sale_ratio": null,
            "price_fair": 51.1,
            "eps_avg_yearly": 1.46,
            "eps_latest_yearly": 0.76,
            "eps_growth_yearly": 701.87
        },
        "20184": {
            "year_quarter": 20184,
            "year": 2018,
            "quarter": 4,
            "eps": 0.13,
            "eps_growth_year": -52.42,
            "eps_4q": 0.5,
            "eps_4q_growth_year": -56.02,
            "roe": 0.82,
            "roe_4q": 3.3400000000000003,
            "gross_profit": 1676667,
            "gross_margin": 9.02,
            "gross_margin_4q_avg": 7.44,
            "net_income": 282252,
            "net_income_4q": null,
            "revenue": 18593323,
            "revenue_4q": null,
            "common_shares": 22182975,
            "book_valuer_per_share": 15.59,
            "book_valuer_per_share_4q_avg": 15.32,
            "equity": 34817405,
            "current_ratio": 113.56,
            "debt_ratio": 54.8,
            "inventory_turnover_ratio": 11.08,
            "account_receivable_turnover_ratio": 6.89,
            "reinvestment_rate": -17.61,
            "research_to_sale_ratio": null,
            "price_fair": 43.63,
            "eps_avg_yearly": 1.25,
            "eps_latest_yearly": 0.52,
            "eps_growth_yearly": 693.38
        },
        "20191": {
            "year_quarter": 20191,
            "year": 2019,
            "quarter": 1,
            "eps": 0.47,
            "eps_growth_year": 683.33,
            "eps_4q": 0.91,
            "eps_4q_growth_year": -30.22,
            "roe": 3,
            "roe_4q": 5.949999999999999,
            "gross_profit": 1950775,
            "gross_margin": 11.28,
            "gross_margin_4q_avg": 8.45,
            "net_income": 1063072,
            "net_income_4q": null,
            "revenue": 17294861,
            "revenue_4q": null,
            "common_shares": 22182975,
            "book_valuer_per_share": 16.14,
            "book_valuer_per_share_4q_avg": 15.58,
            "equity": 36054793,
            "current_ratio": 113.28,
            "debt_ratio": 57.07,
            "inventory_turnover_ratio": 10.14,
            "account_receivable_turnover_ratio": 6.73,
            "reinvestment_rate": -4.92,
            "research_to_sale_ratio": null,
            "price_fair": 38.27,
            "eps_avg_yearly": 1.09,
            "eps_latest_yearly": 1.88,
            "eps_growth_yearly": 773.63
        },
        "20192": {
            "year_quarter": 20192,
            "year": 2019,
            "quarter": 2,
            "eps": 0.31,
            "eps_growth_year": 158.33,
            "eps_4q": 1.11,
            "eps_4q_growth_year": 7.85,
            "roe": 1.96,
            "roe_4q": 7.140000000000001,
            "gross_profit": 1547855,
            "gross_margin": 8.42,
            "gross_margin_4q_avg": 8.94,
            "net_income": 701288,
            "net_income_4q": null,
            "revenue": 18381704,
            "revenue_4q": null,
            "common_shares": 22182975,
            "book_valuer_per_share": 15.92,
            "book_valuer_per_share_4q_avg": 15.75,
            "equity": 35572980,
            "current_ratio": 121.89,
            "debt_ratio": 58.27,
            "inventory_turnover_ratio": 10.19,
            "account_receivable_turnover_ratio": 7.88,
            "reinvestment_rate": 15.5,
            "research_to_sale_ratio": null,
            "price_fair": 36.17,
            "eps_avg_yearly": 1.03,
            "eps_latest_yearly": 1.24,
            "eps_growth_yearly": 778.06
        },
        "20193": {
            "year_quarter": 20193,
            "year": 2019,
            "quarter": 3,
            "eps": 0.29,
            "eps_growth_year": 52.63,
            "eps_4q": 1.2,
            "eps_4q_growth_year": 87.14,
            "roe": 1.84,
            "roe_4q": 7.62,
            "gross_profit": 1752706,
            "gross_margin": 9.53,
            "gross_margin_4q_avg": 9.56,
            "net_income": 657952,
            "net_income_4q": null,
            "revenue": 18397336,
            "revenue_4q": null,
            "common_shares": 22182975,
            "book_valuer_per_share": 16.17,
            "book_valuer_per_share_4q_avg": 15.96,
            "equity": 36126502,
            "current_ratio": 115.73,
            "debt_ratio": 57.2,
            "inventory_turnover_ratio": 10.98,
            "account_receivable_turnover_ratio": 8.32,
            "reinvestment_rate": -35.05,
            "research_to_sale_ratio": null,
            "price_fair": 33.95,
            "eps_avg_yearly": 0.97,
            "eps_latest_yearly": 1.16,
            "eps_growth_yearly": 776.58
        },
        "20194": {
            "year_quarter": 20194,
            "year": 2019,
            "quarter": 4,
            "eps": 0.53,
            "eps_growth_year": 320.93,
            "eps_4q": 1.61,
            "eps_4q_growth_year": 219.68,
            "roe": 3.22,
            "roe_4q": 10.02,
            "gross_profit": 1978682,
            "gross_margin": 10.48,
            "gross_margin_4q_avg": 9.93,
            "net_income": 1165394,
            "net_income_4q": null,
            "revenue": 18877282,
            "revenue_4q": null,
            "common_shares": 22182975,
            "book_valuer_per_share": 16.28,
            "book_valuer_per_share_4q_avg": 16.13,
            "equity": 36348465,
            "current_ratio": 164.54,
            "debt_ratio": 58.51,
            "inventory_turnover_ratio": 9.91,
            "account_receivable_turnover_ratio": 8.88,
            "reinvestment_rate": -46.44,
            "research_to_sale_ratio": null,
            "price_fair": 37.05,
            "eps_avg_yearly": 1.06,
            "eps_latest_yearly": 2.12,
            "eps_growth_yearly": 742.31
        },
        "20201": {
            "year_quarter": 20201,
            "year": 2020,
            "quarter": 1,
            "eps": 0.04,
            "eps_growth_year": -91.49,
            "eps_4q": 1.18,
            "eps_4q_growth_year": 29.73,
            "roe": 0.26,
            "roe_4q": 7.28,
            "gross_profit": 1671416,
            "gross_margin": 9.28,
            "gross_margin_4q_avg": 9.43,
            "net_income": 93272,
            "net_income_4q": null,
            "revenue": 18007339,
            "revenue_4q": null,
            "common_shares": 22182975,
            "book_valuer_per_share": 16.27,
            "book_valuer_per_share_4q_avg": 16.16,
            "equity": 36346377,
            "current_ratio": 154.26,
            "debt_ratio": 58.04,
            "inventory_turnover_ratio": 10.68,
            "account_receivable_turnover_ratio": 7.57,
            "reinvestment_rate": -38.03,
            "research_to_sale_ratio": null,
            "price_fair": 34.8,
            "eps_avg_yearly": 0.99,
            "eps_latest_yearly": 0.16,
            "eps_growth_yearly": 662.87
        },
        "20202": {
            "year_quarter": 20202,
            "year": 2020,
            "quarter": 2,
            "eps": 0.76,
            "eps_growth_year": 145.16,
            "eps_4q": 1.62,
            "eps_4q_growth_year": 46.53,
            "roe": 4.66,
            "roe_4q": 9.98,
            "gross_profit": 2654422,
            "gross_margin": 16.32,
            "gross_margin_4q_avg": 11.4,
            "net_income": 1685949,
            "net_income_4q": null,
            "revenue": 16263251,
            "revenue_4q": null,
            "common_shares": 22182975,
            "book_valuer_per_share": 16.1,
            "book_valuer_per_share_4q_avg": 16.21,
            "equity": 35965914,
            "current_ratio": 113.45,
            "debt_ratio": 60.4,
            "inventory_turnover_ratio": 11.62,
            "account_receivable_turnover_ratio": 7.12,
            "reinvestment_rate": 12.8,
            "research_to_sale_ratio": null,
            "price_fair": 41.3,
            "eps_avg_yearly": 1.18,
            "eps_latest_yearly": 3.04,
            "eps_growth_yearly": 1048.59
        },
        "20203": {
            "year_quarter": 20203,
            "year": 2020,
            "quarter": 3,
            "eps": 0.81,
            "eps_growth_year": 179.31,
            "eps_4q": 2.14,
            "eps_4q_growth_year": 77.34,
            "roe": 4.96,
            "roe_4q": 13.100000000000001,
            "gross_profit": 2974117,
            "gross_margin": 15.13,
            "gross_margin_4q_avg": 12.8,
            "net_income": 1812854,
            "net_income_4q": null,
            "revenue": 19663196,
            "revenue_4q": null,
            "common_shares": 22182975,
            "book_valuer_per_share": 16.64,
            "book_valuer_per_share_4q_avg": 16.32,
            "equity": 37183396,
            "current_ratio": 108.36,
            "debt_ratio": 60.17,
            "inventory_turnover_ratio": 12.47,
            "account_receivable_turnover_ratio": 9.07,
            "reinvestment_rate": 27,
            "research_to_sale_ratio": null,
            "price_fair": 49.2,
            "eps_avg_yearly": 1.41,
            "eps_latest_yearly": 3.24,
            "eps_growth_yearly": 1073.84
        },
        "20204": {
            "year_quarter": 20204,
            "year": 2020,
            "quarter": 4,
            "eps": 3.5,
            "eps_growth_year": 556.04,
            "eps_4q": 5.1,
            "eps_4q_growth_year": 216.67,
            "roe": 19.09,
            "roe_4q": 28.970000000000002,
            "gross_profit": 10281412,
            "gross_margin": 36.79,
            "gross_margin_4q_avg": 19.38,
            "net_income": 7765413,
            "net_income_4q": null,
            "revenue": 27946396,
            "revenue_4q": null,
            "common_shares": 22182975,
            "book_valuer_per_share": 19.79,
            "book_valuer_per_share_4q_avg": 17.2,
            "equity": 44172342,
            "current_ratio": 126.62,
            "debt_ratio": 59.32,
            "inventory_turnover_ratio": 10.75,
            "account_receivable_turnover_ratio": 9.43,
            "reinvestment_rate": 49.44,
            "research_to_sale_ratio": null,
            "price_fair": 80.6,
            "eps_avg_yearly": 2.3,
            "eps_latest_yearly": 14,
            "eps_growth_yearly": 683.02
        },
        "20211": {
            "year_quarter": 20211,
            "year": 2021,
            "quarter": 1,
            "eps": 6.62,
            "eps_growth_year": 16450,
            "eps_4q": 11.69,
            "eps_4q_growth_year": 891.41,
            "roe": 28.45,
            "roe_4q": 57.16,
            "gross_profit": 19146946,
            "gross_margin": 49.58,
            "gross_margin_4q_avg": 29.46,
            "net_income": 14777834,
            "net_income_4q": null,
            "revenue": 38616344,
            "revenue_4q": null,
            "common_shares": 22182975,
            "book_valuer_per_share": 26.77,
            "book_valuer_per_share_4q_avg": 19.83,
            "equity": 59728069,
            "current_ratio": 141.46,
            "debt_ratio": 57.46,
            "inventory_turnover_ratio": 8.78,
            "account_receivable_turnover_ratio": 8.73,
            "reinvestment_rate": 58.08,
            "research_to_sale_ratio": null,
            "price_fair": 137.01,
            "eps_avg_yearly": 3.91,
            "eps_latest_yearly": 26.48,
            "eps_growth_yearly": 661.25
        },
        "20212": {
            "year_quarter": 20212,
            "year": 2021,
            "quarter": 2,
            "eps": 8.56,
            "eps_growth_year": 1026.32,
            "eps_4q": 17.72,
            "eps_4q_growth_year": 994.42,
            "roe": 28.07,
            "roe_4q": 80.57,
            "gross_profit": 24679836,
            "gross_margin": 51.4,
            "gross_margin_4q_avg": 38.23,
            "net_income": 18994389,
            "net_income_4q": null,
            "revenue": 48016871,
            "revenue_4q": null,
            "common_shares": 22182975,
            "book_valuer_per_share": 33.94,
            "book_valuer_per_share_4q_avg": 24.29,
            "equity": 75620480,
            "current_ratio": 133.19,
            "debt_ratio": 55.45,
            "inventory_turnover_ratio": 8.11,
            "account_receivable_turnover_ratio": 7.96,
            "reinvestment_rate": 56.74,
            "research_to_sale_ratio": null,
            "price_fair": 203.35,
            "eps_avg_yearly": 5.81,
            "eps_latest_yearly": 34.24,
            "eps_growth_yearly": 627.25
        },
        "20213": {
            "year_quarter": 20213,
            "year": 2021,
            "quarter": 3,
            "eps": 14.57,
            "eps_growth_year": 1698.77,
            "eps_4q": 31.55,
            "eps_4q_growth_year": 1377.4,
            "roe": 38.09,
            "roe_4q": 113.7,
            "gross_profit": 45216212,
            "gross_margin": 63.93,
            "gross_margin_4q_avg": 50.43,
            "net_income": 35548173,
            "net_income_4q": null,
            "revenue": 70727333,
            "revenue_4q": null,
            "common_shares": 24401273,
            "book_valuer_per_share": 45.37,
            "book_valuer_per_share_4q_avg": 31.47,
            "equity": 111016665,
            "current_ratio": 179.64,
            "debt_ratio": 48.41,
            "inventory_turnover_ratio": 7.36,
            "account_receivable_turnover_ratio": 8.62,
            "reinvestment_rate": 40.11,
            "research_to_sale_ratio": null,
            "price_fair": 325.76,
            "eps_avg_yearly": 9.31,
            "eps_latest_yearly": 58.28,
            "eps_growth_yearly": 633.55
        },
        "20214": {
            "year_quarter": 20214,
            "year": 2021,
            "quarter": 4,
            "eps": 13.98,
            "eps_growth_year": 299.46,
            "eps_4q": 42.35,
            "eps_4q_growth_year": 730.15,
            "roe": 26.68,
            "roe_4q": 121.29,
            "gross_profit": 45609606,
            "gross_margin": 64.56,
            "gross_margin_4q_avg": 57.37,
            "net_income": 34096832,
            "net_income_4q": null,
            "revenue": 70644905,
            "revenue_4q": null,
            "common_shares": 24401273,
            "book_valuer_per_share": 59.13,
            "book_valuer_per_share_4q_avg": 41.3,
            "equity": 144572440,
            "current_ratio": 276.1,
            "debt_ratio": 43.89,
            "inventory_turnover_ratio": 6.61,
            "account_receivable_turnover_ratio": 8.32,
            "reinvestment_rate": 32.19,
            "research_to_sale_ratio": null,
            "price_fair": 445.73,
            "eps_avg_yearly": 12.74,
            "eps_latest_yearly": 55.92,
            "eps_growth_yearly": 645.9
        },
        "20221": {
            "year_quarter": 20221,
            "year": 2022,
            "quarter": 1,
            "eps": 16.64,
            "eps_growth_year": 151.36,
            "eps_4q": 52.97,
            "eps_4q_growth_year": 353.26,
            "roe": 24.31,
            "roe_4q": 117.15,
            "gross_profit": 51650651,
            "gross_margin": 64.16,
            "gross_margin_4q_avg": 61.01,
            "net_income": 40627357,
            "net_income_4q": null,
            "revenue": 80502526,
            "revenue_4q": null,
            "common_shares": 24401273,
            "book_valuer_per_share": 77.63,
            "book_valuer_per_share_4q_avg": 54.02,
            "equity": 189733537,
            "current_ratio": 317.43,
            "debt_ratio": 40.41,
            "inventory_turnover_ratio": 6.39,
            "account_receivable_turnover_ratio": 11.1,
            "reinvestment_rate": 27.8,
            "research_to_sale_ratio": null,
            "price_fair": 590.8,
            "eps_avg_yearly": 16.88,
            "eps_latest_yearly": 66.56,
            "eps_growth_yearly": 670.1
        },
        "20222": {
            "year_quarter": 20222,
            "year": 2022,
            "quarter": 2,
            "eps": 10.74,
            "eps_growth_year": 25.47,
            "eps_4q": 50.04,
            "eps_4q_growth_year": 182.33,
            "roe": 15.5,
            "roe_4q": 104.58000000000001,
            "gross_profit": 41739259,
            "gross_margin": 55.56,
            "gross_margin_4q_avg": 62.05,
            "net_income": 30171892,
            "net_income_4q": null,
            "revenue": 75126060,
            "revenue_4q": null,
            "common_shares": 24401273,
            "book_valuer_per_share": 81.68,
            "book_valuer_per_share_4q_avg": 65.95,
            "equity": 199656839,
            "current_ratio": 250.93,
            "debt_ratio": 44.14,
            "inventory_turnover_ratio": 5.49,
            "account_receivable_turnover_ratio": 9.87,
            "reinvestment_rate": 26.75,
            "research_to_sale_ratio": null,
            "price_fair": 683.73,
            "eps_avg_yearly": 19.54,
            "eps_latest_yearly": 42.96,
            "eps_growth_yearly": 636.24
        },
        "20223": {
            "year_quarter": 20223,
            "year": 2022,
            "quarter": 3,
            "eps": 7.97,
            "eps_growth_year": -45.3,
            "eps_4q": 45.34,
            "eps_4q_growth_year": 43.68,
            "roe": 10.32,
            "roe_4q": 76.81,
            "gross_profit": 27312955,
            "gross_margin": 42.81,
            "gross_margin_4q_avg": 56.77,
            "net_income": 22373087,
            "net_income_4q": null,
            "revenue": 63805974,
            "revenue_4q": null,
            "common_shares": 28061464,
            "book_valuer_per_share": 83.31,
            "book_valuer_per_share_4q_avg": 75.44,
            "equity": 234137689,
            "current_ratio": 366.2,
            "debt_ratio": 38.23,
            "inventory_turnover_ratio": 5.84,
            "account_receivable_turnover_ratio": 8.59,
            "reinvestment_rate": 29.02,
            "research_to_sale_ratio": null,
            "price_fair": 751.8,
            "eps_avg_yearly": 21.48,
            "eps_latest_yearly": 31.88,
            "eps_growth_yearly": 615.21
        },
        "20224": {
            "year_quarter": 20224,
            "year": 2022,
            "quarter": 4,
            "eps": -0.01,
            "eps_growth_year": -100.1,
            "eps_4q": 33.17,
            "eps_4q_growth_year": -21.69,
            "roe": -0.02,
            "roe_4q": 50.11,
            "gross_profit": 5727116,
            "gross_margin": 14.49,
            "gross_margin_4q_avg": 44.26,
            "net_income": -43455,
            "net_income_4q": null,
            "revenue": 39518611,
            "revenue_4q": null,
            "common_shares": 28061464,
            "book_valuer_per_share": 80.4,
            "book_valuer_per_share_4q_avg": 80.76,
            "equity": 225971074,
            "current_ratio": 402.94,
            "debt_ratio": 38.11,
            "inventory_turnover_ratio": 6.41,
            "account_receivable_turnover_ratio": 6.82,
            "reinvestment_rate": 33.45,
            "research_to_sale_ratio": null,
            "price_fair": 800.71,
            "eps_avg_yearly": 22.88,
            "eps_latest_yearly": 31.88,
            "eps_growth_yearly": 664.64
        },
        "20231": {
            "year_quarter": 20231,
            "year": 2023,
            "quarter": 1,
            "eps": -0.75,
            "eps_growth_year": -104.51,
            "eps_4q": 17.94,
            "eps_4q_growth_year": -66.13,
            "roe": -0.94,
            "roe_4q": 24.86,
            "gross_profit": -1803445,
            "gross_margin": -7.06,
            "gross_margin_4q_avg": 26.45,
            "net_income": -2112792,
            "net_income_4q": null,
            "revenue": 25557824,
            "revenue_4q": null,
            "common_shares": 28061464,
            "book_valuer_per_share": 79.13,
            "book_valuer_per_share_4q_avg": 81.13,
            "equity": 222414351,
            "current_ratio": 425.09,
            "debt_ratio": 35.82,
            "inventory_turnover_ratio": 5.95,
            "account_receivable_turnover_ratio": 6.1,
            "reinvestment_rate": 37.17,
            "research_to_sale_ratio": null,
            "price_fair": 853.2,
            "eps_avg_yearly": 24.38,
            "eps_latest_yearly": 31.88,
            "eps_growth_yearly": 637.39
        },
        "20232": {
            "year_quarter": 20232,
            "year": 2023,
            "quarter": 2,
            "eps": -0.83,
            "eps_growth_year": -107.73,
            "eps_4q": 6.36,
            "eps_4q_growth_year": -87.28,
            "roe": -1.08,
            "roe_4q": 8.280000000000001,
            "gross_profit": -575465,
            "gross_margin": -2.35,
            "gross_margin_4q_avg": 11.97,
            "net_income": -2338242,
            "net_income_4q": null,
            "revenue": 24470250,
            "revenue_4q": null,
            "common_shares": 28061464,
            "book_valuer_per_share": 74.67,
            "book_valuer_per_share_4q_avg": 79.38,
            "equity": 209886731,
            "current_ratio": 336.39,
            "debt_ratio": 38.24,
            "inventory_turnover_ratio": 6.06,
            "account_receivable_turnover_ratio": 6.9,
            "reinvestment_rate": 43.78,
            "research_to_sale_ratio": null,
            "price_fair": 915.49,
            "eps_avg_yearly": 26.16,
            "eps_latest_yearly": 31.88,
            "eps_growth_yearly": 696.9
        }
    },
    "months": {
        "2001-06": {
            "month": "2001-06",
            "price": "15.52",
            "revenue": 2612967
        },
        "2001-07": {
            "month": "2001-07",
            "price": "14.01",
            "revenue": 2593622
        },
        "2001-08": {
            "month": "2001-08",
            "price": "14.57",
            "revenue": 2669601
        },
        "2001-09": {
            "month": "2001-09",
            "price": "12.84",
            "revenue": 2540829
        },
        "2001-10": {
            "month": "2001-10",
            "price": "11.30",
            "revenue": 2596264
        },
        "2001-11": {
            "month": "2001-11",
            "price": "11.71",
            "revenue": 2446383
        },
        "2001-12": {
            "month": "2001-12",
            "price": "12.38",
            "revenue": 2412128
        },
        "2002-01": {
            "month": "2002-01",
            "price": "12.84",
            "revenue": 2413029
        },
        "2002-02": {
            "month": "2002-02",
            "price": "17.52",
            "revenue": 1999572
        },
        "2002-03": {
            "month": "2002-03",
            "price": "17.64",
            "revenue": 2732529
        },
        "2002-04": {
            "month": "2002-04",
            "price": "17.52",
            "revenue": 2638934
        },
        "2002-05": {
            "month": "2002-05",
            "price": "22.05",
            "revenue": 2681561
        },
        "2002-06": {
            "month": "2002-06",
            "price": "21.90",
            "revenue": 2557202
        },
        "2002-07": {
            "month": "2002-07",
            "price": "22.55",
            "revenue": 2564993
        },
        "2002-08": {
            "month": "2002-08",
            "price": "20.95",
            "revenue": 2593765
        },
        "2002-09": {
            "month": "2002-09",
            "price": "21.50",
            "revenue": 2588993
        },
        "2002-10": {
            "month": "2002-10",
            "price": "21.49",
            "revenue": 2809194
        },
        "2002-11": {
            "month": "2002-11",
            "price": "24.34",
            "revenue": 2933195
        },
        "2002-12": {
            "month": "2002-12",
            "price": "26.53",
            "revenue": 2761275
        },
        "2003-01": {
            "month": "2003-01",
            "price": "29.68",
            "revenue": 2930669
        },
        "2003-02": {
            "month": "2003-02",
            "price": "27.86",
            "revenue": 2371431
        },
        "2003-03": {
            "month": "2003-03",
            "price": "28.61",
            "revenue": 3308988
        },
        "2003-04": {
            "month": "2003-04",
            "price": "29.82",
            "revenue": 3141802
        },
        "2003-05": {
            "month": "2003-05",
            "price": "30.49",
            "revenue": 3239005
        },
        "2003-06": {
            "month": "2003-06",
            "price": "30.44",
            "revenue": 3205668
        },
        "2003-07": {
            "month": "2003-07",
            "price": "31.72",
            "revenue": 3215560
        },
        "2003-08": {
            "month": "2003-08",
            "price": "31.85",
            "revenue": 3217346
        },
        "2003-09": {
            "month": "2003-09",
            "price": "30.56",
            "revenue": 3142906
        },
        "2003-10": {
            "month": "2003-10",
            "price": "32.69",
            "revenue": 3401709
        },
        "2003-11": {
            "month": "2003-11",
            "price": "31.84",
            "revenue": 3172962
        },
        "2003-12": {
            "month": "2003-12",
            "price": "30.80",
            "revenue": 3312449
        },
        "2004-01": {
            "month": "2004-01",
            "price": "31.91",
            "revenue": 2929140
        },
        "2004-02": {
            "month": "2004-02",
            "price": "32.53",
            "revenue": 2901738
        },
        "2004-03": {
            "month": "2004-03",
            "price": "33.63",
            "revenue": 3548507
        },
        "2004-04": {
            "month": "2004-04",
            "price": "31.32",
            "revenue": 3592017
        },
        "2004-05": {
            "month": "2004-05",
            "price": "26.52",
            "revenue": 3678346
        },
        "2004-06": {
            "month": "2004-06",
            "price": "26.89",
            "revenue": 3906628
        },
        "2004-07": {
            "month": "2004-07",
            "price": "29.45",
            "revenue": 4170282
        },
        "2004-08": {
            "month": "2004-08",
            "price": "29.10",
            "revenue": 4143963
        },
        "2004-09": {
            "month": "2004-09",
            "price": "32.16",
            "revenue": 4273319
        },
        "2004-10": {
            "month": "2004-10",
            "price": "33.99",
            "revenue": 4443562
        },
        "2004-11": {
            "month": "2004-11",
            "price": "32.07",
            "revenue": 4160897
        },
        "2004-12": {
            "month": "2004-12",
            "price": "32.25",
            "revenue": 4234703
        },
        "2005-01": {
            "month": "2005-01",
            "price": "31.17",
            "revenue": 3959720
        },
        "2005-02": {
            "month": "2005-02",
            "price": "33.34",
            "revenue": 3082919
        },
        "2005-03": {
            "month": "2005-03",
            "price": "35.32",
            "revenue": 3965789
        },
        "2005-04": {
            "month": "2005-04",
            "price": "33.84",
            "revenue": 4129795
        },
        "2005-05": {
            "month": "2005-05",
            "price": "31.99",
            "revenue": 4094104
        },
        "2005-06": {
            "month": "2005-06",
            "price": "31.48",
            "revenue": 4048357
        },
        "2005-07": {
            "month": "2005-07",
            "price": "31.09",
            "revenue": 4351904
        },
        "2005-08": {
            "month": "2005-08",
            "price": "30.31",
            "revenue": 4138064
        },
        "2005-09": {
            "month": "2005-09",
            "price": "25.53",
            "revenue": 4292587
        },
        "2005-10": {
            "month": "2005-10",
            "price": "22.40",
            "revenue": 4629125
        },
        "2005-11": {
            "month": "2005-11",
            "price": "20.49",
            "revenue": 4381388
        },
        "2005-12": {
            "month": "2005-12",
            "price": "19.94",
            "revenue": 4591341
        },
        "2006-01": {
            "month": "2006-01",
            "price": "20.78",
            "revenue": 4169445
        },
        "2006-02": {
            "month": "2006-02",
            "price": "21.28",
            "revenue": 3254745
        },
        "2006-03": {
            "month": "2006-03",
            "price": "19.53",
            "revenue": 4473984
        },
        "2006-04": {
            "month": "2006-04",
            "price": "21.55",
            "revenue": 4471246
        },
        "2006-05": {
            "month": "2006-05",
            "price": "22.45",
            "revenue": 4236052
        },
        "2006-06": {
            "month": "2006-06",
            "price": "21.33",
            "revenue": 4158894
        },
        "2006-07": {
            "month": "2006-07",
            "price": "21.30",
            "revenue": 4549536
        },
        "2006-08": {
            "month": "2006-08",
            "price": "19.09",
            "revenue": 4372884
        },
        "2006-09": {
            "month": "2006-09",
            "price": "17.76",
            "revenue": 4363489
        },
        "2006-10": {
            "month": "2006-10",
            "price": "18.78",
            "revenue": 4306904
        },
        "2006-11": {
            "month": "2006-11",
            "price": "18.59",
            "revenue": 4307168
        },
        "2006-12": {
            "month": "2006-12",
            "price": "19.49",
            "revenue": 4423843
        },
        "2007-01": {
            "month": "2007-01",
            "price": "19.95",
            "revenue": 4189244
        },
        "2007-02": {
            "month": "2007-02",
            "price": "22.32",
            "revenue": 3494699
        },
        "2007-03": {
            "month": "2007-03",
            "price": "22.51",
            "revenue": 4428963
        },
        "2007-04": {
            "month": "2007-04",
            "price": "23.08",
            "revenue": 4708668
        },
        "2007-05": {
            "month": "2007-05",
            "price": "22.88",
            "revenue": 4611431
        },
        "2007-06": {
            "month": "2007-06",
            "price": "25.09",
            "revenue": 4867253
        },
        "2007-07": {
            "month": "2007-07",
            "price": "26.52",
            "revenue": 5020280
        },
        "2007-08": {
            "month": "2007-08",
            "price": "23.26",
            "revenue": 5286045
        },
        "2007-09": {
            "month": "2007-09",
            "price": "24.19",
            "revenue": 5813164
        },
        "2007-10": {
            "month": "2007-10",
            "price": "29.20",
            "revenue": 5415539
        },
        "2007-11": {
            "month": "2007-11",
            "price": "29.03",
            "revenue": 5488034
        },
        "2007-12": {
            "month": "2007-12",
            "price": "27.50",
            "revenue": 5974905
        },
        "2008-01": {
            "month": "2008-01",
            "price": "26.81",
            "revenue": 5753173
        },
        "2008-02": {
            "month": "2008-02",
            "price": "24.94",
            "revenue": 4825382
        },
        "2008-03": {
            "month": "2008-03",
            "price": "27.61",
            "revenue": 5863744
        },
        "2008-04": {
            "month": "2008-04",
            "price": "27.84",
            "revenue": 5647239
        },
        "2008-05": {
            "month": "2008-05",
            "price": "27.10",
            "revenue": 5805326
        },
        "2008-06": {
            "month": "2008-06",
            "price": "25.35",
            "revenue": 5842595
        },
        "2008-07": {
            "month": "2008-07",
            "price": "20.14",
            "revenue": 5879846
        },
        "2008-08": {
            "month": "2008-08",
            "price": "17.41",
            "revenue": 5686602
        },
        "2008-09": {
            "month": "2008-09",
            "price": "14.84",
            "revenue": 5427736
        },
        "2008-10": {
            "month": "2008-10",
            "price": "13.52",
            "revenue": 5129239
        },
        "2008-11": {
            "month": "2008-11",
            "price": "14.69",
            "revenue": 4900183
        },
        "2008-12": {
            "month": "2008-12",
            "price": "14.92",
            "revenue": 4364782
        },
        "2009-01": {
            "month": "2009-01",
            "price": "13.39",
            "revenue": 3706214
        },
        "2009-02": {
            "month": "2009-02",
            "price": "13.54",
            "revenue": 3080555
        },
        "2009-03": {
            "month": "2009-03",
            "price": "14.44",
            "revenue": 3886986
        },
        "2009-04": {
            "month": "2009-04",
            "price": "15.35",
            "revenue": 3726001
        },
        "2009-05": {
            "month": "2009-05",
            "price": "16.86",
            "revenue": 3764440
        },
        "2009-06": {
            "month": "2009-06",
            "price": "15.67",
            "revenue": 3784051
        },
        "2009-07": {
            "month": "2009-07",
            "price": "15.76",
            "revenue": 4070092
        },
        "2009-08": {
            "month": "2009-08",
            "price": "17.28",
            "revenue": 4069154
        },
        "2009-09": {
            "month": "2009-09",
            "price": "17.28",
            "revenue": 3978492
        },
        "2009-10": {
            "month": "2009-10",
            "price": "16.33",
            "revenue": 4164266
        },
        "2009-11": {
            "month": "2009-11",
            "price": "15.65",
            "revenue": 4259883
        },
        "2009-12": {
            "month": "2009-12",
            "price": "15.92",
            "revenue": 4598004
        },
        "2010-01": {
            "month": "2010-01",
            "price": "17.05",
            "revenue": 4443526
        },
        "2010-02": {
            "month": "2010-02",
            "price": "15.68",
            "revenue": 3772629
        },
        "2010-03": {
            "month": "2010-03",
            "price": "17.24",
            "revenue": 5060083
        },
        "2010-04": {
            "month": "2010-04",
            "price": "18.33",
            "revenue": 5253023
        },
        "2010-05": {
            "month": "2010-05",
            "price": "17.95",
            "revenue": 5372527
        },
        "2010-06": {
            "month": "2010-06",
            "price": "18.54",
            "revenue": 5476123
        },
        "2010-07": {
            "month": "2010-07",
            "price": "20.78",
            "revenue": 6158160
        },
        "2010-08": {
            "month": "2010-08",
            "price": "21.41",
            "revenue": 6247126
        },
        "2010-09": {
            "month": "2010-09",
            "price": "21.34",
            "revenue": 5793779
        },
        "2010-10": {
            "month": "2010-10",
            "price": "21.93",
            "revenue": 5613956
        },
        "2010-11": {
            "month": "2010-11",
            "price": "22.23",
            "revenue": 5684363
        },
        "2010-12": {
            "month": "2010-12",
            "price": "23.79",
            "revenue": 5836767
        },
        "2011-01": {
            "month": "2011-01",
            "price": "24.58",
            "revenue": 5610449
        },
        "2011-02": {
            "month": "2011-02",
            "price": "21.62",
            "revenue": 4238551
        },
        "2011-03": {
            "month": "2011-03",
            "price": "20.00",
            "revenue": 5771592
        },
        "2011-04": {
            "month": "2011-04",
            "price": "21.98",
            "revenue": 5722572
        },
        "2011-05": {
            "month": "2011-05",
            "price": "21.74",
            "revenue": 5384031
        },
        "2011-06": {
            "month": "2011-06",
            "price": "21.32",
            "revenue": 5380742
        },
        "2011-07": {
            "month": "2011-07",
            "price": "20.89",
            "revenue": 5421401
        },
        "2011-08": {
            "month": "2011-08",
            "price": "16.79",
            "revenue": 5075140
        },
        "2011-09": {
            "month": "2011-09",
            "price": "14.82",
            "revenue": 4998335
        },
        "2011-10": {
            "month": "2011-10",
            "price": "14.84",
            "revenue": 5171567
        },
        "2011-11": {
            "month": "2011-11",
            "price": "14.33",
            "revenue": 4868160
        },
        "2011-12": {
            "month": "2011-12",
            "price": "13.66",
            "revenue": 5055384
        },
        "2012-01": {
            "month": "2012-01",
            "price": "15.13",
            "revenue": 4320023
        },
        "2012-02": {
            "month": "2012-02",
            "price": "16.46",
            "revenue": 4272095
        },
        "2012-03": {
            "month": "2012-03",
            "price": "16.52",
            "revenue": 4993920
        },
        "2012-04": {
            "month": "2012-04",
            "price": "15.32",
            "revenue": 4921027
        },
        "2012-05": {
            "month": "2012-05",
            "price": "14.16",
            "revenue": 5167869
        },
        "2012-06": {
            "month": "2012-06",
            "price": "13.81",
            "revenue": 4924598
        },
        "2012-07": {
            "month": "2012-07",
            "price": "14.94",
            "revenue": 4997077
        },
        "2012-08": {
            "month": "2012-08",
            "price": "16.16",
            "revenue": 4571877
        },
        "2012-09": {
            "month": "2012-09",
            "price": "15.66",
            "revenue": 4903538
        },
        "2012-10": {
            "month": "2012-10",
            "price": "15.33",
            "revenue": 4596963
        },
        "2012-11": {
            "month": "2012-11",
            "price": "14.65",
            "revenue": 4469150
        },
        "2012-12": {
            "month": "2012-12",
            "price": "16.47",
            "revenue": 4453176
        },
        "2013-01": {
            "month": "2013-01",
            "price": "16.68",
            "revenue": 4865201
        },
        "2013-02": {
            "month": "2013-02",
            "price": "16.20",
            "revenue": 4159350
        },
        "2013-03": {
            "month": "2013-03",
            "price": "16.29",
            "revenue": 4863186
        },
        "2013-04": {
            "month": "2013-04",
            "price": "16.21",
            "revenue": 4758921
        },
        "2013-05": {
            "month": "2013-05",
            "price": "16.81",
            "revenue": 4965219
        },
        "2013-06": {
            "month": "2013-06",
            "price": "15.56",
            "revenue": 5060599
        },
        "2013-07": {
            "month": "2013-07",
            "price": "16.32",
            "revenue": 5305567
        },
        "2013-08": {
            "month": "2013-08",
            "price": "15.56",
            "revenue": 5242815
        },
        "2013-09": {
            "month": "2013-09",
            "price": "16.80",
            "revenue": 5180909
        },
        "2013-10": {
            "month": "2013-10",
            "price": "16.75",
            "revenue": 4874324
        },
        "2013-11": {
            "month": "2013-11",
            "price": "15.28",
            "revenue": 5005154
        },
        "2013-12": {
            "month": "2013-12",
            "price": "15.03",
            "revenue": 5450050
        },
        "2014-01": {
            "month": "2014-01",
            "price": "15.17",
            "revenue": 5190022
        },
        "2014-02": {
            "month": "2014-02",
            "price": "14.64",
            "revenue": 4263106
        },
        "2014-03": {
            "month": "2014-03",
            "price": "14.31",
            "revenue": 5299462
        },
        "2014-04": {
            "month": "2014-04",
            "price": "14.96",
            "revenue": 5232278
        },
        "2014-05": {
            "month": "2014-05",
            "price": "15.05",
            "revenue": 5825343
        },
        "2014-06": {
            "month": "2014-06",
            "price": "15.20",
            "revenue": 5666668
        },
        "2014-07": {
            "month": "2014-07",
            "price": "15.67",
            "revenue": 5773734
        },
        "2014-08": {
            "month": "2014-08",
            "price": "16.80",
            "revenue": 6069393
        },
        "2014-09": {
            "month": "2014-09",
            "price": "20.57",
            "revenue": 5765195
        },
        "2014-10": {
            "month": "2014-10",
            "price": "22.34",
            "revenue": 5841879
        },
        "2014-11": {
            "month": "2014-11",
            "price": "23.87",
            "revenue": 5992836
        },
        "2014-12": {
            "month": "2014-12",
            "price": "27.72",
            "revenue": 6117912
        },
        "2015-01": {
            "month": "2015-01",
            "price": "32.24",
            "revenue": 6260341
        },
        "2015-02": {
            "month": "2015-02",
            "price": "33.14",
            "revenue": 5363635
        },
        "2015-03": {
            "month": "2015-03",
            "price": "36.66",
            "revenue": 5532501
        },
        "2015-04": {
            "month": "2015-04",
            "price": "36.23",
            "revenue": 5441253
        },
        "2015-05": {
            "month": "2015-05",
            "price": "31.52",
            "revenue": 5608994
        },
        "2015-06": {
            "month": "2015-06",
            "price": "26.50",
            "revenue": 5437140
        },
        "2015-07": {
            "month": "2015-07",
            "price": "25.08",
            "revenue": 5194192
        },
        "2015-08": {
            "month": "2015-08",
            "price": "24.44",
            "revenue": 5128230
        },
        "2015-09": {
            "month": "2015-09",
            "price": "21.91",
            "revenue": 4943416
        },
        "2015-10": {
            "month": "2015-10",
            "price": "22.16",
            "revenue": 5017949
        },
        "2015-11": {
            "month": "2015-11",
            "price": "18.29",
            "revenue": 5000723
        },
        "2015-12": {
            "month": "2015-12",
            "price": "16.70",
            "revenue": 4901584
        },
        "2016-01": {
            "month": "2016-01",
            "price": "17.42",
            "revenue": 5060821
        },
        "2016-02": {
            "month": "2016-02",
            "price": "18.17",
            "revenue": 4237568
        },
        "2016-03": {
            "month": "2016-03",
            "price": "19.46",
            "revenue": 4771299
        },
        "2016-04": {
            "month": "2016-04",
            "price": "18.24",
            "revenue": 4777188
        },
        "2016-05": {
            "month": "2016-05",
            "price": "16.98",
            "revenue": 4864702
        },
        "2016-06": {
            "month": "2016-06",
            "price": "17.00",
            "revenue": 4692999
        },
        "2016-07": {
            "month": "2016-07",
            "price": "17.22",
            "revenue": 4826152
        },
        "2016-08": {
            "month": "2016-08",
            "price": "16.07",
            "revenue": 4684872
        },
        "2016-09": {
            "month": "2016-09",
            "price": "16.18",
            "revenue": 4548374
        },
        "2016-10": {
            "month": "2016-10",
            "price": "15.70",
            "revenue": 4756551
        },
        "2016-11": {
            "month": "2016-11",
            "price": "16.03",
            "revenue": 5026729
        },
        "2016-12": {
            "month": "2016-12",
            "price": "16.24",
            "revenue": 5200188
        },
        "2017-01": {
            "month": "2017-01",
            "price": "17.20",
            "revenue": 4893518
        },
        "2017-02": {
            "month": "2017-02",
            "price": "17.98",
            "revenue": 4025944
        },
        "2017-03": {
            "month": "2017-03",
            "price": "18.19",
            "revenue": 4955520
        },
        "2017-04": {
            "month": "2017-04",
            "price": "17.11",
            "revenue": 4965072
        },
        "2017-05": {
            "month": "2017-05",
            "price": "16.73",
            "revenue": 5230719
        },
        "2017-06": {
            "month": "2017-06",
            "price": "16.88",
            "revenue": 5080577
        },
        "2017-07": {
            "month": "2017-07",
            "price": "17.94",
            "revenue": 5356323
        },
        "2017-08": {
            "month": "2017-08",
            "price": "18.86",
            "revenue": 5343869
        },
        "2017-09": {
            "month": "2017-09",
            "price": "19.47",
            "revenue": 5117671
        },
        "2017-10": {
            "month": "2017-10",
            "price": "18.30",
            "revenue": 5173968
        },
        "2017-11": {
            "month": "2017-11",
            "price": "18.55",
            "revenue": 5256410
        },
        "2017-12": {
            "month": "2017-12",
            "price": "19.63",
            "revenue": 5369418
        },
        "2018-01": {
            "month": "2018-01",
            "price": "19.55",
            "revenue": 5333004
        },
        "2018-02": {
            "month": "2018-02",
            "price": "18.03",
            "revenue": 4602601
        },
        "2018-03": {
            "month": "2018-03",
            "price": "18.07",
            "revenue": 4983926
        },
        "2018-04": {
            "month": "2018-04",
            "price": "17.32",
            "revenue": 5076990
        },
        "2018-05": {
            "month": "2018-05",
            "price": "16.72",
            "revenue": 5440737
        },
        "2018-06": {
            "month": "2018-06",
            "price": "16.63",
            "revenue": 5422543
        },
        "2018-07": {
            "month": "2018-07",
            "price": "16.89",
            "revenue": 5897285
        },
        "2018-08": {
            "month": "2018-08",
            "price": "16.85",
            "revenue": 5733994
        },
        "2018-09": {
            "month": "2018-09",
            "price": "16.80",
            "revenue": 5696939
        },
        "2018-10": {
            "month": "2018-10",
            "price": "16.00",
            "revenue": 6247750
        },
        "2018-11": {
            "month": "2018-11",
            "price": "15.46",
            "revenue": 6235434
        },
        "2018-12": {
            "month": "2018-12",
            "price": "15.99",
            "revenue": 6134150
        },
        "2019-01": {
            "month": "2019-01",
            "price": "15.73",
            "revenue": 6084428
        },
        "2019-02": {
            "month": "2019-02",
            "price": "16.15",
            "revenue": 5086266
        },
        "2019-03": {
            "month": "2019-03",
            "price": "16.08",
            "revenue": 6124159
        },
        "2019-04": {
            "month": "2019-04",
            "price": "16.20",
            "revenue": 6014699
        },
        "2019-05": {
            "month": "2019-05",
            "price": "17.23",
            "revenue": 6090405
        },
        "2019-06": {
            "month": "2019-06",
            "price": "18.16",
            "revenue": 6276837
        },
        "2019-07": {
            "month": "2019-07",
            "price": "19.68",
            "revenue": 6329377
        },
        "2019-08": {
            "month": "2019-08",
            "price": "19.86",
            "revenue": 6161738
        },
        "2019-09": {
            "month": "2019-09",
            "price": "19.17",
            "revenue": 5968530
        },
        "2019-10": {
            "month": "2019-10",
            "price": "18.12",
            "revenue": 6063445
        },
        "2019-11": {
            "month": "2019-11",
            "price": "18.24",
            "revenue": 6207031
        },
        "2019-12": {
            "month": "2019-12",
            "price": "18.39",
            "revenue": 6607147
        },
        "2020-01": {
            "month": "2020-01",
            "price": "18.14",
            "revenue": 6587073
        },
        "2020-02": {
            "month": "2020-02",
            "price": "17.24",
            "revenue": 5012798
        },
        "2020-03": {
            "month": "2020-03",
            "price": "14.75",
            "revenue": 6406916
        },
        "2020-04": {
            "month": "2020-04",
            "price": "15.67",
            "revenue": 5356326
        },
        "2020-05": {
            "month": "2020-05",
            "price": "16.21",
            "revenue": 5263365
        },
        "2020-06": {
            "month": "2020-06",
            "price": "16.56",
            "revenue": 5643090
        },
        "2020-07": {
            "month": "2020-07",
            "price": "17.79",
            "revenue": 6076533
        },
        "2020-08": {
            "month": "2020-08",
            "price": "19.60",
            "revenue": 6523421
        },
        "2020-09": {
            "month": "2020-09",
            "price": "20.29",
            "revenue": 7062932
        },
        "2020-10": {
            "month": "2020-10",
            "price": "24.74",
            "revenue": 7970976
        },
        "2020-11": {
            "month": "2020-11",
            "price": "34.17",
            "revenue": 8751298
        },
        "2020-12": {
            "month": "2020-12",
            "price": "43.52",
            "revenue": 11608537
        },
        "2021-01": {
            "month": "2021-01",
            "price": "46.89",
            "revenue": 13544692
        },
        "2021-02": {
            "month": "2021-02",
            "price": "44.70",
            "revenue": 12263906
        },
        "2021-03": {
            "month": "2021-03",
            "price": "49.60",
            "revenue": 12858513
        },
        "2021-04": {
            "month": "2021-04",
            "price": "74.25",
            "revenue": 14939036
        },
        "2021-05": {
            "month": "2021-05",
            "price": "104.99",
            "revenue": 15191500
        },
        "2021-06": {
            "month": "2021-06",
            "price": "211.31",
            "revenue": 17905245
        },
        "2021-07": {
            "month": "2021-07",
            "price": "266.50",
            "revenue": 20300252
        },
        "2021-08": {
            "month": "2021-08",
            "price": "232.18",
            "revenue": 24663059
        },
        "2021-09": {
            "month": "2021-09",
            "price": "210.65",
            "revenue": 25764019
        },
        "2021-10": {
            "month": "2021-10",
            "price": "161.42",
            "revenue": 24504898
        },
        "2021-11": {
            "month": "2021-11",
            "price": "163.05",
            "revenue": 22896588
        },
        "2021-12": {
            "month": "2021-12",
            "price": "193.91",
            "revenue": 23252855
        },
        "2022-01": {
            "month": "2022-01",
            "price": "171.08",
            "revenue": 32510990
        },
        "2022-02": {
            "month": "2022-02",
            "price": "180.67",
            "revenue": 23678858
        },
        "2022-03": {
            "month": "2022-03",
            "price": "170.50",
            "revenue": 24312677
        },
        "2022-04": {
            "month": "2022-04",
            "price": "152.24",
            "revenue": 24746031
        },
        "2022-05": {
            "month": "2022-05",
            "price": "152.55",
            "revenue": 25078304
        },
        "2022-06": {
            "month": "2022-06",
            "price": "136.93",
            "revenue": 25300552
        },
        "2022-07": {
            "month": "2022-07",
            "price": "112.38",
            "revenue": 23902539
        },
        "2022-08": {
            "month": "2022-08",
            "price": "99.22",
            "revenue": 21314901
        },
        "2022-09": {
            "month": "2022-09",
            "price": "75.00",
            "revenue": 18617074
        },
        "2022-10": {
            "month": "2022-10",
            "price": "69.08",
            "revenue": 14987205
        },
        "2022-11": {
            "month": "2022-11",
            "price": "71.77",
            "revenue": 12988654
        },
        "2022-12": {
            "month": "2022-12",
            "price": "76.05",
            "revenue": 11458150
        },
        "2023-01": {
            "month": "2023-01",
            "price": "76.05",
            "revenue": 9495560
        },
        "2023-02": {
            "month": "2023-02",
            "price": "76.39",
            "revenue": 7311641
        },
        "2023-03": {
            "month": "2023-03",
            "price": "73.71",
            "revenue": 8754502
        },
        "2023-04": {
            "month": "2023-04",
            "price": "67.30",
            "revenue": 8130816
        },
        "2023-05": {
            "month": "2023-05",
            "price": "59.88",
            "revenue": 8172757
        },
        "2023-06": {
            "month": "2023-06",
            "price": "60.04",
            "revenue": 8166677
        },
        "2023-07": {
            "month": "2023-07",
            "price": "52.49",
            "revenue": 8235347
        },
        "2023-08": {
            "month": "2023-08",
            "price": "48.62",
            "revenue": 8569714
        },
        "2023-09": {
            "month": "2023-09",
            "price": "48.12",
            "revenue": 8242483
        }
    }
}
