{
    "summary": {
        "stock_name": "山隆",
        "stock_id": "2616",
        "category": "油電燃氣",
        "main_business": "汽車貨櫃貨運業<br>汽車修理業及其零件買賣<br>加油站業務及倉儲業務",
        "website_url": "http://www.slc.com.tw",
        "ceo": "鄭人豪",
        "pe_ratio": 16,
        "report_year_from": 2001,
        "report_year_to": 2023,
        "age": 22,
        "eps_negative_percentage": 0,
        "eps_growth_avg": {
            "last_all": 10.12,
            "last_2y": 2.78,
            "last_4y": -5.8,
            "last_8y": 6.41,
            "last_12y": 8.38,
            "last_16y": 6.22,
            "last_20y": 10.12,
            "at_2006_last_3y": 5.72,
            "at_2007_last_3y": -0.39,
            "at_2008_last_3y": -10.52,
            "at_2009_last_3y": -0.81,
            "at_2010_last_3y": 7.65,
            "at_2011_last_3y": 2.59,
            "at_2012_last_3y": 19.41,
            "at_2013_last_3y": 12.83,
            "at_2014_last_3y": 0.22,
            "at_2015_last_3y": 2.57,
            "at_2016_last_3y": 9.31,
            "at_2017_last_3y": 21.67,
            "at_2018_last_3y": 9.22,
            "at_2019_last_3y": 16.07,
            "at_2020_last_3y": 7.42,
            "at_2021_last_3y": 0.42,
            "at_2022_last_3y": 7.45,
            "at_2023_last_3y": 7.45,
            "at_2006_last_all": 22.87,
            "at_2007_last_all": 19.87,
            "at_2008_last_all": 12.37,
            "at_2009_last_all": 12.94,
            "at_2010_last_all": 16.11,
            "at_2011_last_all": 12.96,
            "at_2012_last_all": 14.93,
            "at_2013_last_all": 12.9,
            "at_2014_last_all": 11.22,
            "at_2015_last_all": 9.99,
            "at_2016_last_all": 13.43,
            "at_2017_last_all": 15.1,
            "at_2018_last_all": 10.75,
            "at_2019_last_all": 11.34,
            "at_2020_last_all": 12.16,
            "at_2021_last_all": 12.16,
            "at_2022_last_all": 10.12,
            "at_2023_last_all": 10.12
        },
        "latest_eps": 2.01,
        "latest_price": 32.7,
        "latest_roe": 5.35,
        "latest_gross_margin": 8.31,
        "latest_equity": 5094432,
        "latest_revenue": 3948969,
        "latest_gross_profit": 328150,
        "latest_net_income": 33990,
        "latest_debt_ratio": 48.64,
        "latest_current_ratio": 113.46,
        "latest_account_receivable_turnover_ratio": 4.78,
        "latest_inventory_turnover_ratio": 13.63,
        "latest_reinvestment_rate": 34.15,
        "latest_research_to_sale_ratio": null
    },
    "eps_dividends": {
        "1996": {
            "cash": 0,
            "stock": 1,
            "eps": 0
        },
        "1997": {
            "cash": 1,
            "stock": 0,
            "eps": 0
        },
        "1998": {
            "cash": 0,
            "stock": 1,
            "eps": 0
        },
        "1999": {
            "cash": 0.5,
            "stock": 0.5,
            "eps": 0
        },
        "2000": {
            "cash": 0.3,
            "stock": 0.73,
            "eps": 0
        },
        "2001": {
            "cash": 0.5,
            "stock": 0,
            "eps": 0.82
        },
        "2002": {
            "cash": 0.3,
            "stock": 0,
            "eps": 1.57
        },
        "2003": {
            "cash": 0.5,
            "stock": 0,
            "eps": 2.03
        },
        "2004": {
            "cash": 0.5,
            "stock": 0.5,
            "eps": 2.19
        },
        "2005": {
            "cash": 0.6,
            "stock": 0.6,
            "eps": 1.71
        },
        "2006": {
            "cash": 0.81,
            "stock": 0,
            "eps": 1.84
        },
        "2007": {
            "cash": 0.5,
            "stock": 0.5,
            "eps": 1.93
        },
        "2008": {
            "cash": 0.84,
            "stock": 0,
            "eps": 1.3
        },
        "2009": {
            "cash": 0.5,
            "stock": 0,
            "eps": 1.52
        },
        "2010": {
            "cash": 1.02,
            "stock": 0,
            "eps": 2.15
        },
        "2011": {
            "cash": 2.51,
            "stock": 0,
            "eps": 1.82
        },
        "2012": {
            "cash": 0,
            "stock": 0,
            "eps": 2.45
        },
        "2013": {
            "cash": 1.5,
            "stock": 0,
            "eps": 2.22
        },
        "2014": {
            "cash": 1.5,
            "stock": 0,
            "eps": 2.02
        },
        "2015": {
            "cash": 1.5,
            "stock": 0,
            "eps": 1.9
        },
        "2016": {
            "cash": 1.5,
            "stock": 0,
            "eps": 3.07
        },
        "2017": {
            "cash": 2.09,
            "stock": 0,
            "eps": 4.3
        },
        "2018": {
            "cash": 2.56,
            "stock": 0,
            "eps": 1.77
        },
        "2019": {
            "cash": 1.6,
            "stock": 0,
            "eps": 2.15
        },
        "2020": {
            "cash": 1.8,
            "stock": 0,
            "eps": 2.73
        },
        "2021": {
            "cash": 2.2,
            "stock": 0,
            "eps": 3.06
        },
        "2022": {
            "cash": 2.5,
            "stock": 0,
            "eps": 2.12
        },
        "2023": {
            "cash": 1.6,
            "stock": 0,
            "eps": 0.22
        }
    },
    "dividends": {
        "1996-05-25": {
            "cash": 0,
            "stock": 1
        },
        "1997-03-21": {
            "cash": 1,
            "stock": 0
        },
        "1998-04-13": {
            "cash": 0,
            "stock": 1
        },
        "1999-05-21": {
            "cash": 0.5,
            "stock": 0.5
        },
        "2000-05-26": {
            "cash": 0.3,
            "stock": 0.73
        },
        "2001-06-08": {
            "cash": 0.5,
            "stock": 0
        },
        "2002-06-21": {
            "cash": 0.3,
            "stock": 0
        },
        "2003-03-25": {
            "cash": 0.5,
            "stock": 0
        },
        "2004-04-07": {
            "cash": 0.5,
            "stock": 0.5
        },
        "2005-03-30": {
            "cash": 0.6,
            "stock": 0.6
        },
        "2006-05-10": {
            "cash": 0.81,
            "stock": 0
        },
        "2007-04-16": {
            "cash": 0.5,
            "stock": 0.5
        },
        "2008-04-22": {
            "cash": 0.84,
            "stock": 0
        },
        "2009-04-01": {
            "cash": 0.5,
            "stock": 0
        },
        "2010-05-04": {
            "cash": 1.02,
            "stock": 0
        },
        "2011-01-01": {
            "cash": 1,
            "stock": 0
        },
        "2011-04-29": {
            "cash": 1.51,
            "stock": 0
        },
        "2013-03-27": {
            "cash": 1.5,
            "stock": 0
        },
        "2014-09-05": {
            "cash": 1.5,
            "stock": 0
        },
        "2015-09-04": {
            "cash": 1.5,
            "stock": 0
        },
        "2016-08-25": {
            "cash": 1.5,
            "stock": 0
        },
        "2017-08-23": {
            "cash": 2.09,
            "stock": 0
        },
        "2018-08-21": {
            "cash": 2.56,
            "stock": 0
        },
        "2019-08-13": {
            "cash": 1.6,
            "stock": 0
        },
        "2020-07-30": {
            "cash": 1.8,
            "stock": 0
        },
        "2021-08-24": {
            "cash": 2.2,
            "stock": 0
        },
        "2022-07-18": {
            "cash": 2.5,
            "stock": 0
        },
        "2023-03-13": {
            "cash": 1.6,
            "stock": 0
        }
    },
    "prices": {
        "200101": "14.68",
        "200102": "14.35",
        "200103": "13.79",
        "200104": "11.72",
        "200105": "10.62",
        "200106": "9.24",
        "200107": "7.22",
        "200108": "8.02",
        "200109": "9.44",
        "200110": "9.14",
        "200111": "9.23",
        "200112": "11.24",
        "200201": "10.74",
        "200202": "10.64",
        "200203": "10.86",
        "200204": "10.93",
        "200205": "10.71",
        "200206": "11.42",
        "200207": "12.98",
        "200208": "11.44",
        "200209": "10.68",
        "200210": "10.54",
        "200211": "12.05",
        "200212": "12.34",
        "200301": "13.46",
        "200302": "14.51",
        "200303": "14.55",
        "200304": "14.27",
        "200305": "13.65",
        "200306": "14.08",
        "200307": "14.06",
        "200308": "13.81",
        "200309": "14.07",
        "200310": "15.29",
        "200311": "16.28",
        "200312": "16.22",
        "200401": "17.09",
        "200402": "19.30",
        "200403": "19.81",
        "200404": "18.69",
        "200405": "17.71",
        "200406": "17.48",
        "200407": "16.54",
        "200408": "15.71",
        "200409": "15.82",
        "200410": "16.18",
        "200411": "15.13",
        "200412": "15.15",
        "200501": "15.48",
        "200502": "15.64",
        "200503": "15.53",
        "200504": "15.22",
        "200505": "15.23",
        "200506": "15.18",
        "200507": "15.13",
        "200508": "14.61",
        "200509": "13.52",
        "200510": "13.76",
        "200511": "13.63",
        "200512": "13.49",
        "200601": "13.26",
        "200602": "13.36",
        "200603": "13.03",
        "200604": "13.36",
        "200605": "13.93",
        "200606": "13.05",
        "200607": "12.96",
        "200608": "12.22",
        "200609": "12.05",
        "200610": "12.94",
        "200611": "13.48",
        "200612": "15.40",
        "200701": "15.58",
        "200702": "15.68",
        "200703": "15.30",
        "200704": "15.99",
        "200705": "15.88",
        "200706": "16.36",
        "200707": "19.05",
        "200708": "16.58",
        "200709": "17.14",
        "200710": "17.22",
        "200711": "16.40",
        "200712": "15.60",
        "200801": "15.41",
        "200802": "15.71",
        "200803": "16.89",
        "200804": "17.69",
        "200805": "19.48",
        "200806": "17.40",
        "200807": "14.98",
        "200808": "13.99",
        "200809": "12.70",
        "200810": "11.62",
        "200811": "11.24",
        "200812": "11.84",
        "200901": "11.80",
        "200902": "11.45",
        "200903": "12.15",
        "200904": "13.26",
        "200905": "13.68",
        "200906": "13.55",
        "200907": "13.48",
        "200908": "13.10",
        "200909": "13.67",
        "200910": "14.32",
        "200911": "15.38",
        "200912": "15.75",
        "201001": "16.32",
        "201002": "14.86",
        "201003": "15.61",
        "201004": "16.18",
        "201005": "15.88",
        "201006": "16.18",
        "201007": "16.94",
        "201008": "16.63",
        "201009": "16.46",
        "201010": "16.91",
        "201011": "17.45",
        "201012": "18.18",
        "201101": "18.92",
        "201102": "18.94",
        "201103": "18.47",
        "201104": "19.00",
        "201105": "19.07",
        "201106": "19.22",
        "201107": "19.74",
        "201108": "17.80",
        "201109": "17.02",
        "201110": "17.01",
        "201111": "17.80",
        "201112": "17.69",
        "201201": "17.84",
        "201202": "19.02",
        "201203": "19.34",
        "201204": "18.92",
        "201205": "18.76",
        "201206": "18.67",
        "201207": "19.22",
        "201208": "18.98",
        "201209": "21.01",
        "201210": "21.45",
        "201211": "22.45",
        "201212": "22.77",
        "201301": "23.35",
        "201302": "24.89",
        "201303": "25.21",
        "201304": "23.74",
        "201305": "24.34",
        "201306": "24.47",
        "201307": "24.79",
        "201308": "23.64",
        "201309": "23.76",
        "201310": "23.81",
        "201311": "24.31",
        "201312": "24.97",
        "201401": "26.04",
        "201402": "26.11",
        "201403": "25.86",
        "201404": "26.22",
        "201405": "25.42",
        "201406": "25.32",
        "201407": "25.96",
        "201408": "24.49",
        "201409": "24.41",
        "201410": "23.82",
        "201411": "23.84",
        "201412": "24.01",
        "201501": "24.37",
        "201502": "24.37",
        "201503": "24.31",
        "201504": "24.56",
        "201505": "24.56",
        "201506": "23.97",
        "201507": "23.81",
        "201508": "21.69",
        "201509": "22.01",
        "201510": "22.59",
        "201511": "22.82",
        "201512": "22.65",
        "201601": "22.55",
        "201602": "23.62",
        "201603": "24.35",
        "201604": "24.78",
        "201605": "24.85",
        "201606": "24.93",
        "201607": "24.61",
        "201608": "24.87",
        "201609": "25.09",
        "201610": "25.27",
        "201611": "25.89",
        "201612": "28.15",
        "201701": "28.47",
        "201702": "29.51",
        "201703": "30.25",
        "201704": "32.45",
        "201705": "34.49",
        "201706": "33.88",
        "201707": "34.56",
        "201708": "32.65",
        "201709": "32.41",
        "201710": "32.37",
        "201711": "31.96",
        "201712": "31.96",
        "201801": "33.08",
        "201802": "32.15",
        "201803": "33.06",
        "201804": "33.01",
        "201805": "33.06",
        "201806": "33.18",
        "201807": "32.26",
        "201808": "30.29",
        "201809": "29.94",
        "201810": "28.98",
        "201811": "28.98",
        "201812": "28.87",
        "201901": "29.02",
        "201902": "30.18",
        "201903": "30.53",
        "201904": "30.24",
        "201905": "29.94",
        "201906": "29.95",
        "201907": "30.19",
        "201908": "29.62",
        "201909": "29.75",
        "201910": "29.65",
        "201911": "29.58",
        "201912": "29.78",
        "202001": "29.83",
        "202002": "29.78",
        "202003": "28.55",
        "202004": "29.15",
        "202005": "30.01",
        "202006": "30.88",
        "202007": "29.58",
        "202008": "29.70",
        "202009": "29.75",
        "202010": "29.95",
        "202011": "30.65",
        "202012": "31.74",
        "202101": "31.74",
        "202102": "31.75",
        "202103": "33.13",
        "202104": "36.44",
        "202105": "35.57",
        "202106": "37.39",
        "202107": "37.88",
        "202108": "34.59",
        "202109": "35.10",
        "202110": "35.14",
        "202111": "35.89",
        "202112": "36.37",
        "202201": "36.56",
        "202202": "37.40",
        "202203": "38.93",
        "202204": "38.97",
        "202205": "36.60",
        "202206": "35.26",
        "202207": "33.80",
        "202208": "33.95",
        "202209": "34.06",
        "202210": "32.93",
        "202211": "32.49",
        "202212": "32.17",
        "202301": "31.15",
        "202302": "31.17",
        "202303": "32.06",
        "202304": "32.29",
        "202305": "32.61",
        "202306": "32.59"
    },
    "quarters": {
        "20011": {
            "year_quarter": 20011,
            "year": 2001,
            "quarter": 1,
            "eps": 0.13,
            "eps_growth_year": -67.5,
            "eps_4q": 0.7,
            "eps_4q_growth_year": 66.41,
            "roe": 0.88,
            "roe_4q": 0.88,
            "gross_profit": 72066,
            "gross_margin": 14.55,
            "gross_margin_4q_avg": 14.55,
            "net_income": 8859,
            "revenue": 495448,
            "common_shares": 700000,
            "book_valuer_per_share": 14.36,
            "book_valuer_per_share_4q_avg": 14.36,
            "equity": 1005237,
            "current_ratio": 101.95,
            "debt_ratio": 41.61,
            "inventory_turnover_ratio": 197.01,
            "account_receivable_turnover_ratio": null,
            "reinvestment_rate": null,
            "research_to_sale_ratio": null,
            "price_fair": 0,
            "eps_avg_yearly": 0,
            "eps_latest_yearly": 0,
            "eps_growth_yearly": 0
        },
        "20012": {
            "year_quarter": 20012,
            "year": 2001,
            "quarter": 2,
            "eps": -0.01,
            "eps_growth_year": -107.69,
            "eps_4q": 0.54,
            "eps_4q_growth_year": null,
            "roe": -0.07,
            "roe_4q": 0.81,
            "gross_profit": 87148,
            "gross_margin": 16.63,
            "gross_margin_4q_avg": 15.59,
            "net_income": -706,
            "revenue": 523938,
            "common_shares": 700000,
            "book_valuer_per_share": 13.6,
            "book_valuer_per_share_4q_avg": 13.98,
            "equity": 951656,
            "current_ratio": 81.41,
            "debt_ratio": 44.48,
            "inventory_turnover_ratio": 160.56,
            "account_receivable_turnover_ratio": null,
            "reinvestment_rate": null,
            "research_to_sale_ratio": null,
            "price_fair": 0,
            "eps_avg_yearly": 0,
            "eps_latest_yearly": 0,
            "eps_growth_yearly": 0
        },
        "20013": {
            "year_quarter": 20013,
            "year": 2001,
            "quarter": 3,
            "eps": 0.34,
            "eps_growth_year": 70,
            "eps_4q": 0.68,
            "eps_4q_growth_year": -0.41,
            "roe": 2.53,
            "roe_4q": 3.34,
            "gross_profit": 81897,
            "gross_margin": 15.36,
            "gross_margin_4q_avg": 15.51,
            "net_income": 24094,
            "revenue": 533328,
            "common_shares": 700000,
            "book_valuer_per_share": 13.66,
            "book_valuer_per_share_4q_avg": 13.87,
            "equity": 956050,
            "current_ratio": 80.71,
            "debt_ratio": 43.35,
            "inventory_turnover_ratio": 165.94,
            "account_receivable_turnover_ratio": null,
            "reinvestment_rate": null,
            "research_to_sale_ratio": null,
            "price_fair": 0,
            "eps_avg_yearly": 0,
            "eps_latest_yearly": 0,
            "eps_growth_yearly": 0
        },
        "20014": {
            "year_quarter": 20014,
            "year": 2001,
            "quarter": 4,
            "eps": 0.36,
            "eps_growth_year": 56.52,
            "eps_4q": 0.82,
            "eps_4q_growth_year": -12,
            "roe": 2.6,
            "roe_4q": 5.9399999999999995,
            "gross_profit": 98934,
            "gross_margin": 17.27,
            "gross_margin_4q_avg": 15.95,
            "net_income": 25034,
            "revenue": 572908,
            "common_shares": 700000,
            "book_valuer_per_share": 13.86,
            "book_valuer_per_share_4q_avg": 13.87,
            "equity": 970460,
            "current_ratio": 105.43,
            "debt_ratio": 47.82,
            "inventory_turnover_ratio": 170.83,
            "account_receivable_turnover_ratio": null,
            "reinvestment_rate": null,
            "research_to_sale_ratio": null,
            "price_fair": 0,
            "eps_avg_yearly": 0,
            "eps_latest_yearly": 0,
            "eps_growth_yearly": 0
        },
        "20021": {
            "year_quarter": 20021,
            "year": 2002,
            "quarter": 1,
            "eps": 0.26,
            "eps_growth_year": 100,
            "eps_4q": 1.05,
            "eps_4q_growth_year": 49.04,
            "roe": 1.66,
            "roe_4q": 6.719999999999999,
            "gross_profit": 86361,
            "gross_margin": 14.85,
            "gross_margin_4q_avg": 16.03,
            "net_income": 15962,
            "revenue": 581414,
            "common_shares": 700000,
            "book_valuer_per_share": 13.64,
            "book_valuer_per_share_4q_avg": 13.69,
            "equity": 954682,
            "current_ratio": 112,
            "debt_ratio": 45.78,
            "inventory_turnover_ratio": 69.13,
            "account_receivable_turnover_ratio": null,
            "reinvestment_rate": null,
            "research_to_sale_ratio": null,
            "price_fair": 3.12,
            "eps_avg_yearly": 1.04,
            "eps_latest_yearly": 1.04,
            "eps_growth_yearly": -111.11
        },
        "20022": {
            "year_quarter": 20022,
            "year": 2002,
            "quarter": 2,
            "eps": 0.49,
            "eps_growth_year": null,
            "eps_4q": 1.54,
            "eps_4q_growth_year": 183.07,
            "roe": 3.14,
            "roe_4q": 9.93,
            "gross_profit": 101050,
            "gross_margin": 14.52,
            "gross_margin_4q_avg": 15.5,
            "net_income": 30447,
            "revenue": 695716,
            "common_shares": 700000,
            "book_valuer_per_share": 14.05,
            "book_valuer_per_share_4q_avg": 13.8,
            "equity": 983837,
            "current_ratio": 108.16,
            "debt_ratio": 46.82,
            "inventory_turnover_ratio": 63.99,
            "account_receivable_turnover_ratio": null,
            "reinvestment_rate": null,
            "research_to_sale_ratio": null,
            "price_fair": 52.5,
            "eps_avg_yearly": 1.5,
            "eps_latest_yearly": 1.96,
            "eps_growth_yearly": 121.37
        },
        "20023": {
            "year_quarter": 20023,
            "year": 2002,
            "quarter": 3,
            "eps": 0.36,
            "eps_growth_year": 5.88,
            "eps_4q": 1.5,
            "eps_4q_growth_year": 119.38,
            "roe": 2.28,
            "roe_4q": 9.68,
            "gross_profit": 99517,
            "gross_margin": 13.03,
            "gross_margin_4q_avg": 14.92,
            "net_income": 22643,
            "revenue": 763556,
            "common_shares": 700000,
            "book_valuer_per_share": 14.29,
            "book_valuer_per_share_4q_avg": 13.96,
            "equity": 1000497,
            "current_ratio": 100.73,
            "debt_ratio": 46.35,
            "inventory_turnover_ratio": 39.69,
            "account_receivable_turnover_ratio": null,
            "reinvestment_rate": null,
            "research_to_sale_ratio": null,
            "price_fair": 51.8,
            "eps_avg_yearly": 1.48,
            "eps_latest_yearly": 1.44,
            "eps_growth_yearly": 45.54
        },
        "20024": {
            "year_quarter": 20024,
            "year": 2002,
            "quarter": 4,
            "eps": 0.46,
            "eps_growth_year": 27.78,
            "eps_4q": 1.56,
            "eps_4q_growth_year": 89.7,
            "roe": 2.81,
            "roe_4q": 9.89,
            "gross_profit": 141591,
            "gross_margin": 14.41,
            "gross_margin_4q_avg": 14.2,
            "net_income": 28808,
            "revenue": 982629,
            "common_shares": 700000,
            "book_valuer_per_share": 15.05,
            "book_valuer_per_share_4q_avg": 14.26,
            "equity": 1053253,
            "current_ratio": 95.8,
            "debt_ratio": 47.22,
            "inventory_turnover_ratio": 29.53,
            "account_receivable_turnover_ratio": null,
            "reinvestment_rate": 97.44,
            "research_to_sale_ratio": null,
            "price_fair": 54.95,
            "eps_avg_yearly": 1.57,
            "eps_latest_yearly": 1.84,
            "eps_growth_yearly": 61.93
        },
        "20031": {
            "year_quarter": 20031,
            "year": 2003,
            "quarter": 1,
            "eps": 0.31,
            "eps_growth_year": 19.23,
            "eps_4q": 1.62,
            "eps_4q_growth_year": 54.15,
            "roe": 1.83,
            "roe_4q": 10.06,
            "gross_profit": 137677,
            "gross_margin": 12.45,
            "gross_margin_4q_avg": 13.6,
            "net_income": 19430,
            "revenue": 1105858,
            "common_shares": 700000,
            "book_valuer_per_share": 15.32,
            "book_valuer_per_share_4q_avg": 14.68,
            "equity": 1072683,
            "current_ratio": 96.67,
            "debt_ratio": 49.09,
            "inventory_turnover_ratio": 15.63,
            "account_receivable_turnover_ratio": null,
            "reinvestment_rate": 69.05,
            "research_to_sale_ratio": null,
            "price_fair": 50.32,
            "eps_avg_yearly": 1.5,
            "eps_latest_yearly": 1.24,
            "eps_growth_yearly": 23.46
        },
        "20032": {
            "year_quarter": 20032,
            "year": 2003,
            "quarter": 2,
            "eps": 0.51,
            "eps_growth_year": 4.08,
            "eps_4q": 1.62,
            "eps_4q_growth_year": 5.13,
            "roe": 3.03,
            "roe_4q": 9.95,
            "gross_profit": 155492,
            "gross_margin": 12.77,
            "gross_margin_4q_avg": 13.17,
            "net_income": 32673,
            "revenue": 1218076,
            "common_shares": 700000,
            "book_valuer_per_share": 15.46,
            "book_valuer_per_share_4q_avg": 15.03,
            "equity": 1081885,
            "current_ratio": 85.26,
            "debt_ratio": 50.34,
            "inventory_turnover_ratio": 15.84,
            "account_receivable_turnover_ratio": null,
            "reinvestment_rate": 48.57,
            "research_to_sale_ratio": null,
            "price_fair": 55.77,
            "eps_avg_yearly": 1.59,
            "eps_latest_yearly": 2.04,
            "eps_growth_yearly": 62.56
        },
        "20033": {
            "year_quarter": 20033,
            "year": 2003,
            "quarter": 3,
            "eps": 0.53,
            "eps_growth_year": 47.22,
            "eps_4q": 1.79,
            "eps_4q_growth_year": 20,
            "roe": 3.09,
            "roe_4q": 10.76,
            "gross_profit": 169871,
            "gross_margin": 13.17,
            "gross_margin_4q_avg": 13.2,
            "net_income": 33900,
            "revenue": 1290122,
            "common_shares": 700000,
            "book_valuer_per_share": 15.93,
            "book_valuer_per_share_4q_avg": 15.44,
            "equity": 1114942,
            "current_ratio": 87.19,
            "debt_ratio": 47.82,
            "inventory_turnover_ratio": 28.92,
            "account_receivable_turnover_ratio": null,
            "reinvestment_rate": 35.52,
            "research_to_sale_ratio": null,
            "price_fair": 58.4,
            "eps_avg_yearly": 1.67,
            "eps_latest_yearly": 2.12,
            "eps_growth_yearly": 55.86
        },
        "20034": {
            "year_quarter": 20034,
            "year": 2003,
            "quarter": 4,
            "eps": 0.68,
            "eps_growth_year": 47.83,
            "eps_4q": 2.01,
            "eps_4q_growth_year": 28.76,
            "roe": 3.82,
            "roe_4q": 11.77,
            "gross_profit": 166611,
            "gross_margin": 12.75,
            "gross_margin_4q_avg": 12.79,
            "net_income": 43905,
            "revenue": 1306795,
            "common_shares": 700000,
            "book_valuer_per_share": 16.92,
            "book_valuer_per_share_4q_avg": 15.91,
            "equity": 1184274,
            "current_ratio": 78.63,
            "debt_ratio": 50.09,
            "inventory_turnover_ratio": 30.55,
            "account_receivable_turnover_ratio": null,
            "reinvestment_rate": -24.52,
            "research_to_sale_ratio": null,
            "price_fair": 63,
            "eps_avg_yearly": 1.8,
            "eps_latest_yearly": 2.72,
            "eps_growth_yearly": 63.03
        },
        "20041": {
            "year_quarter": 20041,
            "year": 2004,
            "quarter": 1,
            "eps": 0.58,
            "eps_growth_year": 87.1,
            "eps_4q": 2.25,
            "eps_4q_growth_year": 39.44,
            "roe": 3.16,
            "roe_4q": 13.1,
            "gross_profit": 179179,
            "gross_margin": 12.84,
            "gross_margin_4q_avg": 12.88,
            "net_income": 38273,
            "revenue": 1395255,
            "common_shares": 700000,
            "book_valuer_per_share": 17.66,
            "book_valuer_per_share_4q_avg": 16.49,
            "equity": 1236156,
            "current_ratio": 81.85,
            "debt_ratio": 49.61,
            "inventory_turnover_ratio": 21.96,
            "account_receivable_turnover_ratio": null,
            "reinvestment_rate": -20.71,
            "research_to_sale_ratio": null,
            "price_fair": 65.02,
            "eps_avg_yearly": 1.86,
            "eps_latest_yearly": 2.32,
            "eps_growth_yearly": 49.49
        },
        "20042": {
            "year_quarter": 20042,
            "year": 2004,
            "quarter": 2,
            "eps": 0.54,
            "eps_growth_year": 5.88,
            "eps_4q": 2.23,
            "eps_4q_growth_year": 37.89,
            "roe": 2.99,
            "roe_4q": 13.06,
            "gross_profit": 192199,
            "gross_margin": 11.63,
            "gross_margin_4q_avg": 12.6,
            "net_income": 37115,
            "revenue": 1652257,
            "common_shares": 700000,
            "book_valuer_per_share": 17.84,
            "book_valuer_per_share_4q_avg": 17.09,
            "equity": 1248908,
            "current_ratio": 81.35,
            "debt_ratio": 52.62,
            "inventory_turnover_ratio": 18.76,
            "account_receivable_turnover_ratio": null,
            "reinvestment_rate": -21.81,
            "research_to_sale_ratio": null,
            "price_fair": 66.08,
            "eps_avg_yearly": 1.89,
            "eps_latest_yearly": 2.16,
            "eps_growth_yearly": 41.78
        },
        "20043": {
            "year_quarter": 20043,
            "year": 2004,
            "quarter": 3,
            "eps": 0.43,
            "eps_growth_year": -18.87,
            "eps_4q": 2.15,
            "eps_4q_growth_year": 19.83,
            "roe": 2.35,
            "roe_4q": 12.32,
            "gross_profit": 206300,
            "gross_margin": 11.88,
            "gross_margin_4q_avg": 12.28,
            "net_income": 29806,
            "revenue": 1736519,
            "common_shares": 738290,
            "book_valuer_per_share": 17.41,
            "book_valuer_per_share_4q_avg": 17.46,
            "equity": 1285439,
            "current_ratio": 111.18,
            "debt_ratio": 54.21,
            "inventory_turnover_ratio": 17.56,
            "account_receivable_turnover_ratio": null,
            "reinvestment_rate": -18.16,
            "research_to_sale_ratio": null,
            "price_fair": 65.55,
            "eps_avg_yearly": 1.87,
            "eps_latest_yearly": 1.72,
            "eps_growth_yearly": 30.58
        },
        "20044": {
            "year_quarter": 20044,
            "year": 2004,
            "quarter": 4,
            "eps": 0.64,
            "eps_growth_year": -5.88,
            "eps_4q": 2.14,
            "eps_4q_growth_year": 6.16,
            "roe": 3.35,
            "roe_4q": 11.850000000000001,
            "gross_profit": 204762,
            "gross_margin": 11.12,
            "gross_margin_4q_avg": 11.87,
            "net_income": 45005,
            "revenue": 1841077,
            "common_shares": 789902,
            "book_valuer_per_share": 17.63,
            "book_valuer_per_share_4q_avg": 17.64,
            "equity": 1398778,
            "current_ratio": 104.12,
            "debt_ratio": 51.46,
            "inventory_turnover_ratio": 20.31,
            "account_receivable_turnover_ratio": null,
            "reinvestment_rate": -2.72,
            "research_to_sale_ratio": null,
            "price_fair": 67.55,
            "eps_avg_yearly": 1.93,
            "eps_latest_yearly": 2.56,
            "eps_growth_yearly": 44.31
        },
        "20051": {
            "year_quarter": 20051,
            "year": 2005,
            "quarter": 1,
            "eps": 0.4,
            "eps_growth_year": -31.03,
            "eps_4q": 1.89,
            "eps_4q_growth_year": -16.06,
            "roe": 2.12,
            "roe_4q": 10.81,
            "gross_profit": 204934,
            "gross_margin": 11.16,
            "gross_margin_4q_avg": 11.45,
            "net_income": 30005,
            "revenue": 1835511,
            "common_shares": 796870,
            "book_valuer_per_share": 17.97,
            "book_valuer_per_share_4q_avg": 17.71,
            "equity": 1432213,
            "current_ratio": 100.83,
            "debt_ratio": 49.96,
            "inventory_turnover_ratio": 19.92,
            "account_receivable_turnover_ratio": null,
            "reinvestment_rate": 10.69,
            "research_to_sale_ratio": null,
            "price_fair": 66.66,
            "eps_avg_yearly": 1.9,
            "eps_latest_yearly": 1.6,
            "eps_growth_yearly": 29.36
        },
        "20052": {
            "year_quarter": 20052,
            "year": 2005,
            "quarter": 2,
            "eps": 0.33,
            "eps_growth_year": -38.89,
            "eps_4q": 1.69,
            "eps_4q_growth_year": -23.99,
            "roe": 1.8,
            "roe_4q": 9.62,
            "gross_profit": 211824,
            "gross_margin": 10.46,
            "gross_margin_4q_avg": 11.16,
            "net_income": 25356,
            "revenue": 2024138,
            "common_shares": 796870,
            "book_valuer_per_share": 17.34,
            "book_valuer_per_share_4q_avg": 17.59,
            "equity": 1381586,
            "current_ratio": 105.18,
            "debt_ratio": 53.07,
            "inventory_turnover_ratio": 18.18,
            "account_receivable_turnover_ratio": null,
            "reinvestment_rate": 13.6,
            "research_to_sale_ratio": null,
            "price_fair": 60.1,
            "eps_avg_yearly": 1.86,
            "eps_latest_yearly": 1.32,
            "eps_growth_yearly": 22.26
        },
        "20053": {
            "year_quarter": 20053,
            "year": 2005,
            "quarter": 3,
            "eps": 0.51,
            "eps_growth_year": 18.6,
            "eps_4q": 1.76,
            "eps_4q_growth_year": -18.32,
            "roe": 2.95,
            "roe_4q": 10.22,
            "gross_profit": 235587,
            "gross_margin": 10.34,
            "gross_margin_4q_avg": 10.77,
            "net_income": 41051,
            "revenue": 2278442,
            "common_shares": 844870,
            "book_valuer_per_share": 16.62,
            "book_valuer_per_share_4q_avg": 17.39,
            "equity": 1404006,
            "current_ratio": 93.82,
            "debt_ratio": 52.88,
            "inventory_turnover_ratio": 16.36,
            "account_receivable_turnover_ratio": null,
            "reinvestment_rate": 15.61,
            "research_to_sale_ratio": null,
            "price_fair": 65.61,
            "eps_avg_yearly": 1.87,
            "eps_latest_yearly": 2.04,
            "eps_growth_yearly": 35.33
        },
        "20054": {
            "year_quarter": 20054,
            "year": 2005,
            "quarter": 4,
            "eps": 0.47,
            "eps_growth_year": -26.56,
            "eps_4q": 1.65,
            "eps_4q_growth_year": -22.63,
            "roe": 2.71,
            "roe_4q": 9.58,
            "gross_profit": 226172,
            "gross_margin": 9.15,
            "gross_margin_4q_avg": 10.28,
            "net_income": 38317,
            "revenue": 2472577,
            "common_shares": 844870,
            "book_valuer_per_share": 16.6,
            "book_valuer_per_share_4q_avg": 17.13,
            "equity": 1421606,
            "current_ratio": 101.36,
            "debt_ratio": 56.79,
            "inventory_turnover_ratio": 18.41,
            "account_receivable_turnover_ratio": null,
            "reinvestment_rate": 35.78,
            "research_to_sale_ratio": null,
            "price_fair": 65.63,
            "eps_avg_yearly": 1.88,
            "eps_latest_yearly": 1.88,
            "eps_growth_yearly": 31.16
        },
        "20061": {
            "year_quarter": 20061,
            "year": 2006,
            "quarter": 1,
            "eps": 0.26,
            "eps_growth_year": -35,
            "eps_4q": 1.57,
            "eps_4q_growth_year": -16.94,
            "roe": 1.45,
            "roe_4q": 8.91,
            "gross_profit": 210564,
            "gross_margin": 8.99,
            "gross_margin_4q_avg": 9.74,
            "net_income": 20761,
            "revenue": 2341129,
            "common_shares": 844942,
            "book_valuer_per_share": 17.16,
            "book_valuer_per_share_4q_avg": 16.93,
            "equity": 1449740,
            "current_ratio": 97.31,
            "debt_ratio": 54.29,
            "inventory_turnover_ratio": 19.03,
            "account_receivable_turnover_ratio": null,
            "reinvestment_rate": 34.31,
            "research_to_sale_ratio": null,
            "price_fair": 65.63,
            "eps_avg_yearly": 1.88,
            "eps_latest_yearly": 1.04,
            "eps_growth_yearly": 26.93
        },
        "20062": {
            "year_quarter": 20062,
            "year": 2006,
            "quarter": 2,
            "eps": 0.57,
            "eps_growth_year": 72.73,
            "eps_4q": 1.82,
            "eps_4q_growth_year": 7.66,
            "roe": 3.16,
            "roe_4q": 10.27,
            "gross_profit": 234060,
            "gross_margin": 9.54,
            "gross_margin_4q_avg": 9.51,
            "net_income": 45515,
            "revenue": 2454587,
            "common_shares": 844942,
            "book_valuer_per_share": 16.9,
            "book_valuer_per_share_4q_avg": 16.82,
            "equity": 1427855,
            "current_ratio": 84.15,
            "debt_ratio": 52.39,
            "inventory_turnover_ratio": 18.87,
            "account_receivable_turnover_ratio": null,
            "reinvestment_rate": 33.84,
            "research_to_sale_ratio": null,
            "price_fair": 66.33,
            "eps_avg_yearly": 1.9,
            "eps_latest_yearly": 2.28,
            "eps_growth_yearly": 34.62
        },
        "20063": {
            "year_quarter": 20063,
            "year": 2006,
            "quarter": 3,
            "eps": 0.47,
            "eps_growth_year": -7.84,
            "eps_4q": 1.77,
            "eps_4q_growth_year": 0.69,
            "roe": 2.59,
            "roe_4q": 9.91,
            "gross_profit": 239175,
            "gross_margin": 8.97,
            "gross_margin_4q_avg": 9.16,
            "net_income": 37842,
            "revenue": 2665821,
            "common_shares": 844942,
            "book_valuer_per_share": 17.64,
            "book_valuer_per_share_4q_avg": 17.08,
            "equity": 1490556,
            "current_ratio": 100.35,
            "debt_ratio": 51.46,
            "inventory_turnover_ratio": 23.05,
            "account_receivable_turnover_ratio": null,
            "reinvestment_rate": 29.96,
            "research_to_sale_ratio": null,
            "price_fair": 67.29,
            "eps_avg_yearly": 1.92,
            "eps_latest_yearly": 1.88,
            "eps_growth_yearly": 36.87
        },
        "20064": {
            "year_quarter": 20064,
            "year": 2006,
            "quarter": 4,
            "eps": 0.54,
            "eps_growth_year": 14.89,
            "eps_4q": 1.84,
            "eps_4q_growth_year": 11.21,
            "roe": 2.75,
            "roe_4q": 9.95,
            "gross_profit": 227282,
            "gross_margin": 9.01,
            "gross_margin_4q_avg": 9.13,
            "net_income": 43320,
            "revenue": 2522151,
            "common_shares": 889858,
            "book_valuer_per_share": 18.35,
            "book_valuer_per_share_4q_avg": 17.51,
            "equity": 1660467,
            "current_ratio": 114.94,
            "debt_ratio": 48.29,
            "inventory_turnover_ratio": 25.46,
            "account_receivable_turnover_ratio": null,
            "reinvestment_rate": 37.57,
            "research_to_sale_ratio": null,
            "price_fair": 67.99,
            "eps_avg_yearly": 1.94,
            "eps_latest_yearly": 2.16,
            "eps_growth_yearly": 33.65
        },
        "20071": {
            "year_quarter": 20071,
            "year": 2007,
            "quarter": 1,
            "eps": 0.37,
            "eps_growth_year": 42.31,
            "eps_4q": 1.89,
            "eps_4q_growth_year": 20.45,
            "roe": 1.85,
            "roe_4q": 10.35,
            "gross_profit": 219667,
            "gross_margin": 9.07,
            "gross_margin_4q_avg": 9.15,
            "net_income": 30777,
            "revenue": 2423055,
            "common_shares": 896692,
            "book_valuer_per_share": 18.64,
            "book_valuer_per_share_4q_avg": 17.88,
            "equity": 1671222,
            "current_ratio": 97.13,
            "debt_ratio": 48.19,
            "inventory_turnover_ratio": 19.77,
            "account_receivable_turnover_ratio": null,
            "reinvestment_rate": 45.47,
            "research_to_sale_ratio": null,
            "price_fair": 68.51,
            "eps_avg_yearly": 1.96,
            "eps_latest_yearly": 1.48,
            "eps_growth_yearly": 33.93
        },
        "20072": {
            "year_quarter": 20072,
            "year": 2007,
            "quarter": 2,
            "eps": 0.47,
            "eps_growth_year": -17.54,
            "eps_4q": 1.79,
            "eps_4q_growth_year": -1.71,
            "roe": 2.36,
            "roe_4q": 9.55,
            "gross_profit": 232026,
            "gross_margin": 8.67,
            "gross_margin_4q_avg": 8.93,
            "net_income": 39773,
            "revenue": 2677520,
            "common_shares": 906441,
            "book_valuer_per_share": 18.7,
            "book_valuer_per_share_4q_avg": 18.33,
            "equity": 1694646,
            "current_ratio": 97.31,
            "debt_ratio": 47.73,
            "inventory_turnover_ratio": 19.95,
            "account_receivable_turnover_ratio": null,
            "reinvestment_rate": 43.09,
            "research_to_sale_ratio": null,
            "price_fair": 67.3,
            "eps_avg_yearly": 1.95,
            "eps_latest_yearly": 1.88,
            "eps_growth_yearly": 24.56
        },
        "20073": {
            "year_quarter": 20073,
            "year": 2007,
            "quarter": 3,
            "eps": 0.54,
            "eps_growth_year": 14.89,
            "eps_4q": 1.79,
            "eps_4q_growth_year": 1.14,
            "roe": 2.85,
            "roe_4q": 9.81,
            "gross_profit": 240507,
            "gross_margin": 8.15,
            "gross_margin_4q_avg": 8.73,
            "net_income": 49221,
            "revenue": 2949910,
            "common_shares": 970380,
            "book_valuer_per_share": 18.18,
            "book_valuer_per_share_4q_avg": 18.47,
            "equity": 1763746,
            "current_ratio": 89.82,
            "debt_ratio": 51.56,
            "inventory_turnover_ratio": 19.52,
            "account_receivable_turnover_ratio": null,
            "reinvestment_rate": 69.89,
            "research_to_sale_ratio": null,
            "price_fair": 68.25,
            "eps_avg_yearly": 1.95,
            "eps_latest_yearly": 2.16,
            "eps_growth_yearly": 27.3
        },
        "20074": {
            "year_quarter": 20074,
            "year": 2007,
            "quarter": 4,
            "eps": 0.55,
            "eps_growth_year": 1.85,
            "eps_4q": 1.84,
            "eps_4q_growth_year": -0.06,
            "roe": 2.82,
            "roe_4q": 9.879999999999999,
            "gross_profit": 247393,
            "gross_margin": 8.5,
            "gross_margin_4q_avg": 8.6,
            "net_income": 51192,
            "revenue": 2908943,
            "common_shares": 976520,
            "book_valuer_per_share": 18.54,
            "book_valuer_per_share_4q_avg": 18.52,
            "equity": 1861416,
            "current_ratio": 118.83,
            "debt_ratio": 50.65,
            "inventory_turnover_ratio": 16.28,
            "account_receivable_turnover_ratio": null,
            "reinvestment_rate": 74.53,
            "research_to_sale_ratio": null,
            "price_fair": 58.85,
            "eps_avg_yearly": 1.92,
            "eps_latest_yearly": 2.2,
            "eps_growth_yearly": 20.69
        },
        "20081": {
            "year_quarter": 20081,
            "year": 2008,
            "quarter": 1,
            "eps": 0.34,
            "eps_growth_year": -8.11,
            "eps_4q": 1.74,
            "eps_4q_growth_year": -8.3,
            "roe": 1.8,
            "roe_4q": 9.83,
            "gross_profit": 240152,
            "gross_margin": 7.75,
            "gross_margin_4q_avg": 8.27,
            "net_income": 33789,
            "revenue": 3097202,
            "common_shares": 976520,
            "book_valuer_per_share": 18.9,
            "book_valuer_per_share_4q_avg": 18.58,
            "equity": 1896492,
            "current_ratio": 107.07,
            "debt_ratio": 52.16,
            "inventory_turnover_ratio": 16.63,
            "account_receivable_turnover_ratio": null,
            "reinvestment_rate": 84.87,
            "research_to_sale_ratio": null,
            "price_fair": 46.1,
            "eps_avg_yearly": 1.86,
            "eps_latest_yearly": 1.36,
            "eps_growth_yearly": 14.82
        },
        "20082": {
            "year_quarter": 20082,
            "year": 2008,
            "quarter": 2,
            "eps": 0.52,
            "eps_growth_year": 10.64,
            "eps_4q": 1.78,
            "eps_4q_growth_year": -0.45,
            "roe": 2.78,
            "roe_4q": 10.25,
            "gross_profit": 269291,
            "gross_margin": 7.59,
            "gross_margin_4q_avg": 8,
            "net_income": 53556,
            "revenue": 3547883,
            "common_shares": 1071344,
            "book_valuer_per_share": 17.75,
            "book_valuer_per_share_4q_avg": 18.34,
            "equity": 1955968,
            "current_ratio": 109.02,
            "debt_ratio": 48.41,
            "inventory_turnover_ratio": 16.16,
            "account_receivable_turnover_ratio": null,
            "reinvestment_rate": 83.72,
            "research_to_sale_ratio": null,
            "price_fair": 64.84,
            "eps_avg_yearly": 1.85,
            "eps_latest_yearly": 2.08,
            "eps_growth_yearly": 29.78
        },
        "20083": {
            "year_quarter": 20083,
            "year": 2008,
            "quarter": 3,
            "eps": 0.36,
            "eps_growth_year": -33.33,
            "eps_4q": 1.55,
            "eps_4q_growth_year": -13.17,
            "roe": 2.03,
            "roe_4q": 9.43,
            "gross_profit": 248024,
            "gross_margin": 7.39,
            "gross_margin_4q_avg": 7.81,
            "net_income": 39654,
            "revenue": 3358230,
            "common_shares": 1071344,
            "book_valuer_per_share": 17.56,
            "book_valuer_per_share_4q_avg": 18.19,
            "equity": 1942415,
            "current_ratio": 108.44,
            "debt_ratio": 46.01,
            "inventory_turnover_ratio": 18.05,
            "account_receivable_turnover_ratio": null,
            "reinvestment_rate": 87.01,
            "research_to_sale_ratio": null,
            "price_fair": 64.23,
            "eps_avg_yearly": 1.84,
            "eps_latest_yearly": 1.44,
            "eps_growth_yearly": 27.18
        },
        "20084": {
            "year_quarter": 20084,
            "year": 2008,
            "quarter": 4,
            "eps": 0.08,
            "eps_growth_year": -85.45,
            "eps_4q": 1.08,
            "eps_4q_growth_year": -41.04,
            "roe": 0.49,
            "roe_4q": 7.099999999999999,
            "gross_profit": 197343,
            "gross_margin": 8.35,
            "gross_margin_4q_avg": 7.77,
            "net_income": 9433,
            "revenue": 2362582,
            "common_shares": 1071344,
            "book_valuer_per_share": 17.4,
            "book_valuer_per_share_4q_avg": 17.9,
            "equity": 1928560,
            "current_ratio": 118.37,
            "debt_ratio": 44.68,
            "inventory_turnover_ratio": 23.02,
            "account_receivable_turnover_ratio": 10.39,
            "reinvestment_rate": 93.58,
            "research_to_sale_ratio": null,
            "price_fair": 5.09,
            "eps_avg_yearly": 1.7,
            "eps_latest_yearly": 0.32,
            "eps_growth_yearly": -4.47
        },
        "20091": {
            "year_quarter": 20091,
            "year": 2009,
            "quarter": 1,
            "eps": 0.18,
            "eps_growth_year": -47.06,
            "eps_4q": 1.01,
            "eps_4q_growth_year": -42.04,
            "roe": 1.04,
            "roe_4q": 6.34,
            "gross_profit": 203957,
            "gross_margin": 9.35,
            "gross_margin_4q_avg": 8.17,
            "net_income": 20238,
            "revenue": 2181688,
            "common_shares": 1071344,
            "book_valuer_per_share": 17.71,
            "book_valuer_per_share_4q_avg": 17.61,
            "equity": 1966270,
            "current_ratio": 118.35,
            "debt_ratio": 46.31,
            "inventory_turnover_ratio": 22.79,
            "account_receivable_turnover_ratio": 6.92,
            "reinvestment_rate": 83.87,
            "research_to_sale_ratio": null,
            "price_fair": 57.4,
            "eps_avg_yearly": 1.64,
            "eps_latest_yearly": 0.72,
            "eps_growth_yearly": 36.15
        },
        "20092": {
            "year_quarter": 20092,
            "year": 2009,
            "quarter": 2,
            "eps": 0.45,
            "eps_growth_year": -13.46,
            "eps_4q": 0.99,
            "eps_4q_growth_year": -44.49,
            "roe": 2.46,
            "roe_4q": 6.02,
            "gross_profit": 254383,
            "gross_margin": 9.29,
            "gross_margin_4q_avg": 8.6,
            "net_income": 48793,
            "revenue": 2737603,
            "common_shares": 1041520,
            "book_valuer_per_share": 18.49,
            "book_valuer_per_share_4q_avg": 17.79,
            "equity": 1996440,
            "current_ratio": 114.77,
            "debt_ratio": 48.48,
            "inventory_turnover_ratio": 20.74,
            "account_receivable_turnover_ratio": 3.99,
            "reinvestment_rate": 75.9,
            "research_to_sale_ratio": null,
            "price_fair": 58.45,
            "eps_avg_yearly": 1.67,
            "eps_latest_yearly": 1.8,
            "eps_growth_yearly": 78.03
        },
        "20093": {
            "year_quarter": 20093,
            "year": 2009,
            "quarter": 3,
            "eps": 0.48,
            "eps_growth_year": 33.33,
            "eps_4q": 1.08,
            "eps_4q_growth_year": -30.22,
            "roe": 2.6,
            "roe_4q": 6.590000000000001,
            "gross_profit": 256991,
            "gross_margin": 8.1,
            "gross_margin_4q_avg": 8.77,
            "net_income": 52810,
            "revenue": 3172183,
            "common_shares": 1041520,
            "book_valuer_per_share": 19.14,
            "book_valuer_per_share_4q_avg": 18.19,
            "equity": 2066709,
            "current_ratio": 115.47,
            "debt_ratio": 47.61,
            "inventory_turnover_ratio": 26.52,
            "account_receivable_turnover_ratio": 4.14,
            "reinvestment_rate": 73.45,
            "research_to_sale_ratio": null,
            "price_fair": 58.19,
            "eps_avg_yearly": 1.66,
            "eps_latest_yearly": 1.92,
            "eps_growth_yearly": 66.06
        },
        "20094": {
            "year_quarter": 20094,
            "year": 2009,
            "quarter": 4,
            "eps": 0.41,
            "eps_growth_year": 412.5,
            "eps_4q": 1.41,
            "eps_4q_growth_year": 30.51,
            "roe": 2.05,
            "roe_4q": 8.15,
            "gross_profit": 271491,
            "gross_margin": 7.8,
            "gross_margin_4q_avg": 8.64,
            "net_income": 44059,
            "revenue": 3482805,
            "common_shares": 1127396,
            "book_valuer_per_share": 19.82,
            "book_valuer_per_share_4q_avg": 18.79,
            "equity": 2224021,
            "current_ratio": 118.19,
            "debt_ratio": 48.21,
            "inventory_turnover_ratio": 24.09,
            "account_receivable_turnover_ratio": 10.05,
            "reinvestment_rate": 214.99,
            "research_to_sale_ratio": null,
            "price_fair": 57.66,
            "eps_avg_yearly": 1.65,
            "eps_latest_yearly": 1.64,
            "eps_growth_yearly": 64.37
        },
        "20101": {
            "year_quarter": 20101,
            "year": 2010,
            "quarter": 1,
            "eps": 0.43,
            "eps_growth_year": 138.89,
            "eps_4q": 1.67,
            "eps_4q_growth_year": 65.56,
            "roe": 2.24,
            "roe_4q": 9.350000000000001,
            "gross_profit": 312932,
            "gross_margin": 8.9,
            "gross_margin_4q_avg": 8.52,
            "net_income": 50537,
            "revenue": 3514526,
            "common_shares": 1136785,
            "book_valuer_per_share": 20.16,
            "book_valuer_per_share_4q_avg": 19.4,
            "equity": 2282899,
            "current_ratio": 119.96,
            "debt_ratio": 44.17,
            "inventory_turnover_ratio": 21.45,
            "account_receivable_turnover_ratio": 4.57,
            "reinvestment_rate": 240.12,
            "research_to_sale_ratio": null,
            "price_fair": 59.15,
            "eps_avg_yearly": 1.69,
            "eps_latest_yearly": 1.72,
            "eps_growth_yearly": 76.76
        },
        "20102": {
            "year_quarter": 20102,
            "year": 2010,
            "quarter": 2,
            "eps": 0.5,
            "eps_growth_year": 11.12,
            "eps_4q": 1.75,
            "eps_4q_growth_year": 76.32,
            "roe": 2.55,
            "roe_4q": 9.44,
            "gross_profit": 228728,
            "gross_margin": 5.99,
            "gross_margin_4q_avg": 7.7,
            "net_income": 57478,
            "revenue": 3815820,
            "common_shares": 1139762,
            "book_valuer_per_share": 19.5,
            "book_valuer_per_share_4q_avg": 19.66,
            "equity": 2221159,
            "current_ratio": 102.58,
            "debt_ratio": 45.52,
            "inventory_turnover_ratio": 30.22,
            "account_receivable_turnover_ratio": 4.42,
            "reinvestment_rate": 273.9,
            "research_to_sale_ratio": null,
            "price_fair": 58.54,
            "eps_avg_yearly": 1.67,
            "eps_latest_yearly": 2,
            "eps_growth_yearly": 51.02
        },
        "20103": {
            "year_quarter": 20103,
            "year": 2010,
            "quarter": 3,
            "eps": 0.57,
            "eps_growth_year": 18.25,
            "eps_4q": 1.87,
            "eps_4q_growth_year": 72.38,
            "roe": 2.89,
            "roe_4q": 9.73,
            "gross_profit": 280036,
            "gross_margin": 7.1,
            "gross_margin_4q_avg": 7.45,
            "net_income": 65513,
            "revenue": 3942028,
            "common_shares": 1143220,
            "book_valuer_per_share": 20.28,
            "book_valuer_per_share_4q_avg": 19.94,
            "equity": 2314701,
            "current_ratio": 106.51,
            "debt_ratio": 44.32,
            "inventory_turnover_ratio": 31.93,
            "account_receivable_turnover_ratio": 4.22,
            "reinvestment_rate": 269.08,
            "research_to_sale_ratio": null,
            "price_fair": 59.41,
            "eps_avg_yearly": 1.7,
            "eps_latest_yearly": 2.28,
            "eps_growth_yearly": 58.91
        },
        "20104": {
            "year_quarter": 20104,
            "year": 2010,
            "quarter": 4,
            "eps": 0.65,
            "eps_growth_year": 57.7,
            "eps_4q": 2.13,
            "eps_4q_growth_year": 51.04,
            "roe": 3.19,
            "roe_4q": 10.87,
            "gross_profit": 297644,
            "gross_margin": 7.28,
            "gross_margin_4q_avg": 7.32,
            "net_income": 73902,
            "revenue": 4086767,
            "common_shares": 1144684,
            "book_valuer_per_share": 20.36,
            "book_valuer_per_share_4q_avg": 20.08,
            "equity": 2324781,
            "current_ratio": 108.12,
            "debt_ratio": 46.09,
            "inventory_turnover_ratio": 29.08,
            "account_receivable_turnover_ratio": 4.19,
            "reinvestment_rate": 244.29,
            "research_to_sale_ratio": null,
            "price_fair": 60.38,
            "eps_avg_yearly": 1.73,
            "eps_latest_yearly": 2.6,
            "eps_growth_yearly": 58.69
        },
        "20111": {
            "year_quarter": 20111,
            "year": 2011,
            "quarter": 1,
            "eps": 0.27,
            "eps_growth_year": -37.21,
            "eps_4q": 1.98,
            "eps_4q_growth_year": 18.71,
            "roe": 1.35,
            "roe_4q": 9.98,
            "gross_profit": 284187,
            "gross_margin": 6.91,
            "gross_margin_4q_avg": 6.82,
            "net_income": 31509,
            "revenue": 4114749,
            "common_shares": 1146472,
            "book_valuer_per_share": 20.47,
            "book_valuer_per_share_4q_avg": 20.15,
            "equity": 2344120,
            "current_ratio": 110.84,
            "debt_ratio": 43.98,
            "inventory_turnover_ratio": 26.21,
            "account_receivable_turnover_ratio": 4.26,
            "reinvestment_rate": 245.65,
            "research_to_sale_ratio": null,
            "price_fair": 59.5,
            "eps_avg_yearly": 1.7,
            "eps_latest_yearly": 1.08,
            "eps_growth_yearly": 51.95
        },
        "20112": {
            "year_quarter": 20112,
            "year": 2011,
            "quarter": 2,
            "eps": 0.57,
            "eps_growth_year": 14.97,
            "eps_4q": 2.05,
            "eps_4q_growth_year": 17.59,
            "roe": 2.87,
            "roe_4q": 10.3,
            "gross_profit": 303523,
            "gross_margin": 6.97,
            "gross_margin_4q_avg": 7.07,
            "net_income": 65646,
            "revenue": 4355969,
            "common_shares": 1147123,
            "book_valuer_per_share": 19.37,
            "book_valuer_per_share_4q_avg": 20.12,
            "equity": 2224933,
            "current_ratio": 100.78,
            "debt_ratio": 47.65,
            "inventory_turnover_ratio": 30.28,
            "account_receivable_turnover_ratio": 4.67,
            "reinvestment_rate": 246.83,
            "research_to_sale_ratio": null,
            "price_fair": 60.38,
            "eps_avg_yearly": 1.73,
            "eps_latest_yearly": 2.28,
            "eps_growth_yearly": 72.97
        },
        "20113": {
            "year_quarter": 20113,
            "year": 2011,
            "quarter": 3,
            "eps": 0.58,
            "eps_growth_year": 2.61,
            "eps_4q": 2.05,
            "eps_4q_growth_year": 9.9,
            "roe": 2.96,
            "roe_4q": 10.37,
            "gross_profit": 276258,
            "gross_margin": 6.29,
            "gross_margin_4q_avg": 6.86,
            "net_income": 67258,
            "revenue": 4390903,
            "common_shares": 1159918,
            "book_valuer_per_share": 19.9,
            "book_valuer_per_share_4q_avg": 20.03,
            "equity": 2318692,
            "current_ratio": 104.18,
            "debt_ratio": 48.14,
            "inventory_turnover_ratio": 37.75,
            "account_receivable_turnover_ratio": 4.81,
            "reinvestment_rate": 229.64,
            "research_to_sale_ratio": null,
            "price_fair": 60.73,
            "eps_avg_yearly": 1.74,
            "eps_latest_yearly": 2.32,
            "eps_growth_yearly": 69.69
        },
        "20114": {
            "year_quarter": 20114,
            "year": 2011,
            "quarter": 4,
            "eps": 0.4,
            "eps_growth_year": -38.13,
            "eps_4q": 1.82,
            "eps_4q_growth_year": -14.92,
            "roe": 2.04,
            "roe_4q": 9.22,
            "gross_profit": 282686,
            "gross_margin": 6.51,
            "gross_margin_4q_avg": 6.67,
            "net_income": 47606,
            "revenue": 4342330,
            "common_shares": 1130088,
            "book_valuer_per_share": 20.11,
            "book_valuer_per_share_4q_avg": 19.96,
            "equity": 2343448,
            "current_ratio": 106.57,
            "debt_ratio": 47.54,
            "inventory_turnover_ratio": 32.62,
            "account_receivable_turnover_ratio": 4.64,
            "reinvestment_rate": 225.48,
            "research_to_sale_ratio": null,
            "price_fair": 59.41,
            "eps_avg_yearly": 1.7,
            "eps_latest_yearly": 1.6,
            "eps_growth_yearly": 61.46
        },
        "20121": {
            "year_quarter": 20121,
            "year": 2012,
            "quarter": 1,
            "eps": 0.42,
            "eps_growth_year": 55.56,
            "eps_4q": 1.97,
            "eps_4q_growth_year": -0.26,
            "roe": 2.08,
            "roe_4q": 9.95,
            "gross_profit": 304293,
            "gross_margin": 7.06,
            "gross_margin_4q_avg": 6.71,
            "net_income": 49506,
            "revenue": 4311693,
            "common_shares": 1130088,
            "book_valuer_per_share": 20.73,
            "book_valuer_per_share_4q_avg": 20.03,
            "equity": 2413222,
            "current_ratio": 109.55,
            "debt_ratio": 48.17,
            "inventory_turnover_ratio": 22.78,
            "account_receivable_turnover_ratio": 4.63,
            "reinvestment_rate": 216.5,
            "research_to_sale_ratio": null,
            "price_fair": 60.11,
            "eps_avg_yearly": 1.72,
            "eps_latest_yearly": 1.68,
            "eps_growth_yearly": 72.26
        },
        "20122": {
            "year_quarter": 20122,
            "year": 2012,
            "quarter": 2,
            "eps": 0.9,
            "eps_growth_year": 56.48,
            "eps_4q": 2.3,
            "eps_4q_growth_year": 12.13,
            "roe": 4.28,
            "roe_4q": 11.36,
            "gross_profit": 284933,
            "gross_margin": 6.04,
            "gross_margin_4q_avg": 6.48,
            "net_income": 102729,
            "revenue": 4717115,
            "common_shares": 1130088,
            "book_valuer_per_share": 20.46,
            "book_valuer_per_share_4q_avg": 20.3,
            "equity": 2386196,
            "current_ratio": 106.77,
            "debt_ratio": 46.52,
            "inventory_turnover_ratio": 29.91,
            "account_receivable_turnover_ratio": 5.17,
            "reinvestment_rate": 213.01,
            "research_to_sale_ratio": null,
            "price_fair": 63.44,
            "eps_avg_yearly": 1.81,
            "eps_latest_yearly": 3.6,
            "eps_growth_yearly": 87.6
        },
        "20123": {
            "year_quarter": 20123,
            "year": 2012,
            "quarter": 3,
            "eps": 0.79,
            "eps_growth_year": 34.78,
            "eps_4q": 2.51,
            "eps_4q_growth_year": 22.01,
            "roe": 3.71,
            "roe_4q": 12.11,
            "gross_profit": 312709,
            "gross_margin": 6.33,
            "gross_margin_4q_avg": 6.49,
            "net_income": 90358,
            "revenue": 4943216,
            "common_shares": 1130088,
            "book_valuer_per_share": 21.38,
            "book_valuer_per_share_4q_avg": 20.67,
            "equity": 2490255,
            "current_ratio": 110.43,
            "debt_ratio": 46.04,
            "inventory_turnover_ratio": 48.12,
            "account_receivable_turnover_ratio": 5.13,
            "reinvestment_rate": 210.12,
            "research_to_sale_ratio": null,
            "price_fair": 67.2,
            "eps_avg_yearly": 1.92,
            "eps_latest_yearly": 3.16,
            "eps_growth_yearly": 92.23
        },
        "20124": {
            "year_quarter": 20124,
            "year": 2012,
            "quarter": 4,
            "eps": 0.34,
            "eps_growth_year": -14.33,
            "eps_4q": 2.45,
            "eps_4q_growth_year": 34.82,
            "roe": 1.7,
            "roe_4q": 11.770000000000001,
            "gross_profit": 293745,
            "gross_margin": 5.93,
            "gross_margin_4q_avg": 6.34,
            "net_income": 42587,
            "revenue": 4957401,
            "common_shares": 1130088,
            "book_valuer_per_share": 21.68,
            "book_valuer_per_share_4q_avg": 21.06,
            "equity": 2527976,
            "current_ratio": 109.01,
            "debt_ratio": 49.17,
            "inventory_turnover_ratio": 32.48,
            "account_receivable_turnover_ratio": 4.82,
            "reinvestment_rate": 209.2,
            "research_to_sale_ratio": null,
            "price_fair": 69.48,
            "eps_avg_yearly": 1.99,
            "eps_latest_yearly": 1.36,
            "eps_growth_yearly": 97.44
        },
        "20131": {
            "year_quarter": 20131,
            "year": 2013,
            "quarter": 1,
            "eps": 0.5,
            "eps_growth_year": 19.05,
            "eps_4q": 2.53,
            "eps_4q_growth_year": 28.29,
            "roe": 2.23,
            "roe_4q": 11.92,
            "gross_profit": 297399,
            "gross_margin": 6.26,
            "gross_margin_4q_avg": 6.14,
            "net_income": 59295,
            "revenue": 4748732,
            "common_shares": 1130088,
            "book_valuer_per_share": 23.96,
            "book_valuer_per_share_4q_avg": 21.87,
            "equity": 2788774,
            "current_ratio": 113.17,
            "debt_ratio": 46.64,
            "inventory_turnover_ratio": 22.14,
            "account_receivable_turnover_ratio": 4.69,
            "reinvestment_rate": 117.77,
            "research_to_sale_ratio": null,
            "price_fair": 72.28,
            "eps_avg_yearly": 2.07,
            "eps_latest_yearly": 2,
            "eps_growth_yearly": 77.95
        },
        "20132": {
            "year_quarter": 20132,
            "year": 2013,
            "quarter": 2,
            "eps": 0.47,
            "eps_growth_year": -47.75,
            "eps_4q": 2.1,
            "eps_4q_growth_year": -8.84,
            "roe": 1.98,
            "roe_4q": 9.620000000000001,
            "gross_profit": 298134,
            "gross_margin": 6.27,
            "gross_margin_4q_avg": 6.2,
            "net_income": 54301,
            "revenue": 4752389,
            "common_shares": 1130088,
            "book_valuer_per_share": 23,
            "book_valuer_per_share_4q_avg": 22.51,
            "equity": 2686331,
            "current_ratio": 107.67,
            "debt_ratio": 47.52,
            "inventory_turnover_ratio": 27.43,
            "account_receivable_turnover_ratio": 4.84,
            "reinvestment_rate": 121.21,
            "research_to_sale_ratio": null,
            "price_fair": 72.45,
            "eps_avg_yearly": 2.07,
            "eps_latest_yearly": 1.88,
            "eps_growth_yearly": 38.95
        },
        "20133": {
            "year_quarter": 20133,
            "year": 2013,
            "quarter": 3,
            "eps": 0.74,
            "eps_growth_year": -5.74,
            "eps_4q": 2.06,
            "eps_4q_growth_year": -17.86,
            "roe": 3.13,
            "roe_4q": 9.04,
            "gross_profit": 304374,
            "gross_margin": 5.97,
            "gross_margin_4q_avg": 6.11,
            "net_income": 85541,
            "revenue": 5099600,
            "common_shares": 1130088,
            "book_valuer_per_share": 23.81,
            "book_valuer_per_share_4q_avg": 23.11,
            "equity": 2777605,
            "current_ratio": 108.94,
            "debt_ratio": 46.61,
            "inventory_turnover_ratio": 36.93,
            "account_receivable_turnover_ratio": 5.23,
            "reinvestment_rate": 124.75,
            "research_to_sale_ratio": null,
            "price_fair": 74.73,
            "eps_avg_yearly": 2.14,
            "eps_latest_yearly": 2.96,
            "eps_growth_yearly": 51.65
        },
        "20134": {
            "year_quarter": 20134,
            "year": 2013,
            "quarter": 4,
            "eps": 0.51,
            "eps_growth_year": 50.05,
            "eps_4q": 2.23,
            "eps_4q_growth_year": -8.93,
            "roe": 2.13,
            "roe_4q": 9.47,
            "gross_profit": 292274,
            "gross_margin": 5.6,
            "gross_margin_4q_avg": 6.03,
            "net_income": 60232,
            "revenue": 5214779,
            "common_shares": 1130088,
            "book_valuer_per_share": 24.68,
            "book_valuer_per_share_4q_avg": 23.86,
            "equity": 2880102,
            "current_ratio": 105.05,
            "debt_ratio": 48.24,
            "inventory_turnover_ratio": 27.07,
            "account_receivable_turnover_ratio": 5.2,
            "reinvestment_rate": 29.42,
            "research_to_sale_ratio": null,
            "price_fair": 75.6,
            "eps_avg_yearly": 2.16,
            "eps_latest_yearly": 2.04,
            "eps_growth_yearly": 47.52
        },
        "20141": {
            "year_quarter": 20141,
            "year": 2014,
            "quarter": 1,
            "eps": 0.33,
            "eps_growth_year": -34,
            "eps_4q": 2.06,
            "eps_4q_growth_year": -18.72,
            "roe": 1.36,
            "roe_4q": 8.6,
            "gross_profit": 279095,
            "gross_margin": 5.72,
            "gross_margin_4q_avg": 5.89,
            "net_income": 39391,
            "revenue": 4876549,
            "common_shares": 1130088,
            "book_valuer_per_share": 24.85,
            "book_valuer_per_share_4q_avg": 24.09,
            "equity": 2900913,
            "current_ratio": 110.44,
            "debt_ratio": 48.55,
            "inventory_turnover_ratio": 21.61,
            "account_receivable_turnover_ratio": 4.87,
            "reinvestment_rate": 27.19,
            "research_to_sale_ratio": null,
            "price_fair": 74.73,
            "eps_avg_yearly": 2.14,
            "eps_latest_yearly": 1.32,
            "eps_growth_yearly": 37.48
        },
        "20142": {
            "year_quarter": 20142,
            "year": 2014,
            "quarter": 2,
            "eps": 0.46,
            "eps_growth_year": -2.13,
            "eps_4q": 2.05,
            "eps_4q_growth_year": -2.5,
            "roe": 1.91,
            "roe_4q": 8.530000000000001,
            "gross_profit": 303516,
            "gross_margin": 5.81,
            "gross_margin_4q_avg": 5.78,
            "net_income": 53858,
            "revenue": 5225166,
            "common_shares": 1130088,
            "book_valuer_per_share": 23.35,
            "book_valuer_per_share_4q_avg": 24.17,
            "equity": 2733434,
            "current_ratio": 87.25,
            "debt_ratio": 51.01,
            "inventory_turnover_ratio": 24.15,
            "account_receivable_turnover_ratio": 5.22,
            "reinvestment_rate": 39.65,
            "research_to_sale_ratio": null,
            "price_fair": 74.38,
            "eps_avg_yearly": 2.13,
            "eps_latest_yearly": 1.84,
            "eps_growth_yearly": 43.26
        },
        "20143": {
            "year_quarter": 20143,
            "year": 2014,
            "quarter": 3,
            "eps": 0.73,
            "eps_growth_year": -1.35,
            "eps_4q": 2.03,
            "eps_4q_growth_year": -1.19,
            "roe": 3.03,
            "roe_4q": 8.43,
            "gross_profit": 297892,
            "gross_margin": 5.57,
            "gross_margin_4q_avg": 5.68,
            "net_income": 84380,
            "revenue": 5349147,
            "common_shares": 1130088,
            "book_valuer_per_share": 24.16,
            "book_valuer_per_share_4q_avg": 24.26,
            "equity": 2844731,
            "current_ratio": 93.95,
            "debt_ratio": 52.09,
            "inventory_turnover_ratio": 27.8,
            "account_receivable_turnover_ratio": 5.1,
            "reinvestment_rate": 50.35,
            "research_to_sale_ratio": null,
            "price_fair": 75.78,
            "eps_avg_yearly": 2.17,
            "eps_latest_yearly": 2.92,
            "eps_growth_yearly": 54.43
        },
        "20144": {
            "year_quarter": 20144,
            "year": 2014,
            "quarter": 4,
            "eps": 0.5,
            "eps_growth_year": -2.11,
            "eps_4q": 2.02,
            "eps_4q_growth_year": -9.28,
            "roe": 2.04,
            "roe_4q": 8.34,
            "gross_profit": 334803,
            "gross_margin": 6.92,
            "gross_margin_4q_avg": 6.01,
            "net_income": 59187,
            "revenue": 4838953,
            "common_shares": 1130088,
            "book_valuer_per_share": 25.18,
            "book_valuer_per_share_4q_avg": 24.39,
            "equity": 2965400,
            "current_ratio": 120.51,
            "debt_ratio": 50.55,
            "inventory_turnover_ratio": 31.87,
            "account_receivable_turnover_ratio": 4.72,
            "reinvestment_rate": 67.17,
            "research_to_sale_ratio": null,
            "price_fair": 74.46,
            "eps_avg_yearly": 2.13,
            "eps_latest_yearly": 2,
            "eps_growth_yearly": 43.05
        },
        "20151": {
            "year_quarter": 20151,
            "year": 2015,
            "quarter": 1,
            "eps": 0.38,
            "eps_growth_year": 15.15,
            "eps_4q": 2.07,
            "eps_4q_growth_year": 0.85,
            "roe": 1.53,
            "roe_4q": 8.51,
            "gross_profit": 306925,
            "gross_margin": 7.97,
            "gross_margin_4q_avg": 6.57,
            "net_income": 45575,
            "revenue": 3851224,
            "common_shares": 1130088,
            "book_valuer_per_share": 25.27,
            "book_valuer_per_share_4q_avg": 24.49,
            "equity": 2977293,
            "current_ratio": 121.48,
            "debt_ratio": 48.68,
            "inventory_turnover_ratio": 27.06,
            "account_receivable_turnover_ratio": 4.12,
            "reinvestment_rate": 60.18,
            "research_to_sale_ratio": null,
            "price_fair": 75.43,
            "eps_avg_yearly": 2.16,
            "eps_latest_yearly": 1.52,
            "eps_growth_yearly": 51.66
        },
        "20152": {
            "year_quarter": 20152,
            "year": 2015,
            "quarter": 2,
            "eps": 0.5,
            "eps_growth_year": 8.7,
            "eps_4q": 2.12,
            "eps_4q_growth_year": 3.37,
            "roe": 2,
            "roe_4q": 8.6,
            "gross_profit": 321232,
            "gross_margin": 7.67,
            "gross_margin_4q_avg": 7.03,
            "net_income": 58250,
            "revenue": 4190030,
            "common_shares": 1130088,
            "book_valuer_per_share": 24.11,
            "book_valuer_per_share_4q_avg": 24.68,
            "equity": 2848730,
            "current_ratio": 106.99,
            "debt_ratio": 52.1,
            "inventory_turnover_ratio": 29.81,
            "account_receivable_turnover_ratio": 4.5,
            "reinvestment_rate": 62.11,
            "research_to_sale_ratio": null,
            "price_fair": 74.81,
            "eps_avg_yearly": 2.14,
            "eps_latest_yearly": 2,
            "eps_growth_yearly": 31.78
        },
        "20153": {
            "year_quarter": 20153,
            "year": 2015,
            "quarter": 3,
            "eps": 0.55,
            "eps_growth_year": -24.66,
            "eps_4q": 1.93,
            "eps_4q_growth_year": -5.05,
            "roe": 2.2,
            "roe_4q": 7.7700000000000005,
            "gross_profit": 301216,
            "gross_margin": 7.61,
            "gross_margin_4q_avg": 7.54,
            "net_income": 63127,
            "revenue": 3955943,
            "common_shares": 1130088,
            "book_valuer_per_share": 24.45,
            "book_valuer_per_share_4q_avg": 24.75,
            "equity": 2894898,
            "current_ratio": 112.84,
            "debt_ratio": 48.63,
            "inventory_turnover_ratio": 30.35,
            "account_receivable_turnover_ratio": 4.17,
            "reinvestment_rate": 50.96,
            "research_to_sale_ratio": null,
            "price_fair": 74.55,
            "eps_avg_yearly": 2.13,
            "eps_latest_yearly": 2.2,
            "eps_growth_yearly": 33.84
        },
        "20154": {
            "year_quarter": 20154,
            "year": 2015,
            "quarter": 4,
            "eps": 0.47,
            "eps_growth_year": -5.83,
            "eps_4q": 1.9,
            "eps_4q_growth_year": -5.99,
            "roe": 1.92,
            "roe_4q": 7.65,
            "gross_profit": 315404,
            "gross_margin": 8.24,
            "gross_margin_4q_avg": 7.87,
            "net_income": 55592,
            "revenue": 3827959,
            "common_shares": 1130132,
            "book_valuer_per_share": 24.35,
            "book_valuer_per_share_4q_avg": 24.55,
            "equity": 2881113,
            "current_ratio": 111.43,
            "debt_ratio": 48.6,
            "inventory_turnover_ratio": 30.64,
            "account_receivable_turnover_ratio": 4.35,
            "reinvestment_rate": 51.49,
            "research_to_sale_ratio": null,
            "price_fair": 75.16,
            "eps_avg_yearly": 2.15,
            "eps_latest_yearly": 1.88,
            "eps_growth_yearly": 37.96
        },
        "20161": {
            "year_quarter": 20161,
            "year": 2016,
            "quarter": 1,
            "eps": 0.55,
            "eps_growth_year": 44.74,
            "eps_4q": 2.06,
            "eps_4q_growth_year": -0.77,
            "roe": 2.13,
            "roe_4q": 8.25,
            "gross_profit": 345259,
            "gross_margin": 10.42,
            "gross_margin_4q_avg": 8.49,
            "net_income": 62205,
            "revenue": 3312212,
            "common_shares": 1138832,
            "book_valuer_per_share": 24.98,
            "book_valuer_per_share_4q_avg": 24.47,
            "equity": 2972772,
            "current_ratio": 117.71,
            "debt_ratio": 47.4,
            "inventory_turnover_ratio": 28.33,
            "account_receivable_turnover_ratio": 4.04,
            "reinvestment_rate": 47.58,
            "research_to_sale_ratio": null,
            "price_fair": 76.3,
            "eps_avg_yearly": 2.18,
            "eps_latest_yearly": 2.2,
            "eps_growth_yearly": 40.97
        },
        "20162": {
            "year_quarter": 20162,
            "year": 2016,
            "quarter": 2,
            "eps": 0.88,
            "eps_growth_year": 76,
            "eps_4q": 2.42,
            "eps_4q_growth_year": 14.31,
            "roe": 3.41,
            "roe_4q": 9.66,
            "gross_profit": 384139,
            "gross_margin": 9.63,
            "gross_margin_4q_avg": 8.98,
            "net_income": 100044,
            "revenue": 3989579,
            "common_shares": 1146859,
            "book_valuer_per_share": 24.16,
            "book_valuer_per_share_4q_avg": 24.49,
            "equity": 2897362,
            "current_ratio": 81.22,
            "debt_ratio": 50.01,
            "inventory_turnover_ratio": 31.97,
            "account_receivable_turnover_ratio": 4.67,
            "reinvestment_rate": 44.57,
            "research_to_sale_ratio": null,
            "price_fair": 76.13,
            "eps_avg_yearly": 2.18,
            "eps_latest_yearly": 3.52,
            "eps_growth_yearly": 27.4
        },
        "20163": {
            "year_quarter": 20163,
            "year": 2016,
            "quarter": 3,
            "eps": 0.93,
            "eps_growth_year": 69.09,
            "eps_4q": 2.69,
            "eps_4q_growth_year": 39.21,
            "roe": 3.62,
            "roe_4q": 11.08,
            "gross_profit": 354283,
            "gross_margin": 8.87,
            "gross_margin_4q_avg": 9.29,
            "net_income": 108237,
            "revenue": 3995183,
            "common_shares": 1199524,
            "book_valuer_per_share": 24.66,
            "book_valuer_per_share_4q_avg": 24.54,
            "equity": 3080384,
            "current_ratio": 88.4,
            "debt_ratio": 45.09,
            "inventory_turnover_ratio": 32.98,
            "account_receivable_turnover_ratio": 4.29,
            "reinvestment_rate": 32.92,
            "research_to_sale_ratio": null,
            "price_fair": 77.35,
            "eps_avg_yearly": 2.21,
            "eps_latest_yearly": 3.72,
            "eps_growth_yearly": 31.87
        },
        "20164": {
            "year_quarter": 20164,
            "year": 2016,
            "quarter": 4,
            "eps": 0.71,
            "eps_growth_year": 50.64,
            "eps_4q": 2.85,
            "eps_4q_growth_year": 49.63,
            "roe": 2.88,
            "roe_4q": 12.04,
            "gross_profit": 395075,
            "gross_margin": 9.27,
            "gross_margin_4q_avg": 9.55,
            "net_income": 93142,
            "revenue": 4263590,
            "common_shares": 1261047,
            "book_valuer_per_share": 25.84,
            "book_valuer_per_share_4q_avg": 24.91,
            "equity": 3380239,
            "current_ratio": 88.01,
            "debt_ratio": 48.28,
            "inventory_turnover_ratio": 28.82,
            "account_receivable_turnover_ratio": 4.31,
            "reinvestment_rate": 20.02,
            "research_to_sale_ratio": null,
            "price_fair": 80.59,
            "eps_avg_yearly": 2.3,
            "eps_latest_yearly": 2.84,
            "eps_growth_yearly": 40.2
        },
        "20171": {
            "year_quarter": 20171,
            "year": 2017,
            "quarter": 1,
            "eps": 2.8,
            "eps_growth_year": 409.09,
            "eps_4q": 5.11,
            "eps_4q_growth_year": 148.26,
            "roe": 9.78,
            "roe_4q": 19.69,
            "gross_profit": 368314,
            "gross_margin": 8.83,
            "gross_margin_4q_avg": 9.15,
            "net_income": 353136,
            "revenue": 4169130,
            "common_shares": 1272428,
            "book_valuer_per_share": 29.32,
            "book_valuer_per_share_4q_avg": 26,
            "equity": 3844830,
            "current_ratio": 95.87,
            "debt_ratio": 42.61,
            "inventory_turnover_ratio": 26.99,
            "account_receivable_turnover_ratio": 4.18,
            "reinvestment_rate": 142.12,
            "research_to_sale_ratio": null,
            "price_fair": 100.71,
            "eps_avg_yearly": 2.88,
            "eps_latest_yearly": 11.2,
            "eps_growth_yearly": 102.03
        },
        "20172": {
            "year_quarter": 20172,
            "year": 2017,
            "quarter": 2,
            "eps": 0.57,
            "eps_growth_year": -35.23,
            "eps_4q": 4.83,
            "eps_4q_growth_year": 99.85,
            "roe": 2.03,
            "roe_4q": 18.31,
            "gross_profit": 382547,
            "gross_margin": 9.27,
            "gross_margin_4q_avg": 9.06,
            "net_income": 76057,
            "revenue": 4128646,
            "common_shares": 1289284,
            "book_valuer_per_share": 27.41,
            "book_valuer_per_share_4q_avg": 26.81,
            "equity": 3656490,
            "current_ratio": 85.73,
            "debt_ratio": 44.75,
            "inventory_turnover_ratio": 28.58,
            "account_receivable_turnover_ratio": 4.49,
            "reinvestment_rate": 136.78,
            "research_to_sale_ratio": null,
            "price_fair": 101.59,
            "eps_avg_yearly": 2.9,
            "eps_latest_yearly": 2.28,
            "eps_growth_yearly": 83.61
        },
        "20173": {
            "year_quarter": 20173,
            "year": 2017,
            "quarter": 3,
            "eps": 0.66,
            "eps_growth_year": -29.03,
            "eps_4q": 4.54,
            "eps_4q_growth_year": 68.78,
            "roe": 2.33,
            "roe_4q": 17.02,
            "gross_profit": 372009,
            "gross_margin": 8.65,
            "gross_margin_4q_avg": 9.01,
            "net_income": 89391,
            "revenue": 4301282,
            "common_shares": 1326137,
            "book_valuer_per_share": 29.43,
            "book_valuer_per_share_4q_avg": 28,
            "equity": 4030475,
            "current_ratio": 91.92,
            "debt_ratio": 41.62,
            "inventory_turnover_ratio": 24.28,
            "account_receivable_turnover_ratio": 4.71,
            "reinvestment_rate": 149.22,
            "research_to_sale_ratio": null,
            "price_fair": 100.89,
            "eps_avg_yearly": 2.88,
            "eps_latest_yearly": 2.64,
            "eps_growth_yearly": 73.2
        },
        "20174": {
            "year_quarter": 20174,
            "year": 2017,
            "quarter": 4,
            "eps": 0.27,
            "eps_growth_year": -61.94,
            "eps_4q": 4.1,
            "eps_4q_growth_year": 43.94,
            "roe": 0.8,
            "roe_4q": 14.94,
            "gross_profit": 366103,
            "gross_margin": 8.26,
            "gross_margin_4q_avg": 8.75,
            "net_income": 32563,
            "revenue": 4429660,
            "common_shares": 1337913,
            "book_valuer_per_share": 30.12,
            "book_valuer_per_share_4q_avg": 29.07,
            "equity": 4152749,
            "current_ratio": 90.16,
            "debt_ratio": 42.08,
            "inventory_turnover_ratio": 20.98,
            "account_receivable_turnover_ratio": 4.61,
            "reinvestment_rate": 157.16,
            "research_to_sale_ratio": null,
            "price_fair": 98.79,
            "eps_avg_yearly": 2.82,
            "eps_latest_yearly": 1.08,
            "eps_growth_yearly": 66.2
        },
        "20181": {
            "year_quarter": 20181,
            "year": 2018,
            "quarter": 1,
            "eps": 0.38,
            "eps_growth_year": -86.43,
            "eps_4q": 1.83,
            "eps_4q_growth_year": -64.11,
            "roe": 1.17,
            "roe_4q": 6.33,
            "gross_profit": 355418,
            "gross_margin": 8.18,
            "gross_margin_4q_avg": 8.59,
            "net_income": 49287,
            "revenue": 4344300,
            "common_shares": 1339741,
            "book_valuer_per_share": 30.82,
            "book_valuer_per_share_4q_avg": 29.45,
            "equity": 4253717,
            "current_ratio": 91.61,
            "debt_ratio": 40.22,
            "inventory_turnover_ratio": 19.45,
            "account_receivable_turnover_ratio": 4.75,
            "reinvestment_rate": 21.6,
            "research_to_sale_ratio": null,
            "price_fair": 99.23,
            "eps_avg_yearly": 2.84,
            "eps_latest_yearly": 1.52,
            "eps_growth_yearly": 85.21
        },
        "20182": {
            "year_quarter": 20182,
            "year": 2018,
            "quarter": 2,
            "eps": 0.38,
            "eps_growth_year": -33.33,
            "eps_4q": 1.63,
            "eps_4q_growth_year": -66.19,
            "roe": 1.18,
            "roe_4q": 5.4799999999999995,
            "gross_profit": 388515,
            "gross_margin": 8.09,
            "gross_margin_4q_avg": 8.3,
            "net_income": 49513,
            "revenue": 4804024,
            "common_shares": 1365730,
            "book_valuer_per_share": 29.38,
            "book_valuer_per_share_4q_avg": 29.94,
            "equity": 4163620,
            "current_ratio": 89.11,
            "debt_ratio": 44.15,
            "inventory_turnover_ratio": 22.1,
            "account_receivable_turnover_ratio": 5.24,
            "reinvestment_rate": -3.34,
            "research_to_sale_ratio": null,
            "price_fair": 98.53,
            "eps_avg_yearly": 2.82,
            "eps_latest_yearly": 1.52,
            "eps_growth_yearly": 75.36
        },
        "20183": {
            "year_quarter": 20183,
            "year": 2018,
            "quarter": 3,
            "eps": 0.75,
            "eps_growth_year": 13.64,
            "eps_4q": 1.75,
            "eps_4q_growth_year": -61.46,
            "roe": 2.28,
            "roe_4q": 5.43,
            "gross_profit": 382850,
            "gross_margin": 7.54,
            "gross_margin_4q_avg": 8.02,
            "net_income": 100581,
            "revenue": 5074289,
            "common_shares": 1370950,
            "book_valuer_per_share": 32.97,
            "book_valuer_per_share_4q_avg": 30.82,
            "equity": 4659174,
            "current_ratio": 97.82,
            "debt_ratio": 42.63,
            "inventory_turnover_ratio": 20.95,
            "account_receivable_turnover_ratio": 5.05,
            "reinvestment_rate": -11.95,
            "research_to_sale_ratio": null,
            "price_fair": 98.7,
            "eps_avg_yearly": 2.82,
            "eps_latest_yearly": 3,
            "eps_growth_yearly": 85.03
        },
        "20184": {
            "year_quarter": 20184,
            "year": 2018,
            "quarter": 4,
            "eps": 0.26,
            "eps_growth_year": -4.9,
            "eps_4q": 1.74,
            "eps_4q_growth_year": -57.48,
            "roe": 0.84,
            "roe_4q": 5.47,
            "gross_profit": 337458,
            "gross_margin": 7.04,
            "gross_margin_4q_avg": 7.71,
            "net_income": 36721,
            "revenue": 4793680,
            "common_shares": 1371389,
            "book_valuer_per_share": 29.13,
            "book_valuer_per_share_4q_avg": 30.58,
            "equity": 4085261,
            "current_ratio": 97.19,
            "debt_ratio": 45.07,
            "inventory_turnover_ratio": 24.85,
            "account_receivable_turnover_ratio": 4.78,
            "reinvestment_rate": -18.23,
            "research_to_sale_ratio": null,
            "price_fair": 96.6,
            "eps_avg_yearly": 2.76,
            "eps_latest_yearly": 1.04,
            "eps_growth_yearly": 76.57
        },
        "20191": {
            "year_quarter": 20191,
            "year": 2019,
            "quarter": 1,
            "eps": 0.39,
            "eps_growth_year": 2.63,
            "eps_4q": 1.75,
            "eps_4q_growth_year": -4.37,
            "roe": 1.29,
            "roe_4q": 5.59,
            "gross_profit": 375731,
            "gross_margin": 8.85,
            "gross_margin_4q_avg": 7.88,
            "net_income": 53967,
            "revenue": 4244187,
            "common_shares": 1372763,
            "book_valuer_per_share": 30.28,
            "book_valuer_per_share_4q_avg": 30.44,
            "equity": 4249960,
            "current_ratio": 88.51,
            "debt_ratio": 51.27,
            "inventory_turnover_ratio": 27.21,
            "account_receivable_turnover_ratio": 4.5,
            "reinvestment_rate": -13.46,
            "research_to_sale_ratio": null,
            "price_fair": 96.69,
            "eps_avg_yearly": 2.76,
            "eps_latest_yearly": 1.56,
            "eps_growth_yearly": 95.07
        },
        "20192": {
            "year_quarter": 20192,
            "year": 2019,
            "quarter": 2,
            "eps": 0.49,
            "eps_growth_year": 28.95,
            "eps_4q": 1.87,
            "eps_4q_growth_year": 14.43,
            "roe": 1.63,
            "roe_4q": 6.039999999999999,
            "gross_profit": 382768,
            "gross_margin": 8.24,
            "gross_margin_4q_avg": 7.92,
            "net_income": 67747,
            "revenue": 4644158,
            "common_shares": 1372818,
            "book_valuer_per_share": 29,
            "book_valuer_per_share_4q_avg": 30.35,
            "equity": 4076172,
            "current_ratio": 88.37,
            "debt_ratio": 54.13,
            "inventory_turnover_ratio": 21.42,
            "account_receivable_turnover_ratio": 4.96,
            "reinvestment_rate": -17.81,
            "research_to_sale_ratio": null,
            "price_fair": 96.6,
            "eps_avg_yearly": 2.76,
            "eps_latest_yearly": 1.96,
            "eps_growth_yearly": 93.59
        },
        "20193": {
            "year_quarter": 20193,
            "year": 2019,
            "quarter": 3,
            "eps": 0.9,
            "eps_growth_year": 20,
            "eps_4q": 2.03,
            "eps_4q_growth_year": 15.87,
            "roe": 4.24,
            "roe_4q": 8,
            "gross_profit": 332950,
            "gross_margin": 7.34,
            "gross_margin_4q_avg": 7.87,
            "net_income": 173438,
            "revenue": 4535487,
            "common_shares": 1372818,
            "book_valuer_per_share": 28.85,
            "book_valuer_per_share_4q_avg": 29.32,
            "equity": 4102592,
            "current_ratio": 105.31,
            "debt_ratio": 54.67,
            "inventory_turnover_ratio": 21.65,
            "account_receivable_turnover_ratio": 4.72,
            "reinvestment_rate": -15.82,
            "research_to_sale_ratio": null,
            "price_fair": 99.66,
            "eps_avg_yearly": 2.85,
            "eps_latest_yearly": 3.6,
            "eps_growth_yearly": 112
        },
        "20194": {
            "year_quarter": 20194,
            "year": 2019,
            "quarter": 4,
            "eps": 0.37,
            "eps_growth_year": 44.13,
            "eps_4q": 2.14,
            "eps_4q_growth_year": 22.91,
            "roe": 1.27,
            "roe_4q": 8.43,
            "gross_profit": 389040,
            "gross_margin": 8.48,
            "gross_margin_4q_avg": 8.23,
            "net_income": 52748,
            "revenue": 4588825,
            "common_shares": 1372818,
            "book_valuer_per_share": 29.58,
            "book_valuer_per_share_4q_avg": 29.43,
            "equity": 4201507,
            "current_ratio": 100.43,
            "debt_ratio": 52.99,
            "inventory_turnover_ratio": 23.6,
            "account_receivable_turnover_ratio": 4.87,
            "reinvestment_rate": -1.3,
            "research_to_sale_ratio": null,
            "price_fair": 98.79,
            "eps_avg_yearly": 2.82,
            "eps_latest_yearly": 1.48,
            "eps_growth_yearly": 100.92
        },
        "20201": {
            "year_quarter": 20201,
            "year": 2020,
            "quarter": 1,
            "eps": 0.47,
            "eps_growth_year": 20.51,
            "eps_4q": 2.22,
            "eps_4q_growth_year": 26.73,
            "roe": 1.53,
            "roe_4q": 8.67,
            "gross_profit": 403099,
            "gross_margin": 9.61,
            "gross_margin_4q_avg": 8.42,
            "net_income": 65292,
            "revenue": 4193357,
            "common_shares": 1372818,
            "book_valuer_per_share": 30.52,
            "book_valuer_per_share_4q_avg": 29.49,
            "equity": 4328452,
            "current_ratio": 99.68,
            "debt_ratio": 49.87,
            "inventory_turnover_ratio": 26.4,
            "account_receivable_turnover_ratio": 4.74,
            "reinvestment_rate": 0.71,
            "research_to_sale_ratio": null,
            "price_fair": 98.09,
            "eps_avg_yearly": 2.8,
            "eps_latest_yearly": 1.88,
            "eps_growth_yearly": 103.42
        },
        "20202": {
            "year_quarter": 20202,
            "year": 2020,
            "quarter": 2,
            "eps": 0.54,
            "eps_growth_year": 10.2,
            "eps_4q": 2.28,
            "eps_4q_growth_year": 21.77,
            "roe": 1.77,
            "roe_4q": 8.81,
            "gross_profit": 414248,
            "gross_margin": 11.9,
            "gross_margin_4q_avg": 9.33,
            "net_income": 76551,
            "revenue": 3480658,
            "common_shares": 1372818,
            "book_valuer_per_share": 30.32,
            "book_valuer_per_share_4q_avg": 29.82,
            "equity": 4301735,
            "current_ratio": 97.62,
            "debt_ratio": 51.33,
            "inventory_turnover_ratio": 26.26,
            "account_receivable_turnover_ratio": 4.14,
            "reinvestment_rate": -2.24,
            "research_to_sale_ratio": null,
            "price_fair": 95.11,
            "eps_avg_yearly": 2.72,
            "eps_latest_yearly": 2.16,
            "eps_growth_yearly": 92.14
        },
        "20203": {
            "year_quarter": 20203,
            "year": 2020,
            "quarter": 3,
            "eps": 1.27,
            "eps_growth_year": 41.11,
            "eps_4q": 2.65,
            "eps_4q_growth_year": 30.93,
            "roe": 3.77,
            "roe_4q": 8.34,
            "gross_profit": 476969,
            "gross_margin": 11.36,
            "gross_margin_4q_avg": 10.34,
            "net_income": 174380,
            "revenue": 4197542,
            "common_shares": 1372818,
            "book_valuer_per_share": 34.98,
            "book_valuer_per_share_4q_avg": 31.35,
            "equity": 4939120,
            "current_ratio": 112.31,
            "debt_ratio": 47.99,
            "inventory_turnover_ratio": 29.84,
            "account_receivable_turnover_ratio": 4.98,
            "reinvestment_rate": -1.08,
            "research_to_sale_ratio": null,
            "price_fair": 98.09,
            "eps_avg_yearly": 2.8,
            "eps_latest_yearly": 5.08,
            "eps_growth_yearly": 124.52
        },
        "20204": {
            "year_quarter": 20204,
            "year": 2020,
            "quarter": 4,
            "eps": 0.45,
            "eps_growth_year": 21.19,
            "eps_4q": 2.73,
            "eps_4q_growth_year": 27.63,
            "roe": 1.25,
            "roe_4q": 8.319999999999999,
            "gross_profit": 449360,
            "gross_margin": 11,
            "gross_margin_4q_avg": 10.97,
            "net_income": 63666,
            "revenue": 4083943,
            "common_shares": 1372818,
            "book_valuer_per_share": 37.42,
            "book_valuer_per_share_4q_avg": 33.31,
            "equity": 5275744,
            "current_ratio": 97.12,
            "debt_ratio": 47.47,
            "inventory_turnover_ratio": 23.88,
            "account_receivable_turnover_ratio": 4.79,
            "reinvestment_rate": 12.64,
            "research_to_sale_ratio": null,
            "price_fair": 95.81,
            "eps_avg_yearly": 2.74,
            "eps_latest_yearly": 1.8,
            "eps_growth_yearly": 114.29
        },
        "20211": {
            "year_quarter": 20211,
            "year": 2021,
            "quarter": 1,
            "eps": 0.64,
            "eps_growth_year": 36.17,
            "eps_4q": 2.91,
            "eps_4q_growth_year": 30.77,
            "roe": 1.68,
            "roe_4q": 8.469999999999999,
            "gross_profit": 475807,
            "gross_margin": 10.95,
            "gross_margin_4q_avg": 11.3,
            "net_income": 89796,
            "revenue": 4344764,
            "common_shares": 1372818,
            "book_valuer_per_share": 38.41,
            "book_valuer_per_share_4q_avg": 35.28,
            "equity": 5412780,
            "current_ratio": 106.5,
            "debt_ratio": 46.51,
            "inventory_turnover_ratio": 20.32,
            "account_receivable_turnover_ratio": 4.84,
            "reinvestment_rate": -65.07,
            "research_to_sale_ratio": null,
            "price_fair": 76.91,
            "eps_avg_yearly": 2.2,
            "eps_latest_yearly": 2.56,
            "eps_growth_yearly": 51.25
        },
        "20212": {
            "year_quarter": 20212,
            "year": 2021,
            "quarter": 2,
            "eps": 0.49,
            "eps_growth_year": -9.26,
            "eps_4q": 2.86,
            "eps_4q_growth_year": 25.4,
            "roe": 1.2,
            "roe_4q": 7.9,
            "gross_profit": 420204,
            "gross_margin": 9.15,
            "gross_margin_4q_avg": 10.62,
            "net_income": 69934,
            "revenue": 4592114,
            "common_shares": 1372818,
            "book_valuer_per_share": 44.63,
            "book_valuer_per_share_4q_avg": 38.86,
            "equity": 6261767,
            "current_ratio": 97.93,
            "debt_ratio": 43.24,
            "inventory_turnover_ratio": 18.93,
            "account_receivable_turnover_ratio": 4.85,
            "reinvestment_rate": -55.64,
            "research_to_sale_ratio": null,
            "price_fair": 76.21,
            "eps_avg_yearly": 2.18,
            "eps_latest_yearly": 1.96,
            "eps_growth_yearly": 65.31
        },
        "20213": {
            "year_quarter": 20213,
            "year": 2021,
            "quarter": 3,
            "eps": 1.48,
            "eps_growth_year": 16.54,
            "eps_4q": 3.06,
            "eps_4q_growth_year": 15.41,
            "roe": 3.45,
            "roe_4q": 7.58,
            "gross_profit": 467805,
            "gross_margin": 9.78,
            "gross_margin_4q_avg": 10.22,
            "net_income": 202189,
            "revenue": 4784139,
            "common_shares": 1372818,
            "book_valuer_per_share": 38.72,
            "book_valuer_per_share_4q_avg": 39.8,
            "equity": 5460885,
            "current_ratio": 87.13,
            "debt_ratio": 46.1,
            "inventory_turnover_ratio": 19.32,
            "account_receivable_turnover_ratio": 5.28,
            "reinvestment_rate": -75.68,
            "research_to_sale_ratio": null,
            "price_fair": 83.39,
            "eps_avg_yearly": 2.38,
            "eps_latest_yearly": 5.92,
            "eps_growth_yearly": 111.87
        },
        "20214": {
            "year_quarter": 20214,
            "year": 2021,
            "quarter": 4,
            "eps": 0.45,
            "eps_growth_year": -1.07,
            "eps_4q": 3.06,
            "eps_4q_growth_year": 11.9,
            "roe": 1.15,
            "roe_4q": 7.4799999999999995,
            "gross_profit": 421941,
            "gross_margin": 8.29,
            "gross_margin_4q_avg": 9.54,
            "net_income": 62641,
            "revenue": 5091146,
            "common_shares": 1372818,
            "book_valuer_per_share": 38.67,
            "book_valuer_per_share_4q_avg": 40.11,
            "equity": 5456783,
            "current_ratio": 82.06,
            "debt_ratio": 47.29,
            "inventory_turnover_ratio": 22.43,
            "account_receivable_turnover_ratio": 5.57,
            "reinvestment_rate": -86.08,
            "research_to_sale_ratio": null,
            "price_fair": 84.96,
            "eps_avg_yearly": 2.43,
            "eps_latest_yearly": 1.8,
            "eps_growth_yearly": 109.24
        },
        "20221": {
            "year_quarter": 20221,
            "year": 2022,
            "quarter": 1,
            "eps": 0.34,
            "eps_growth_year": -46.88,
            "eps_4q": 2.76,
            "eps_4q_growth_year": -5.14,
            "roe": 0.87,
            "roe_4q": 6.670000000000001,
            "gross_profit": 408282,
            "gross_margin": 8.54,
            "gross_margin_4q_avg": 8.94,
            "net_income": 47899,
            "revenue": 4781748,
            "common_shares": 1372818,
            "book_valuer_per_share": 38.95,
            "book_valuer_per_share_4q_avg": 40.24,
            "equity": 5504327,
            "current_ratio": 81.05,
            "debt_ratio": 46.49,
            "inventory_turnover_ratio": 18.85,
            "account_receivable_turnover_ratio": 5.12,
            "reinvestment_rate": 39.14,
            "research_to_sale_ratio": null,
            "price_fair": 84.61,
            "eps_avg_yearly": 2.42,
            "eps_latest_yearly": 1.36,
            "eps_growth_yearly": 92.95
        },
        "20222": {
            "year_quarter": 20222,
            "year": 2022,
            "quarter": 2,
            "eps": 1.13,
            "eps_growth_year": 130.61,
            "eps_4q": 3.39,
            "eps_4q_growth_year": 18.72,
            "roe": 3.02,
            "roe_4q": 8.49,
            "gross_profit": 395818,
            "gross_margin": 8.28,
            "gross_margin_4q_avg": 8.72,
            "net_income": 155927,
            "revenue": 4777718,
            "common_shares": 1372818,
            "book_valuer_per_share": 33.89,
            "book_valuer_per_share_4q_avg": 37.56,
            "equity": 4817098,
            "current_ratio": 79.09,
            "debt_ratio": 51.13,
            "inventory_turnover_ratio": 16.37,
            "account_receivable_turnover_ratio": 5.26,
            "reinvestment_rate": 31.4,
            "research_to_sale_ratio": null,
            "price_fair": 91.18,
            "eps_avg_yearly": 2.61,
            "eps_latest_yearly": 4.52,
            "eps_growth_yearly": 151.03
        },
        "20223": {
            "year_quarter": 20223,
            "year": 2022,
            "quarter": 3,
            "eps": 0.14,
            "eps_growth_year": -90.54,
            "eps_4q": 2.06,
            "eps_4q_growth_year": -32.73,
            "roe": 0.45,
            "roe_4q": 5.49,
            "gross_profit": 324551,
            "gross_margin": 7.14,
            "gross_margin_4q_avg": 8.06,
            "net_income": 21838,
            "revenue": 4542659,
            "common_shares": 1372818,
            "book_valuer_per_share": 34.62,
            "book_valuer_per_share_4q_avg": 36.53,
            "equity": 4922381,
            "current_ratio": 74.92,
            "debt_ratio": 49.01,
            "inventory_turnover_ratio": 14.57,
            "account_receivable_turnover_ratio": 5.26,
            "reinvestment_rate": 36.21,
            "research_to_sale_ratio": null,
            "price_fair": 85.84,
            "eps_avg_yearly": 2.45,
            "eps_latest_yearly": 0.56,
            "eps_growth_yearly": 104.79
        },
        "20224": {
            "year_quarter": 20224,
            "year": 2022,
            "quarter": 4,
            "eps": 0.51,
            "eps_growth_year": 14.92,
            "eps_4q": 2.13,
            "eps_4q_growth_year": -30.45,
            "roe": 1.45,
            "roe_4q": 5.79,
            "gross_profit": 292721,
            "gross_margin": 6.63,
            "gross_margin_4q_avg": 7.65,
            "net_income": 71995,
            "revenue": 4416638,
            "common_shares": 1372818,
            "book_valuer_per_share": 35.47,
            "book_valuer_per_share_4q_avg": 35.73,
            "equity": 5015273,
            "current_ratio": 117.24,
            "debt_ratio": 48.76,
            "inventory_turnover_ratio": 14.59,
            "account_receivable_turnover_ratio": 5.45,
            "reinvestment_rate": 38.92,
            "research_to_sale_ratio": null,
            "price_fair": 88.03,
            "eps_avg_yearly": 2.52,
            "eps_latest_yearly": 2.04,
            "eps_growth_yearly": 187.19
        },
        "20231": {
            "year_quarter": 20231,
            "year": 2023,
            "quarter": 1,
            "eps": 0.22,
            "eps_growth_year": -35.29,
            "eps_4q": 2.01,
            "eps_4q_growth_year": -27.1,
            "roe": 0.67,
            "roe_4q": 5.59,
            "gross_profit": 328150,
            "gross_margin": 8.31,
            "gross_margin_4q_avg": 7.59,
            "net_income": 33990,
            "revenue": 3948969,
            "common_shares": 1372818,
            "book_valuer_per_share": 36.02,
            "book_valuer_per_share_4q_avg": 35,
            "equity": 5094432,
            "current_ratio": 113.46,
            "debt_ratio": 48.64,
            "inventory_turnover_ratio": 13.63,
            "account_receivable_turnover_ratio": 4.78,
            "reinvestment_rate": 34.15,
            "research_to_sale_ratio": null,
            "price_fair": 86.54,
            "eps_avg_yearly": 2.47,
            "eps_latest_yearly": 0.88,
            "eps_growth_yearly": 160.48
        }
    },
    "months": {
        "2001-06": {
            "month": "2001-06",
            "price": "9.24",
            "revenue": 175866
        },
        "2001-07": {
            "month": "2001-07",
            "price": "7.22",
            "revenue": 180399
        },
        "2001-08": {
            "month": "2001-08",
            "price": "8.02",
            "revenue": 187056
        },
        "2001-09": {
            "month": "2001-09",
            "price": "9.44",
            "revenue": 165873
        },
        "2001-10": {
            "month": "2001-10",
            "price": "9.14",
            "revenue": 183321
        },
        "2001-11": {
            "month": "2001-11",
            "price": "9.23",
            "revenue": 200275
        },
        "2001-12": {
            "month": "2001-12",
            "price": "11.24",
            "revenue": 189313
        },
        "2002-01": {
            "month": "2002-01",
            "price": "10.74",
            "revenue": 203456
        },
        "2002-02": {
            "month": "2002-02",
            "price": "10.64",
            "revenue": 164235
        },
        "2002-03": {
            "month": "2002-03",
            "price": "10.86",
            "revenue": 213723
        },
        "2002-04": {
            "month": "2002-04",
            "price": "10.93",
            "revenue": 228373
        },
        "2002-05": {
            "month": "2002-05",
            "price": "10.71",
            "revenue": 234607
        },
        "2002-06": {
            "month": "2002-06",
            "price": "11.42",
            "revenue": 232736
        },
        "2002-07": {
            "month": "2002-07",
            "price": "12.98",
            "revenue": 230474
        },
        "2002-08": {
            "month": "2002-08",
            "price": "11.44",
            "revenue": 246775
        },
        "2002-09": {
            "month": "2002-09",
            "price": "10.68",
            "revenue": 286364
        },
        "2002-10": {
            "month": "2002-10",
            "price": "10.54",
            "revenue": 324505
        },
        "2002-11": {
            "month": "2002-11",
            "price": "12.05",
            "revenue": 310058
        },
        "2002-12": {
            "month": "2002-12",
            "price": "12.34",
            "revenue": 348067
        },
        "2003-01": {
            "month": "2003-01",
            "price": "13.46",
            "revenue": 395027
        },
        "2003-02": {
            "month": "2003-02",
            "price": "14.51",
            "revenue": 333151
        },
        "2003-03": {
            "month": "2003-03",
            "price": "14.55",
            "revenue": 377679
        },
        "2003-04": {
            "month": "2003-04",
            "price": "14.27",
            "revenue": 412978
        },
        "2003-05": {
            "month": "2003-05",
            "price": "13.65",
            "revenue": 403786
        },
        "2003-06": {
            "month": "2003-06",
            "price": "14.08",
            "revenue": 401309
        },
        "2003-07": {
            "month": "2003-07",
            "price": "14.06",
            "revenue": 435191
        },
        "2003-08": {
            "month": "2003-08",
            "price": "13.81",
            "revenue": 438270
        },
        "2003-09": {
            "month": "2003-09",
            "price": "14.07",
            "revenue": 416661
        },
        "2003-10": {
            "month": "2003-10",
            "price": "15.29",
            "revenue": 438366
        },
        "2003-11": {
            "month": "2003-11",
            "price": "16.28",
            "revenue": 424360
        },
        "2003-12": {
            "month": "2003-12",
            "price": "16.22",
            "revenue": 444076
        },
        "2004-01": {
            "month": "2004-01",
            "price": "17.09",
            "revenue": 448041
        },
        "2004-02": {
            "month": "2004-02",
            "price": "19.30",
            "revenue": 440818
        },
        "2004-03": {
            "month": "2004-03",
            "price": "19.81",
            "revenue": 506405
        },
        "2004-04": {
            "month": "2004-04",
            "price": "18.69",
            "revenue": 512813
        },
        "2004-05": {
            "month": "2004-05",
            "price": "17.71",
            "revenue": 583847
        },
        "2004-06": {
            "month": "2004-06",
            "price": "17.48",
            "revenue": 555603
        },
        "2004-07": {
            "month": "2004-07",
            "price": "16.54",
            "revenue": 600638
        },
        "2004-08": {
            "month": "2004-08",
            "price": "15.71",
            "revenue": 562257
        },
        "2004-09": {
            "month": "2004-09",
            "price": "15.82",
            "revenue": 573618
        },
        "2004-10": {
            "month": "2004-10",
            "price": "16.18",
            "revenue": 600823
        },
        "2004-11": {
            "month": "2004-11",
            "price": "15.13",
            "revenue": 606426
        },
        "2004-12": {
            "month": "2004-12",
            "price": "15.15",
            "revenue": 633829
        },
        "2005-01": {
            "month": "2005-01",
            "price": "15.48",
            "revenue": 639195
        },
        "2005-02": {
            "month": "2005-02",
            "price": "15.64",
            "revenue": 519374
        },
        "2005-03": {
            "month": "2005-03",
            "price": "15.53",
            "revenue": 676941
        },
        "2005-04": {
            "month": "2005-04",
            "price": "15.22",
            "revenue": 656933
        },
        "2005-05": {
            "month": "2005-05",
            "price": "15.23",
            "revenue": 675164
        },
        "2005-06": {
            "month": "2005-06",
            "price": "15.18",
            "revenue": 692042
        },
        "2005-07": {
            "month": "2005-07",
            "price": "15.13",
            "revenue": 689581
        },
        "2005-08": {
            "month": "2005-08",
            "price": "14.61",
            "revenue": 788851
        },
        "2005-09": {
            "month": "2005-09",
            "price": "13.52",
            "revenue": 800010
        },
        "2005-10": {
            "month": "2005-10",
            "price": "13.76",
            "revenue": 825521
        },
        "2005-11": {
            "month": "2005-11",
            "price": "13.63",
            "revenue": 806190
        },
        "2005-12": {
            "month": "2005-12",
            "price": "13.49",
            "revenue": 840862
        },
        "2006-01": {
            "month": "2006-01",
            "price": "13.26",
            "revenue": 823507
        },
        "2006-02": {
            "month": "2006-02",
            "price": "13.36",
            "revenue": 694371
        },
        "2006-03": {
            "month": "2006-03",
            "price": "13.03",
            "revenue": 823252
        },
        "2006-04": {
            "month": "2006-04",
            "price": "13.36",
            "revenue": 791313
        },
        "2006-05": {
            "month": "2006-05",
            "price": "13.93",
            "revenue": 819965
        },
        "2006-06": {
            "month": "2006-06",
            "price": "13.05",
            "revenue": 843309
        },
        "2006-07": {
            "month": "2006-07",
            "price": "12.96",
            "revenue": 881338
        },
        "2006-08": {
            "month": "2006-08",
            "price": "12.22",
            "revenue": 922577
        },
        "2006-09": {
            "month": "2006-09",
            "price": "12.05",
            "revenue": 861934
        },
        "2006-10": {
            "month": "2006-10",
            "price": "12.94",
            "revenue": 856213
        },
        "2006-11": {
            "month": "2006-11",
            "price": "13.48",
            "revenue": 814866
        },
        "2006-12": {
            "month": "2006-12",
            "price": "15.40",
            "revenue": 851023
        },
        "2007-01": {
            "month": "2007-01",
            "price": "15.58",
            "revenue": 855541
        },
        "2007-02": {
            "month": "2007-02",
            "price": "15.68",
            "revenue": 696078
        },
        "2007-03": {
            "month": "2007-03",
            "price": "15.30",
            "revenue": 871444
        },
        "2007-04": {
            "month": "2007-04",
            "price": "15.99",
            "revenue": 858669
        },
        "2007-05": {
            "month": "2007-05",
            "price": "15.88",
            "revenue": 911315
        },
        "2007-06": {
            "month": "2007-06",
            "price": "16.36",
            "revenue": 906323
        },
        "2007-07": {
            "month": "2007-07",
            "price": "19.05",
            "revenue": 1036578
        },
        "2007-08": {
            "month": "2007-08",
            "price": "16.58",
            "revenue": 954608
        },
        "2007-09": {
            "month": "2007-09",
            "price": "17.14",
            "revenue": 958586
        },
        "2007-10": {
            "month": "2007-10",
            "price": "17.22",
            "revenue": 984931
        },
        "2007-11": {
            "month": "2007-11",
            "price": "16.40",
            "revenue": 932077
        },
        "2007-12": {
            "month": "2007-12",
            "price": "15.60",
            "revenue": 991801
        },
        "2008-01": {
            "month": "2008-01",
            "price": "15.41",
            "revenue": 1061370
        },
        "2008-02": {
            "month": "2008-02",
            "price": "15.71",
            "revenue": 847587
        },
        "2008-03": {
            "month": "2008-03",
            "price": "16.89",
            "revenue": 1081578
        },
        "2008-04": {
            "month": "2008-04",
            "price": "17.69",
            "revenue": 1054399
        },
        "2008-05": {
            "month": "2008-05",
            "price": "19.48",
            "revenue": 1267191
        },
        "2008-06": {
            "month": "2008-06",
            "price": "17.40",
            "revenue": 1089311
        },
        "2008-07": {
            "month": "2008-07",
            "price": "14.98",
            "revenue": 1129243
        },
        "2008-08": {
            "month": "2008-08",
            "price": "13.99",
            "revenue": 1114297
        },
        "2008-09": {
            "month": "2008-09",
            "price": "12.70",
            "revenue": 972118
        },
        "2008-10": {
            "month": "2008-10",
            "price": "11.62",
            "revenue": 882008
        },
        "2008-11": {
            "month": "2008-11",
            "price": "11.24",
            "revenue": 688847
        },
        "2008-12": {
            "month": "2008-12",
            "price": "11.84",
            "revenue": 641916
        },
        "2009-01": {
            "month": "2009-01",
            "price": "11.80",
            "revenue": 605059
        },
        "2009-02": {
            "month": "2009-02",
            "price": "11.45",
            "revenue": 657321
        },
        "2009-03": {
            "month": "2009-03",
            "price": "12.15",
            "revenue": 772692
        },
        "2009-04": {
            "month": "2009-04",
            "price": "13.26",
            "revenue": 777034
        },
        "2009-05": {
            "month": "2009-05",
            "price": "13.68",
            "revenue": 878627
        },
        "2009-06": {
            "month": "2009-06",
            "price": "13.55",
            "revenue": 914596
        },
        "2009-07": {
            "month": "2009-07",
            "price": "13.48",
            "revenue": 1020134
        },
        "2009-08": {
            "month": "2009-08",
            "price": "13.10",
            "revenue": 961699
        },
        "2009-09": {
            "month": "2009-09",
            "price": "13.67",
            "revenue": 1001137
        },
        "2009-10": {
            "month": "2009-10",
            "price": "14.32",
            "revenue": 1054615
        },
        "2009-11": {
            "month": "2009-11",
            "price": "15.38",
            "revenue": 1053568
        },
        "2009-12": {
            "month": "2009-12",
            "price": "15.75",
            "revenue": 1166900
        },
        "2010-01": {
            "month": "2010-01",
            "price": "16.32",
            "revenue": 1164491
        },
        "2010-02": {
            "month": "2010-02",
            "price": "14.86",
            "revenue": 973100
        },
        "2010-03": {
            "month": "2010-03",
            "price": "15.61",
            "revenue": 1207894
        },
        "2010-04": {
            "month": "2010-04",
            "price": "16.18",
            "revenue": 1204371
        },
        "2010-05": {
            "month": "2010-05",
            "price": "15.88",
            "revenue": 1222363
        },
        "2010-06": {
            "month": "2010-06",
            "price": "16.18",
            "revenue": 1180048
        },
        "2010-07": {
            "month": "2010-07",
            "price": "16.94",
            "revenue": 1271173
        },
        "2010-08": {
            "month": "2010-08",
            "price": "16.63",
            "revenue": 1264365
        },
        "2010-09": {
            "month": "2010-09",
            "price": "16.46",
            "revenue": 1179731
        },
        "2010-10": {
            "month": "2010-10",
            "price": "16.91",
            "revenue": 1248001
        },
        "2010-11": {
            "month": "2010-11",
            "price": "17.45",
            "revenue": 1249961
        },
        "2010-12": {
            "month": "2010-12",
            "price": "18.18",
            "revenue": 1368342
        },
        "2011-01": {
            "month": "2011-01",
            "price": "18.92",
            "revenue": 1384165
        },
        "2011-02": {
            "month": "2011-02",
            "price": "18.94",
            "revenue": 1119506
        },
        "2011-03": {
            "month": "2011-03",
            "price": "18.47",
            "revenue": 1408293
        },
        "2011-04": {
            "month": "2011-04",
            "price": "19.00",
            "revenue": 1387329
        },
        "2011-05": {
            "month": "2011-05",
            "price": "19.07",
            "revenue": 1361891
        },
        "2011-06": {
            "month": "2011-06",
            "price": "19.22",
            "revenue": 1364570
        },
        "2011-07": {
            "month": "2011-07",
            "price": "19.74",
            "revenue": 1418407
        },
        "2011-08": {
            "month": "2011-08",
            "price": "17.80",
            "revenue": 1387056
        },
        "2011-09": {
            "month": "2011-09",
            "price": "17.02",
            "revenue": 1328705
        },
        "2011-10": {
            "month": "2011-10",
            "price": "17.01",
            "revenue": 1316372
        },
        "2011-11": {
            "month": "2011-11",
            "price": "17.80",
            "revenue": 1288441
        },
        "2011-12": {
            "month": "2011-12",
            "price": "17.69",
            "revenue": 1356045
        },
        "2012-01": {
            "month": "2012-01",
            "price": "17.84",
            "revenue": 1214286
        },
        "2012-02": {
            "month": "2012-02",
            "price": "19.02",
            "revenue": 1294720
        },
        "2012-03": {
            "month": "2012-03",
            "price": "19.34",
            "revenue": 1512440
        },
        "2012-04": {
            "month": "2012-04",
            "price": "18.92",
            "revenue": 1464736
        },
        "2012-05": {
            "month": "2012-05",
            "price": "18.76",
            "revenue": 1547168
        },
        "2012-06": {
            "month": "2012-06",
            "price": "18.67",
            "revenue": 1402248
        },
        "2012-07": {
            "month": "2012-07",
            "price": "19.22",
            "revenue": 1559147
        },
        "2012-08": {
            "month": "2012-08",
            "price": "18.98",
            "revenue": 1537315
        },
        "2012-09": {
            "month": "2012-09",
            "price": "21.01",
            "revenue": 1539112
        },
        "2012-10": {
            "month": "2012-10",
            "price": "21.45",
            "revenue": 1613862
        },
        "2012-11": {
            "month": "2012-11",
            "price": "22.45",
            "revenue": 1512752
        },
        "2012-12": {
            "month": "2012-12",
            "price": "22.77",
            "revenue": 1527059
        },
        "2013-01": {
            "month": "2013-01",
            "price": "23.35",
            "revenue": 1736715
        },
        "2013-02": {
            "month": "2013-02",
            "price": "24.89",
            "revenue": 1338265
        },
        "2013-03": {
            "month": "2013-03",
            "price": "25.21",
            "revenue": 1687628
        },
        "2013-04": {
            "month": "2013-04",
            "price": "23.74",
            "revenue": 1554857
        },
        "2013-05": {
            "month": "2013-05",
            "price": "24.34",
            "revenue": 1589859
        },
        "2013-06": {
            "month": "2013-06",
            "price": "24.47",
            "revenue": 1593703
        },
        "2013-07": {
            "month": "2013-07",
            "price": "24.79",
            "revenue": 1732369
        },
        "2013-08": {
            "month": "2013-08",
            "price": "23.64",
            "revenue": 1748063
        },
        "2013-09": {
            "month": "2013-09",
            "price": "23.76",
            "revenue": 1619261
        },
        "2013-10": {
            "month": "2013-10",
            "price": "23.81",
            "revenue": 1745066
        },
        "2013-11": {
            "month": "2013-11",
            "price": "24.31",
            "revenue": 1708290
        },
        "2013-12": {
            "month": "2013-12",
            "price": "24.97",
            "revenue": 1770196
        },
        "2014-01": {
            "month": "2014-01",
            "price": "26.04",
            "revenue": 1722972
        },
        "2014-02": {
            "month": "2014-02",
            "price": "26.11",
            "revenue": 1426803
        },
        "2014-03": {
            "month": "2014-03",
            "price": "25.86",
            "revenue": 1719943
        },
        "2014-04": {
            "month": "2014-04",
            "price": "26.22",
            "revenue": 1708216
        },
        "2014-05": {
            "month": "2014-05",
            "price": "25.42",
            "revenue": 1740449
        },
        "2014-06": {
            "month": "2014-06",
            "price": "25.32",
            "revenue": 1771029
        },
        "2014-07": {
            "month": "2014-07",
            "price": "25.96",
            "revenue": 1836825
        },
        "2014-08": {
            "month": "2014-08",
            "price": "24.49",
            "revenue": 1799346
        },
        "2014-09": {
            "month": "2014-09",
            "price": "24.41",
            "revenue": 1708784
        },
        "2014-10": {
            "month": "2014-10",
            "price": "23.82",
            "revenue": 1707833
        },
        "2014-11": {
            "month": "2014-11",
            "price": "23.84",
            "revenue": 1569837
        },
        "2014-12": {
            "month": "2014-12",
            "price": "24.01",
            "revenue": 1496338
        },
        "2015-01": {
            "month": "2015-01",
            "price": "24.37",
            "revenue": 1329659
        },
        "2015-02": {
            "month": "2015-02",
            "price": "24.37",
            "revenue": 1125983
        },
        "2015-03": {
            "month": "2015-03",
            "price": "24.31",
            "revenue": 1388040
        },
        "2015-04": {
            "month": "2015-04",
            "price": "24.56",
            "revenue": 1394628
        },
        "2015-05": {
            "month": "2015-05",
            "price": "24.56",
            "revenue": 1349558
        },
        "2015-06": {
            "month": "2015-06",
            "price": "23.97",
            "revenue": 1429759
        },
        "2015-07": {
            "month": "2015-07",
            "price": "23.81",
            "revenue": 1474317
        },
        "2015-08": {
            "month": "2015-08",
            "price": "21.69",
            "revenue": 1273454
        },
        "2015-09": {
            "month": "2015-09",
            "price": "22.01",
            "revenue": 1269983
        },
        "2015-10": {
            "month": "2015-10",
            "price": "22.59",
            "revenue": 1277511
        },
        "2015-11": {
            "month": "2015-11",
            "price": "22.82",
            "revenue": 1282060
        },
        "2015-12": {
            "month": "2015-12",
            "price": "22.65",
            "revenue": 1223916
        },
        "2016-01": {
            "month": "2016-01",
            "price": "22.55",
            "revenue": 1151486
        },
        "2016-02": {
            "month": "2016-02",
            "price": "23.62",
            "revenue": 907281
        },
        "2016-03": {
            "month": "2016-03",
            "price": "24.35",
            "revenue": 1245337
        },
        "2016-04": {
            "month": "2016-04",
            "price": "24.78",
            "revenue": 1271039
        },
        "2016-05": {
            "month": "2016-05",
            "price": "24.85",
            "revenue": 1369555
        },
        "2016-06": {
            "month": "2016-06",
            "price": "24.93",
            "revenue": 1352872
        },
        "2016-07": {
            "month": "2016-07",
            "price": "24.61",
            "revenue": 1340393
        },
        "2016-08": {
            "month": "2016-08",
            "price": "24.87",
            "revenue": 1413239
        },
        "2016-09": {
            "month": "2016-09",
            "price": "25.09",
            "revenue": 1245023
        },
        "2016-10": {
            "month": "2016-10",
            "price": "25.27",
            "revenue": 1394494
        },
        "2016-11": {
            "month": "2016-11",
            "price": "25.89",
            "revenue": 1382023
        },
        "2016-12": {
            "month": "2016-12",
            "price": "28.15",
            "revenue": 1487971
        },
        "2017-01": {
            "month": "2017-01",
            "price": "28.47",
            "revenue": 1404032
        },
        "2017-02": {
            "month": "2017-02",
            "price": "29.51",
            "revenue": 1277618
        },
        "2017-03": {
            "month": "2017-03",
            "price": "30.25",
            "revenue": 1487691
        },
        "2017-04": {
            "month": "2017-04",
            "price": "32.45",
            "revenue": 1354905
        },
        "2017-05": {
            "month": "2017-05",
            "price": "34.49",
            "revenue": 1400523
        },
        "2017-06": {
            "month": "2017-06",
            "price": "33.88",
            "revenue": 1368880
        },
        "2017-07": {
            "month": "2017-07",
            "price": "34.56",
            "revenue": 1376254
        },
        "2017-08": {
            "month": "2017-08",
            "price": "32.65",
            "revenue": 1452094
        },
        "2017-09": {
            "month": "2017-09",
            "price": "32.41",
            "revenue": 1467502
        },
        "2017-10": {
            "month": "2017-10",
            "price": "32.37",
            "revenue": 1403038
        },
        "2017-11": {
            "month": "2017-11",
            "price": "31.96",
            "revenue": 1489074
        },
        "2017-12": {
            "month": "2017-12",
            "price": "31.96",
            "revenue": 1533616
        },
        "2018-01": {
            "month": "2018-01",
            "price": "33.08",
            "revenue": 1550628
        },
        "2018-02": {
            "month": "2018-02",
            "price": "32.15",
            "revenue": 1264902
        },
        "2018-03": {
            "month": "2018-03",
            "price": "33.06",
            "revenue": 1520748
        },
        "2018-04": {
            "month": "2018-04",
            "price": "33.01",
            "revenue": 1479262
        },
        "2018-05": {
            "month": "2018-05",
            "price": "33.06",
            "revenue": 1705907
        },
        "2018-06": {
            "month": "2018-06",
            "price": "33.18",
            "revenue": 1619002
        },
        "2018-07": {
            "month": "2018-07",
            "price": "32.26",
            "revenue": 1715194
        },
        "2018-08": {
            "month": "2018-08",
            "price": "30.29",
            "revenue": 1690435
        },
        "2018-09": {
            "month": "2018-09",
            "price": "29.94",
            "revenue": 1680299
        },
        "2018-10": {
            "month": "2018-10",
            "price": "28.98",
            "revenue": 1705173
        },
        "2018-11": {
            "month": "2018-11",
            "price": "28.98",
            "revenue": 1545501
        },
        "2018-12": {
            "month": "2018-12",
            "price": "28.87",
            "revenue": 1515215
        },
        "2019-01": {
            "month": "2019-01",
            "price": "29.02",
            "revenue": 1547590
        },
        "2019-02": {
            "month": "2019-02",
            "price": "30.18",
            "revenue": 1173263
        },
        "2019-03": {
            "month": "2019-03",
            "price": "30.53",
            "revenue": 1482627
        },
        "2019-04": {
            "month": "2019-04",
            "price": "30.24",
            "revenue": 1589410
        },
        "2019-05": {
            "month": "2019-05",
            "price": "29.94",
            "revenue": 1598603
        },
        "2019-06": {
            "month": "2019-06",
            "price": "29.95",
            "revenue": 1494348
        },
        "2019-07": {
            "month": "2019-07",
            "price": "30.19",
            "revenue": 1574160
        },
        "2019-08": {
            "month": "2019-08",
            "price": "29.62",
            "revenue": 1472642
        },
        "2019-09": {
            "month": "2019-09",
            "price": "29.75",
            "revenue": 1486986
        },
        "2019-10": {
            "month": "2019-10",
            "price": "29.65",
            "revenue": 1508209
        },
        "2019-11": {
            "month": "2019-11",
            "price": "29.58",
            "revenue": 1523040
        },
        "2019-12": {
            "month": "2019-12",
            "price": "29.78",
            "revenue": 1566573
        },
        "2020-01": {
            "month": "2020-01",
            "price": "29.83",
            "revenue": 1486356
        },
        "2020-02": {
            "month": "2020-02",
            "price": "29.78",
            "revenue": 1386939
        },
        "2020-03": {
            "month": "2020-03",
            "price": "28.55",
            "revenue": 1323478
        },
        "2020-04": {
            "month": "2020-04",
            "price": "29.15",
            "revenue": 1088031
        },
        "2020-05": {
            "month": "2020-05",
            "price": "30.01",
            "revenue": 1145008
        },
        "2020-06": {
            "month": "2020-06",
            "price": "30.88",
            "revenue": 1251502
        },
        "2020-07": {
            "month": "2020-07",
            "price": "29.58",
            "revenue": 1397829
        },
        "2020-08": {
            "month": "2020-08",
            "price": "29.70",
            "revenue": 1405461
        },
        "2020-09": {
            "month": "2020-09",
            "price": "29.75",
            "revenue": 1391048
        },
        "2020-10": {
            "month": "2020-10",
            "price": "29.95",
            "revenue": 1293921
        },
        "2020-11": {
            "month": "2020-11",
            "price": "30.65",
            "revenue": 1339734
        },
        "2020-12": {
            "month": "2020-12",
            "price": "31.74",
            "revenue": 1447971
        },
        "2021-01": {
            "month": "2021-01",
            "price": "31.74",
            "revenue": 1513727
        },
        "2021-02": {
            "month": "2021-02",
            "price": "31.75",
            "revenue": 1272193
        },
        "2021-03": {
            "month": "2021-03",
            "price": "33.13",
            "revenue": 1563757
        },
        "2021-04": {
            "month": "2021-04",
            "price": "36.44",
            "revenue": 1538012
        },
        "2021-05": {
            "month": "2021-05",
            "price": "35.57",
            "revenue": 1596064
        },
        "2021-06": {
            "month": "2021-06",
            "price": "37.39",
            "revenue": 1461375
        },
        "2021-07": {
            "month": "2021-07",
            "price": "37.88",
            "revenue": 1649133
        },
        "2021-08": {
            "month": "2021-08",
            "price": "34.59",
            "revenue": 1587744
        },
        "2021-09": {
            "month": "2021-09",
            "price": "35.10",
            "revenue": 1536651
        },
        "2021-10": {
            "month": "2021-10",
            "price": "35.14",
            "revenue": 1679665
        },
        "2021-11": {
            "month": "2021-11",
            "price": "35.89",
            "revenue": 1693472
        },
        "2021-12": {
            "month": "2021-12",
            "price": "36.37",
            "revenue": 1723330
        },
        "2022-01": {
            "month": "2022-01",
            "price": "36.56",
            "revenue": 1626258
        },
        "2022-02": {
            "month": "2022-02",
            "price": "37.40",
            "revenue": 1330782
        },
        "2022-03": {
            "month": "2022-03",
            "price": "38.93",
            "revenue": 1821107
        },
        "2022-04": {
            "month": "2022-04",
            "price": "38.97",
            "revenue": 1630811
        },
        "2022-05": {
            "month": "2022-05",
            "price": "36.60",
            "revenue": 1601215
        },
        "2022-06": {
            "month": "2022-06",
            "price": "35.26",
            "revenue": 1539060
        },
        "2022-07": {
            "month": "2022-07",
            "price": "33.80",
            "revenue": 1576509
        },
        "2022-08": {
            "month": "2022-08",
            "price": "33.95",
            "revenue": 1519762
        },
        "2022-09": {
            "month": "2022-09",
            "price": "34.06",
            "revenue": 1450509
        },
        "2022-10": {
            "month": "2022-10",
            "price": "32.93",
            "revenue": 1460015
        },
        "2022-11": {
            "month": "2022-11",
            "price": "32.49",
            "revenue": 1436172
        },
        "2022-12": {
            "month": "2022-12",
            "price": "32.17",
            "revenue": 1503439
        },
        "2023-01": {
            "month": "2023-01",
            "price": "31.15",
            "revenue": 1252828
        },
        "2023-02": {
            "month": "2023-02",
            "price": "31.17",
            "revenue": 1335295
        },
        "2023-03": {
            "month": "2023-03",
            "price": "32.06",
            "revenue": 1531672
        },
        "2023-04": {
            "month": "2023-04",
            "price": "32.29",
            "revenue": 1298784
        },
        "2023-05": {
            "month": "2023-05",
            "price": "32.61",
            "revenue": 1344226
        }
    }
}
