{
    "summary": {
        "stock_name": "台航",
        "stock_id": "2617",
        "category": "航運",
        "main_business": "海運服務業<br>委託營造廠商興建住宅及商業大樓出租出售業務",
        "website_url": "http://www.taiwanline.com.tw",
        "ceo": "仇忠林",
        "pe_ratio": 8,
        "report_year_from": 2001,
        "report_year_to": 2023,
        "age": 23,
        "eps_negative_percentage": 5,
        "eps_growth_avg": {
            "last_all": 0.02,
            "last_2y": 41.01,
            "last_4y": 14.21,
            "last_8y": 0.32,
            "last_12y": -9.82,
            "last_16y": -3.04,
            "last_20y": 0.02,
            "at_2006_last_3y": 12.24,
            "at_2007_last_3y": 12.14,
            "at_2008_last_3y": 29.56,
            "at_2009_last_3y": 16.98,
            "at_2010_last_3y": 17.3,
            "at_2011_last_3y": 4.21,
            "at_2012_last_3y": -32.35,
            "at_2013_last_3y": -23.19,
            "at_2014_last_3y": -30.1,
            "at_2015_last_3y": -42.98,
            "at_2016_last_3y": -56.42,
            "at_2017_last_3y": -70.78,
            "at_2018_last_3y": -22.83,
            "at_2019_last_3y": -12.46,
            "at_2020_last_3y": 16.01,
            "at_2021_last_3y": 37.01,
            "at_2022_last_3y": 25.22,
            "at_2023_last_3y": 27.11,
            "at_2024_last_3y": 27.11,
            "at_2006_last_all": 12.24,
            "at_2007_last_all": 16.88,
            "at_2008_last_all": 30.73,
            "at_2009_last_all": 19.2,
            "at_2010_last_all": 14.77,
            "at_2011_last_all": 11.24,
            "at_2012_last_all": 5.5,
            "at_2013_last_all": 3.78,
            "at_2014_last_all": -0.18,
            "at_2015_last_all": -5.44,
            "at_2016_last_all": -12.19,
            "at_2017_last_all": -12.19,
            "at_2018_last_all": -4.71,
            "at_2019_last_all": -6.76,
            "at_2020_last_all": -7.22,
            "at_2021_last_all": -1.26,
            "at_2022_last_all": 1.59,
            "at_2023_last_all": 0.02,
            "at_2024_last_all": 0.02
        },
        "latest_eps": 4.34,
        "latest_price": 35.25,
        "latest_roe": 11.52,
        "latest_gross_margin": 32.64,
        "latest_equity": 16009823,
        "latest_revenue": 948839,
        "latest_gross_profit": 309675,
        "latest_net_income": 1104618,
        "latest_debt_ratio": 35.68,
        "latest_current_ratio": 180.79,
        "latest_account_receivable_turnover_ratio": 12.38,
        "latest_inventory_turnover_ratio": null,
        "latest_reinvestment_rate": 128.18,
        "latest_research_to_sale_ratio": null
    },
    "eps_dividends": {
        "2001": {
            "cash": 0.26,
            "stock": 0.35,
            "eps": 0
        },
        "2002": {
            "cash": 0.5,
            "stock": 0.55,
            "eps": 1.87
        },
        "2003": {
            "cash": 0.8,
            "stock": 0.8,
            "eps": 2.54
        },
        "2004": {
            "cash": 1.1,
            "stock": 1.1,
            "eps": 3.31
        },
        "2005": {
            "cash": 1.75,
            "stock": 0.9,
            "eps": 3.32
        },
        "2006": {
            "cash": 1.96,
            "stock": 0.84,
            "eps": 2.74
        },
        "2007": {
            "cash": 1.8,
            "stock": 0,
            "eps": 3.71
        },
        "2008": {
            "cash": 3,
            "stock": 0,
            "eps": 8.02
        },
        "2009": {
            "cash": 4.25,
            "stock": 0,
            "eps": 4.01
        },
        "2010": {
            "cash": 2.2,
            "stock": 0,
            "eps": 3.36
        },
        "2011": {
            "cash": 3.7,
            "stock": 0,
            "eps": 2.79
        },
        "2012": {
            "cash": 0,
            "stock": 0,
            "eps": 1.5
        },
        "2013": {
            "cash": 0.8,
            "stock": 0,
            "eps": 1.3
        },
        "2014": {
            "cash": 0.8,
            "stock": 0,
            "eps": 0.73
        },
        "2015": {
            "cash": 0.65,
            "stock": 0,
            "eps": 0.23
        },
        "2016": {
            "cash": 0.22,
            "stock": 0,
            "eps": -0.21
        },
        "2017": {
            "cash": 0,
            "stock": 0,
            "eps": 1.12
        },
        "2018": {
            "cash": 0.7,
            "stock": 0,
            "eps": 2.3
        },
        "2019": {
            "cash": 1.3,
            "stock": 0,
            "eps": 1.44
        },
        "2020": {
            "cash": 0.8,
            "stock": 0,
            "eps": 1.23
        },
        "2021": {
            "cash": 0.9,
            "stock": 0,
            "eps": 3.16
        },
        "2022": {
            "cash": 2,
            "stock": 0,
            "eps": 4.83
        },
        "2023": {
            "cash": 2.2,
            "stock": 0,
            "eps": 3.39
        }
    },
    "dividends": {
        "2001-06-22": {
            "cash": 0.26,
            "stock": 0.35
        },
        "2002-06-21": {
            "cash": 0.5,
            "stock": 0.55
        },
        "2003-05-30": {
            "cash": 0.8,
            "stock": 0.8
        },
        "2004-03-05": {
            "cash": 1.1,
            "stock": 1.1
        },
        "2005-04-01": {
            "cash": 1.75,
            "stock": 0.9
        },
        "2006-05-10": {
            "cash": 1.96,
            "stock": 0.84
        },
        "2007-07-31": {
            "cash": 1.8,
            "stock": 0
        },
        "2008-05-02": {
            "cash": 3,
            "stock": 0
        },
        "2009-04-30": {
            "cash": 4.25,
            "stock": 0
        },
        "2010-04-23": {
            "cash": 2.2,
            "stock": 0
        },
        "2011-01-01": {
            "cash": 1.5,
            "stock": 0
        },
        "2011-04-29": {
            "cash": 2.2,
            "stock": 0
        },
        "2013-04-29": {
            "cash": 0.8,
            "stock": 0
        },
        "2014-06-19": {
            "cash": 0.8,
            "stock": 0
        },
        "2015-09-16": {
            "cash": 0.65,
            "stock": 0
        },
        "2016-09-14": {
            "cash": 0.22,
            "stock": 0
        },
        "2018-09-20": {
            "cash": 0.7,
            "stock": 0
        },
        "2019-09-12": {
            "cash": 1.3,
            "stock": 0
        },
        "2020-07-24": {
            "cash": 0.8,
            "stock": 0
        },
        "2021-08-18": {
            "cash": 0.9,
            "stock": 0
        },
        "2022-08-10": {
            "cash": 2,
            "stock": 0
        },
        "2023-08-17": {
            "cash": 2.2,
            "stock": 0
        }
    },
    "prices": {
        "200101": "7.76",
        "200102": "8.26",
        "200103": "7.80",
        "200104": "7.33",
        "200105": "7.42",
        "200106": "7.99",
        "200107": "7.21",
        "200108": "8.29",
        "200109": "7.78",
        "200110": "7.06",
        "200111": "7.31",
        "200112": "9.26",
        "200201": "11.42",
        "200202": "11.23",
        "200203": "11.85",
        "200204": "12.65",
        "200205": "14.05",
        "200206": "13.76",
        "200207": "13.14",
        "200208": "12.19",
        "200209": "11.97",
        "200210": "12.06",
        "200211": "13.33",
        "200212": "14.20",
        "200301": "15.67",
        "200302": "14.32",
        "200303": "14.48",
        "200304": "14.65",
        "200305": "14.08",
        "200306": "14.69",
        "200307": "16.55",
        "200308": "19.60",
        "200309": "21.26",
        "200310": "23.15",
        "200311": "21.27",
        "200312": "21.42",
        "200401": "25.40",
        "200402": "28.62",
        "200403": "29.33",
        "200404": "26.90",
        "200405": "22.22",
        "200406": "22.10",
        "200407": "23.25",
        "200408": "21.42",
        "200409": "27.55",
        "200410": "28.95",
        "200411": "27.79",
        "200412": "27.65",
        "200501": "26.77",
        "200502": "26.49",
        "200503": "27.18",
        "200504": "25.56",
        "200505": "24.70",
        "200506": "24.52",
        "200507": "20.62",
        "200508": "20.42",
        "200509": "19.73",
        "200510": "17.32",
        "200511": "16.84",
        "200512": "17.11",
        "200601": "16.76",
        "200602": "18.13",
        "200603": "18.10",
        "200604": "19.21",
        "200605": "20.79",
        "200606": "20.63",
        "200607": "20.97",
        "200608": "19.43",
        "200609": "19.28",
        "200610": "21.38",
        "200611": "22.51",
        "200612": "23.67",
        "200701": "28.30",
        "200702": "29.56",
        "200703": "34.42",
        "200704": "39.24",
        "200705": "34.04",
        "200706": "32.86",
        "200707": "38.34",
        "200708": "56.55",
        "200709": "67.81",
        "200710": "88.02",
        "200711": "65.22",
        "200712": "54.08",
        "200801": "50.63",
        "200802": "53.33",
        "200803": "56.17",
        "200804": "60.01",
        "200805": "79.48",
        "200806": "60.53",
        "200807": "59.66",
        "200808": "58.80",
        "200809": "47.50",
        "200810": "35.45",
        "200811": "40.03",
        "200812": "40.21",
        "200901": "39.69",
        "200902": "39.86",
        "200903": "42.02",
        "200904": "50.23",
        "200905": "62.34",
        "200906": "64.61",
        "200907": "61.59",
        "200908": "55.94",
        "200909": "50.92",
        "200910": "50.18",
        "200911": "45.18",
        "200912": "44.43",
        "201001": "45.68",
        "201002": "39.35",
        "201003": "41.96",
        "201004": "41.93",
        "201005": "38.99",
        "201006": "38.92",
        "201007": "39.63",
        "201008": "38.58",
        "201009": "37.13",
        "201010": "37.40",
        "201011": "36.33",
        "201012": "36.61",
        "201101": "36.64",
        "201102": "35.08",
        "201103": "32.60",
        "201104": "32.37",
        "201105": "34.05",
        "201106": "33.16",
        "201107": "32.08",
        "201108": "27.42",
        "201109": "27.60",
        "201110": "28.73",
        "201111": "27.85",
        "201112": "28.36",
        "201201": "29.85",
        "201202": "32.12",
        "201203": "33.04",
        "201204": "30.18",
        "201205": "28.68",
        "201206": "28.02",
        "201207": "30.22",
        "201208": "29.16",
        "201209": "26.10",
        "201210": "24.26",
        "201211": "23.42",
        "201212": "24.40",
        "201301": "24.42",
        "201302": "23.96",
        "201303": "23.66",
        "201304": "22.90",
        "201305": "22.71",
        "201306": "22.06",
        "201307": "22.28",
        "201308": "22.33",
        "201309": "27.14",
        "201310": "26.72",
        "201311": "26.18",
        "201312": "27.66",
        "201401": "26.61",
        "201402": "24.00",
        "201403": "23.89",
        "201404": "23.20",
        "201405": "21.82",
        "201406": "22.08",
        "201407": "21.54",
        "201408": "22.51",
        "201409": "23.02",
        "201410": "21.28",
        "201411": "20.97",
        "201412": "21.04",
        "201501": "21.31",
        "201502": "20.56",
        "201503": "20.38",
        "201504": "20.18",
        "201505": "19.34",
        "201506": "17.45",
        "201507": "17.05",
        "201508": "14.38",
        "201509": "13.12",
        "201510": "13.54",
        "201511": "12.99",
        "201512": "12.43",
        "201601": "12.46",
        "201602": "13.11",
        "201603": "14.74",
        "201604": "13.73",
        "201605": "12.38",
        "201606": "12.13",
        "201607": "12.31",
        "201608": "12.12",
        "201609": "12.28",
        "201610": "12.00",
        "201611": "12.51",
        "201612": "12.59",
        "201701": "12.58",
        "201702": "13.55",
        "201703": "13.76",
        "201704": "12.84",
        "201705": "12.82",
        "201706": "13.30",
        "201707": "13.82",
        "201708": "14.52",
        "201709": "15.33",
        "201710": "15.25",
        "201711": "15.59",
        "201712": "17.12",
        "201801": "16.67",
        "201802": "15.37",
        "201803": "15.55",
        "201804": "16.11",
        "201805": "16.79",
        "201806": "17.00",
        "201807": "17.52",
        "201808": "19.45",
        "201809": "18.32",
        "201810": "21.29",
        "201811": "19.08",
        "201812": "19.63",
        "201901": "18.09",
        "201902": "17.80",
        "201903": "17.93",
        "201904": "18.39",
        "201905": "19.26",
        "201906": "19.47",
        "201907": "21.66",
        "201908": "20.64",
        "201909": "20.11",
        "201910": "18.83",
        "201911": "18.06",
        "201912": "17.90",
        "202001": "17.64",
        "202002": "16.31",
        "202003": "14.12",
        "202004": "14.95",
        "202005": "15.67",
        "202006": "16.45",
        "202007": "15.99",
        "202008": "16.45",
        "202009": "16.90",
        "202010": "16.91",
        "202011": "17.49",
        "202012": "20.15",
        "202101": "19.80",
        "202102": "19.11",
        "202103": "21.90",
        "202104": "30.61",
        "202105": "39.47",
        "202106": "50.36",
        "202107": "57.04",
        "202108": "47.58",
        "202109": "45.33",
        "202110": "37.26",
        "202111": "36.68",
        "202112": "37.86",
        "202201": "34.35",
        "202202": "34.93",
        "202203": "36.08",
        "202204": "36.79",
        "202205": "36.27",
        "202206": "33.12",
        "202207": "27.86",
        "202208": "28.48",
        "202209": "26.69",
        "202210": "24.56",
        "202211": "25.02",
        "202212": "26.60",
        "202301": "26.11",
        "202302": "27.39",
        "202303": "32.28",
        "202304": "31.96",
        "202305": "29.99",
        "202306": "30.21",
        "202307": "29.79",
        "202308": "27.86",
        "202309": "28.90",
        "202310": "28.64",
        "202311": "29.23",
        "202312": "33.56"
    },
    "quarters": {
        "20011": {
            "year_quarter": 20011,
            "year": 2001,
            "quarter": 1,
            "eps": null,
            "eps_growth_year": null,
            "eps_4q": null,
            "eps_4q_growth_year": null,
            "roe": null,
            "roe_4q": 0,
            "gross_profit": null,
            "gross_margin": null,
            "gross_margin_4q_avg": 0,
            "net_income": null,
            "net_income_4q": null,
            "revenue": null,
            "revenue_4q": null,
            "common_shares": null,
            "book_valuer_per_share": null,
            "book_valuer_per_share_4q_avg": 0,
            "equity": null,
            "current_ratio": null,
            "debt_ratio": null,
            "inventory_turnover_ratio": null,
            "account_receivable_turnover_ratio": null,
            "reinvestment_rate": null,
            "research_to_sale_ratio": null,
            "price_fair": 0,
            "eps_avg_yearly": 0,
            "eps_latest_yearly": 0,
            "eps_growth_yearly": 0
        },
        "20012": {
            "year_quarter": 20012,
            "year": 2001,
            "quarter": 2,
            "eps": null,
            "eps_growth_year": null,
            "eps_4q": null,
            "eps_4q_growth_year": null,
            "roe": null,
            "roe_4q": 0,
            "gross_profit": null,
            "gross_margin": null,
            "gross_margin_4q_avg": 0,
            "net_income": null,
            "net_income_4q": null,
            "revenue": null,
            "revenue_4q": null,
            "common_shares": null,
            "book_valuer_per_share": null,
            "book_valuer_per_share_4q_avg": 0,
            "equity": null,
            "current_ratio": null,
            "debt_ratio": null,
            "inventory_turnover_ratio": null,
            "account_receivable_turnover_ratio": null,
            "reinvestment_rate": null,
            "research_to_sale_ratio": null,
            "price_fair": 0,
            "eps_avg_yearly": 0,
            "eps_latest_yearly": 0,
            "eps_growth_yearly": 0
        },
        "20013": {
            "year_quarter": 20013,
            "year": 2001,
            "quarter": 3,
            "eps": null,
            "eps_growth_year": null,
            "eps_4q": null,
            "eps_4q_growth_year": null,
            "roe": null,
            "roe_4q": 0,
            "gross_profit": null,
            "gross_margin": null,
            "gross_margin_4q_avg": 0,
            "net_income": null,
            "net_income_4q": null,
            "revenue": null,
            "revenue_4q": null,
            "common_shares": null,
            "book_valuer_per_share": null,
            "book_valuer_per_share_4q_avg": 0,
            "equity": null,
            "current_ratio": null,
            "debt_ratio": null,
            "inventory_turnover_ratio": null,
            "account_receivable_turnover_ratio": null,
            "reinvestment_rate": null,
            "research_to_sale_ratio": null,
            "price_fair": 0,
            "eps_avg_yearly": 0,
            "eps_latest_yearly": 0,
            "eps_growth_yearly": 0
        },
        "20014": {
            "year_quarter": 20014,
            "year": 2001,
            "quarter": 4,
            "eps": null,
            "eps_growth_year": null,
            "eps_4q": null,
            "eps_4q_growth_year": null,
            "roe": null,
            "roe_4q": 0,
            "gross_profit": null,
            "gross_margin": null,
            "gross_margin_4q_avg": 0,
            "net_income": null,
            "net_income_4q": null,
            "revenue": null,
            "revenue_4q": null,
            "common_shares": 2792464,
            "book_valuer_per_share": 14.63,
            "book_valuer_per_share_4q_avg": 3.66,
            "equity": 4084280,
            "current_ratio": 89.15,
            "debt_ratio": 47.3,
            "inventory_turnover_ratio": null,
            "account_receivable_turnover_ratio": null,
            "reinvestment_rate": null,
            "research_to_sale_ratio": null,
            "price_fair": 0,
            "eps_avg_yearly": 0,
            "eps_latest_yearly": 0,
            "eps_growth_yearly": 0
        },
        "20021": {
            "year_quarter": 20021,
            "year": 2002,
            "quarter": 1,
            "eps": 0.3,
            "eps_growth_year": null,
            "eps_4q": null,
            "eps_4q_growth_year": null,
            "roe": 2.11,
            "roe_4q": 2.11,
            "gross_profit": 119951,
            "gross_margin": 23.29,
            "gross_margin_4q_avg": 5.82,
            "net_income": 85298,
            "net_income_4q": null,
            "revenue": 515053,
            "revenue_4q": null,
            "common_shares": 2792464,
            "book_valuer_per_share": 14.37,
            "book_valuer_per_share_4q_avg": 7.25,
            "equity": 4013669,
            "current_ratio": 106.86,
            "debt_ratio": 28.61,
            "inventory_turnover_ratio": null,
            "account_receivable_turnover_ratio": null,
            "reinvestment_rate": null,
            "research_to_sale_ratio": null,
            "price_fair": 0,
            "eps_avg_yearly": 0,
            "eps_latest_yearly": 0,
            "eps_growth_yearly": 0
        },
        "20022": {
            "year_quarter": 20022,
            "year": 2002,
            "quarter": 2,
            "eps": 0.96,
            "eps_growth_year": null,
            "eps_4q": null,
            "eps_4q_growth_year": null,
            "roe": 6.29,
            "roe_4q": 8.4,
            "gross_profit": 118360,
            "gross_margin": 21.23,
            "gross_margin_4q_avg": 11.13,
            "net_income": 256295,
            "net_income_4q": null,
            "revenue": 557585,
            "revenue_4q": null,
            "common_shares": 2792464,
            "book_valuer_per_share": 14.83,
            "book_valuer_per_share_4q_avg": 10.96,
            "equity": 4141071,
            "current_ratio": 123.42,
            "debt_ratio": 29.25,
            "inventory_turnover_ratio": null,
            "account_receivable_turnover_ratio": null,
            "reinvestment_rate": null,
            "research_to_sale_ratio": null,
            "price_fair": 134.4,
            "eps_avg_yearly": 3.84,
            "eps_latest_yearly": 3.84,
            "eps_growth_yearly": 880
        },
        "20023": {
            "year_quarter": 20023,
            "year": 2002,
            "quarter": 3,
            "eps": 0.4,
            "eps_growth_year": null,
            "eps_4q": null,
            "eps_4q_growth_year": null,
            "roe": 2.53,
            "roe_4q": 10.93,
            "gross_profit": 163892,
            "gross_margin": 26.58,
            "gross_margin_4q_avg": 17.78,
            "net_income": 106455,
            "net_income_4q": null,
            "revenue": 616570,
            "revenue_4q": null,
            "common_shares": 2946050,
            "book_valuer_per_share": 14.55,
            "book_valuer_per_share_4q_avg": 14.6,
            "equity": 4286366,
            "current_ratio": 159.76,
            "debt_ratio": 27.72,
            "inventory_turnover_ratio": null,
            "account_receivable_turnover_ratio": null,
            "reinvestment_rate": null,
            "research_to_sale_ratio": null,
            "price_fair": 95.2,
            "eps_avg_yearly": 2.72,
            "eps_latest_yearly": 1.6,
            "eps_growth_yearly": 323.33
        },
        "20024": {
            "year_quarter": 20024,
            "year": 2002,
            "quarter": 4,
            "eps": 0.21,
            "eps_growth_year": null,
            "eps_4q": 1.77,
            "eps_4q_growth_year": null,
            "roe": 1.4,
            "roe_4q": 12.329999999999998,
            "gross_profit": 83984,
            "gross_margin": 14.8,
            "gross_margin_4q_avg": 21.48,
            "net_income": 60288,
            "net_income_4q": null,
            "revenue": 567471,
            "revenue_4q": null,
            "common_shares": 2946050,
            "book_valuer_per_share": 14.78,
            "book_valuer_per_share_4q_avg": 14.63,
            "equity": 4353346,
            "current_ratio": 111.26,
            "debt_ratio": 47.58,
            "inventory_turnover_ratio": null,
            "account_receivable_turnover_ratio": null,
            "reinvestment_rate": null,
            "research_to_sale_ratio": null,
            "price_fair": 73.27,
            "eps_avg_yearly": 2.09,
            "eps_latest_yearly": 0.84,
            "eps_growth_yearly": 152.22
        },
        "20031": {
            "year_quarter": 20031,
            "year": 2003,
            "quarter": 1,
            "eps": 0.35,
            "eps_growth_year": 16.67,
            "eps_4q": 1.83,
            "eps_4q_growth_year": null,
            "roe": 2.28,
            "roe_4q": 12.5,
            "gross_profit": 158268,
            "gross_margin": 27.48,
            "gross_margin_4q_avg": 22.52,
            "net_income": 100125,
            "net_income_4q": null,
            "revenue": 575982,
            "revenue_4q": null,
            "common_shares": 2946050,
            "book_valuer_per_share": 15.04,
            "book_valuer_per_share_4q_avg": 14.8,
            "equity": 4431590,
            "current_ratio": 230.57,
            "debt_ratio": 25.6,
            "inventory_turnover_ratio": null,
            "account_receivable_turnover_ratio": null,
            "reinvestment_rate": null,
            "research_to_sale_ratio": null,
            "price_fair": 67.2,
            "eps_avg_yearly": 1.92,
            "eps_latest_yearly": 1.4,
            "eps_growth_yearly": 180.83
        },
        "20032": {
            "year_quarter": 20032,
            "year": 2003,
            "quarter": 2,
            "eps": 0.91,
            "eps_growth_year": -5.21,
            "eps_4q": 1.78,
            "eps_4q_growth_year": null,
            "roe": 6.32,
            "roe_4q": 12.53,
            "gross_profit": 199903,
            "gross_margin": 32.59,
            "gross_margin_4q_avg": 25.36,
            "net_income": 279103,
            "net_income_4q": null,
            "revenue": 613353,
            "revenue_4q": null,
            "common_shares": 2946050,
            "book_valuer_per_share": 14.94,
            "book_valuer_per_share_4q_avg": 14.83,
            "equity": 4400497,
            "current_ratio": 166.42,
            "debt_ratio": 27.63,
            "inventory_turnover_ratio": null,
            "account_receivable_turnover_ratio": null,
            "reinvestment_rate": null,
            "research_to_sale_ratio": null,
            "price_fair": 79.24,
            "eps_avg_yearly": 2.26,
            "eps_latest_yearly": 3.64,
            "eps_growth_yearly": 272.67
        },
        "20033": {
            "year_quarter": 20033,
            "year": 2003,
            "quarter": 3,
            "eps": 1.11,
            "eps_growth_year": 177.5,
            "eps_4q": 2.54,
            "eps_4q_growth_year": null,
            "roe": 7.56,
            "roe_4q": 17.56,
            "gross_profit": 176762,
            "gross_margin": 28.91,
            "gross_margin_4q_avg": 25.95,
            "net_income": 341052,
            "net_income_4q": null,
            "revenue": 611508,
            "revenue_4q": null,
            "common_shares": 3181734,
            "book_valuer_per_share": 14.51,
            "book_valuer_per_share_4q_avg": 14.82,
            "equity": 4618149,
            "current_ratio": 257.67,
            "debt_ratio": 21.79,
            "inventory_turnover_ratio": null,
            "account_receivable_turnover_ratio": null,
            "reinvestment_rate": null,
            "research_to_sale_ratio": null,
            "price_fair": 91.93,
            "eps_avg_yearly": 2.63,
            "eps_latest_yearly": 4.44,
            "eps_growth_yearly": 241.87
        },
        "20034": {
            "year_quarter": 20034,
            "year": 2003,
            "quarter": 4,
            "eps": 0.17,
            "eps_growth_year": -19.05,
            "eps_4q": 2.55,
            "eps_4q_growth_year": 44.24,
            "roe": 1.1,
            "roe_4q": 17.26,
            "gross_profit": 133655,
            "gross_margin": 24.02,
            "gross_margin_4q_avg": 28.25,
            "net_income": 51361,
            "net_income_4q": null,
            "revenue": 556338,
            "revenue_4q": null,
            "common_shares": 3181734,
            "book_valuer_per_share": 14.8,
            "book_valuer_per_share_4q_avg": 14.82,
            "equity": 4708315,
            "current_ratio": 135.49,
            "debt_ratio": 40.09,
            "inventory_turnover_ratio": null,
            "account_receivable_turnover_ratio": null,
            "reinvestment_rate": null,
            "research_to_sale_ratio": null,
            "price_fair": 82.2,
            "eps_avg_yearly": 2.35,
            "eps_latest_yearly": 0.68,
            "eps_growth_yearly": 158.93
        },
        "20041": {
            "year_quarter": 20041,
            "year": 2004,
            "quarter": 1,
            "eps": 1.66,
            "eps_growth_year": 374.29,
            "eps_4q": 3.83,
            "eps_4q_growth_year": 109.37,
            "roe": 10.54,
            "roe_4q": 25.52,
            "gross_profit": 169504,
            "gross_margin": 25.82,
            "gross_margin_4q_avg": 27.84,
            "net_income": 513932,
            "net_income_4q": null,
            "revenue": 656399,
            "revenue_4q": null,
            "common_shares": 3181734,
            "book_valuer_per_share": 15.86,
            "book_valuer_per_share_4q_avg": 15.03,
            "equity": 5045655,
            "current_ratio": 387.65,
            "debt_ratio": 30.22,
            "inventory_turnover_ratio": null,
            "account_receivable_turnover_ratio": null,
            "reinvestment_rate": null,
            "research_to_sale_ratio": null,
            "price_fair": 100.98,
            "eps_avg_yearly": 2.89,
            "eps_latest_yearly": 6.64,
            "eps_growth_yearly": 577.3
        },
        "20042": {
            "year_quarter": 20042,
            "year": 2004,
            "quarter": 2,
            "eps": 0.45,
            "eps_growth_year": -50.55,
            "eps_4q": 3.12,
            "eps_4q_growth_year": 75.27,
            "roe": 3.06,
            "roe_4q": 22.259999999999998,
            "gross_profit": 325290,
            "gross_margin": 39.87,
            "gross_margin_4q_avg": 29.66,
            "net_income": 152750,
            "net_income_4q": null,
            "revenue": 815838,
            "revenue_4q": null,
            "common_shares": 3181734,
            "book_valuer_per_share": 15.57,
            "book_valuer_per_share_4q_avg": 15.19,
            "equity": 4952536,
            "current_ratio": 178.72,
            "debt_ratio": 34.85,
            "inventory_turnover_ratio": null,
            "account_receivable_turnover_ratio": null,
            "reinvestment_rate": null,
            "research_to_sale_ratio": null,
            "price_fair": 96.76,
            "eps_avg_yearly": 2.76,
            "eps_latest_yearly": 1.8,
            "eps_growth_yearly": 480.76
        },
        "20043": {
            "year_quarter": 20043,
            "year": 2004,
            "quarter": 3,
            "eps": 0.56,
            "eps_growth_year": -49.55,
            "eps_4q": 2.65,
            "eps_4q_growth_year": 4.5,
            "roe": 3.8,
            "roe_4q": 18.5,
            "gross_profit": 398125,
            "gross_margin": 46.4,
            "gross_margin_4q_avg": 34.03,
            "net_income": 191952,
            "net_income_4q": null,
            "revenue": 858079,
            "revenue_4q": null,
            "common_shares": 3531725,
            "book_valuer_per_share": 14.56,
            "book_valuer_per_share_4q_avg": 15.2,
            "equity": 5140569,
            "current_ratio": 279.23,
            "debt_ratio": 30.49,
            "inventory_turnover_ratio": null,
            "account_receivable_turnover_ratio": null,
            "reinvestment_rate": null,
            "research_to_sale_ratio": null,
            "price_fair": 94.92,
            "eps_avg_yearly": 2.71,
            "eps_latest_yearly": 2.24,
            "eps_growth_yearly": 442.46
        },
        "20044": {
            "year_quarter": 20044,
            "year": 2004,
            "quarter": 4,
            "eps": 0.64,
            "eps_growth_year": 276.47,
            "eps_4q": 3.13,
            "eps_4q_growth_year": 22.67,
            "roe": 4.3,
            "roe_4q": 21.7,
            "gross_profit": 364964,
            "gross_margin": 44.53,
            "gross_margin_4q_avg": 39.16,
            "net_income": 220433,
            "net_income_4q": null,
            "revenue": 819593,
            "revenue_4q": null,
            "common_shares": 3531725,
            "book_valuer_per_share": 14.51,
            "book_valuer_per_share_4q_avg": 15.13,
            "equity": 5123957,
            "current_ratio": 182.89,
            "debt_ratio": 48.51,
            "inventory_turnover_ratio": null,
            "account_receivable_turnover_ratio": null,
            "reinvestment_rate": null,
            "research_to_sale_ratio": null,
            "price_fair": 94.44,
            "eps_avg_yearly": 2.7,
            "eps_latest_yearly": 2.56,
            "eps_growth_yearly": 407.43
        },
        "20051": {
            "year_quarter": 20051,
            "year": 2005,
            "quarter": 1,
            "eps": 1.16,
            "eps_growth_year": -30.12,
            "eps_4q": 2.81,
            "eps_4q_growth_year": -26.58,
            "roe": 7.29,
            "roe_4q": 18.45,
            "gross_profit": 483346,
            "gross_margin": 51.85,
            "gross_margin_4q_avg": 45.66,
            "net_income": 397011,
            "net_income_4q": null,
            "revenue": 932244,
            "revenue_4q": null,
            "common_shares": 3531725,
            "book_valuer_per_share": 16.33,
            "book_valuer_per_share_4q_avg": 15.24,
            "equity": 5768986,
            "current_ratio": 346.78,
            "debt_ratio": 26.68,
            "inventory_turnover_ratio": null,
            "account_receivable_turnover_ratio": null,
            "reinvestment_rate": null,
            "research_to_sale_ratio": null,
            "price_fair": 100.1,
            "eps_avg_yearly": 2.86,
            "eps_latest_yearly": 4.64,
            "eps_growth_yearly": 400.56
        },
        "20052": {
            "year_quarter": 20052,
            "year": 2005,
            "quarter": 2,
            "eps": 0.78,
            "eps_growth_year": 73.33,
            "eps_4q": 2.93,
            "eps_4q_growth_year": -6.01,
            "roe": 5.25,
            "roe_4q": 20.64,
            "gross_profit": 359137,
            "gross_margin": 41.41,
            "gross_margin_4q_avg": 46.05,
            "net_income": 293297,
            "net_income_4q": null,
            "revenue": 867259,
            "revenue_4q": null,
            "common_shares": 3531725,
            "book_valuer_per_share": 15.28,
            "book_valuer_per_share_4q_avg": 15.17,
            "equity": 5395379,
            "current_ratio": 197.8,
            "debt_ratio": 33.13,
            "inventory_turnover_ratio": null,
            "account_receivable_turnover_ratio": null,
            "reinvestment_rate": null,
            "research_to_sale_ratio": null,
            "price_fair": 100.8,
            "eps_avg_yearly": 2.88,
            "eps_latest_yearly": 3.12,
            "eps_growth_yearly": 359.67
        },
        "20053": {
            "year_quarter": 20053,
            "year": 2005,
            "quarter": 3,
            "eps": 0.8,
            "eps_growth_year": 42.86,
            "eps_4q": 3.23,
            "eps_4q_growth_year": 21.52,
            "roe": 5.33,
            "roe_4q": 22.17,
            "gross_profit": 354824,
            "gross_margin": 43.23,
            "gross_margin_4q_avg": 45.26,
            "net_income": 300324,
            "net_income_4q": null,
            "revenue": 820750,
            "revenue_4q": null,
            "common_shares": 3849580,
            "book_valuer_per_share": 15.28,
            "book_valuer_per_share_4q_avg": 15.35,
            "equity": 5883407,
            "current_ratio": 370.81,
            "debt_ratio": 25.81,
            "inventory_turnover_ratio": null,
            "account_receivable_turnover_ratio": null,
            "reinvestment_rate": null,
            "research_to_sale_ratio": null,
            "price_fair": 101.6,
            "eps_avg_yearly": 2.9,
            "eps_latest_yearly": 3.2,
            "eps_growth_yearly": 334.71
        },
        "20054": {
            "year_quarter": 20054,
            "year": 2005,
            "quarter": 4,
            "eps": 0.58,
            "eps_growth_year": -9.38,
            "eps_4q": 3.22,
            "eps_4q_growth_year": 2.8,
            "roe": 3.64,
            "roe_4q": 21.51,
            "gross_profit": 274665,
            "gross_margin": 36.94,
            "gross_margin_4q_avg": 43.36,
            "net_income": 217597,
            "net_income_4q": null,
            "revenue": 743568,
            "revenue_4q": null,
            "common_shares": 3849580,
            "book_valuer_per_share": 15.75,
            "book_valuer_per_share_4q_avg": 15.66,
            "equity": 6061488,
            "current_ratio": 241.12,
            "debt_ratio": 43.45,
            "inventory_turnover_ratio": null,
            "account_receivable_turnover_ratio": null,
            "reinvestment_rate": 13.25,
            "research_to_sale_ratio": null,
            "price_fair": 100.24,
            "eps_avg_yearly": 2.86,
            "eps_latest_yearly": 2.32,
            "eps_growth_yearly": 305.06
        },
        "20061": {
            "year_quarter": 20061,
            "year": 2006,
            "quarter": 1,
            "eps": 0.56,
            "eps_growth_year": -51.72,
            "eps_4q": 2.74,
            "eps_4q_growth_year": -2.42,
            "roe": 3.4,
            "roe_4q": 17.62,
            "gross_profit": 118775,
            "gross_margin": 22.71,
            "gross_margin_4q_avg": 36.07,
            "net_income": 208082,
            "net_income_4q": null,
            "revenue": 523047,
            "revenue_4q": null,
            "common_shares": 3849580,
            "book_valuer_per_share": 16.09,
            "book_valuer_per_share_4q_avg": 15.6,
            "equity": 6195243,
            "current_ratio": 381.56,
            "debt_ratio": 25.86,
            "inventory_turnover_ratio": null,
            "account_receivable_turnover_ratio": null,
            "reinvestment_rate": -58.73,
            "research_to_sale_ratio": null,
            "price_fair": 98.88,
            "eps_avg_yearly": 2.83,
            "eps_latest_yearly": 2.24,
            "eps_growth_yearly": 285.14
        },
        "20062": {
            "year_quarter": 20062,
            "year": 2006,
            "quarter": 2,
            "eps": 0.94,
            "eps_growth_year": 20.51,
            "eps_4q": 2.88,
            "eps_4q_growth_year": -1.91,
            "roe": 5.89,
            "roe_4q": 18.259999999999998,
            "gross_profit": 188344,
            "gross_margin": 31.7,
            "gross_margin_4q_avg": 33.65,
            "net_income": 352403,
            "net_income_4q": null,
            "revenue": 594221,
            "revenue_4q": null,
            "common_shares": 3849580,
            "book_valuer_per_share": 14.99,
            "book_valuer_per_share_4q_avg": 15.53,
            "equity": 5769765,
            "current_ratio": 151.15,
            "debt_ratio": 31.72,
            "inventory_turnover_ratio": null,
            "account_receivable_turnover_ratio": null,
            "reinvestment_rate": -54.94,
            "research_to_sale_ratio": null,
            "price_fair": 98.7,
            "eps_avg_yearly": 2.82,
            "eps_latest_yearly": 3.76,
            "eps_growth_yearly": 247.1
        },
        "20063": {
            "year_quarter": 20063,
            "year": 2006,
            "quarter": 3,
            "eps": 0.68,
            "eps_growth_year": -15,
            "eps_4q": 2.59,
            "eps_4q_growth_year": -19.59,
            "roe": 4.64,
            "roe_4q": 17.57,
            "gross_profit": 202816,
            "gross_margin": 35.02,
            "gross_margin_4q_avg": 31.59,
            "net_income": 276444,
            "net_income_4q": null,
            "revenue": 579149,
            "revenue_4q": null,
            "common_shares": 4172945,
            "book_valuer_per_share": 14.73,
            "book_valuer_per_share_4q_avg": 15.39,
            "equity": 6144825,
            "current_ratio": 186.77,
            "debt_ratio": 24.52,
            "inventory_turnover_ratio": null,
            "account_receivable_turnover_ratio": null,
            "reinvestment_rate": -45.91,
            "research_to_sale_ratio": null,
            "price_fair": 101.15,
            "eps_avg_yearly": 2.89,
            "eps_latest_yearly": 2.72,
            "eps_growth_yearly": 254.77
        },
        "20064": {
            "year_quarter": 20064,
            "year": 2006,
            "quarter": 4,
            "eps": 0.56,
            "eps_growth_year": -3.45,
            "eps_4q": 2.63,
            "eps_4q_growth_year": -18.4,
            "roe": 3.64,
            "roe_4q": 17.569999999999997,
            "gross_profit": 143686,
            "gross_margin": 25.19,
            "gross_margin_4q_avg": 28.66,
            "net_income": 226627,
            "net_income_4q": null,
            "revenue": 570394,
            "revenue_4q": null,
            "common_shares": 4172945,
            "book_valuer_per_share": 15.12,
            "book_valuer_per_share_4q_avg": 15.23,
            "equity": 6307497,
            "current_ratio": 174.04,
            "debt_ratio": 36.77,
            "inventory_turnover_ratio": null,
            "account_receivable_turnover_ratio": null,
            "reinvestment_rate": 7.4,
            "research_to_sale_ratio": null,
            "price_fair": 104.21,
            "eps_avg_yearly": 2.98,
            "eps_latest_yearly": 2.24,
            "eps_growth_yearly": 262.23
        },
        "20071": {
            "year_quarter": 20071,
            "year": 2007,
            "quarter": 1,
            "eps": 0.76,
            "eps_growth_year": 35.71,
            "eps_4q": 2.83,
            "eps_4q_growth_year": 3.1,
            "roe": 4.72,
            "roe_4q": 18.89,
            "gross_profit": 132120,
            "gross_margin": 25.47,
            "gross_margin_4q_avg": 29.35,
            "net_income": 314377,
            "net_income_4q": null,
            "revenue": 518806,
            "revenue_4q": null,
            "common_shares": 4172945,
            "book_valuer_per_share": 16.8,
            "book_valuer_per_share_4q_avg": 15.41,
            "equity": 7011508,
            "current_ratio": 203.97,
            "debt_ratio": 18.5,
            "inventory_turnover_ratio": null,
            "account_receivable_turnover_ratio": null,
            "reinvestment_rate": -38.41,
            "research_to_sale_ratio": null,
            "price_fair": 107.8,
            "eps_avg_yearly": 3.08,
            "eps_latest_yearly": 3.04,
            "eps_growth_yearly": 254.49
        },
        "20072": {
            "year_quarter": 20072,
            "year": 2007,
            "quarter": 2,
            "eps": 1.16,
            "eps_growth_year": 23.4,
            "eps_4q": 3.12,
            "eps_4q_growth_year": 8.52,
            "roe": 6.7,
            "roe_4q": 19.7,
            "gross_profit": 219976,
            "gross_margin": 36.2,
            "gross_margin_4q_avg": 30.47,
            "net_income": 483428,
            "net_income_4q": null,
            "revenue": 607644,
            "revenue_4q": null,
            "common_shares": 4172945,
            "book_valuer_per_share": 17.77,
            "book_valuer_per_share_4q_avg": 16.11,
            "equity": 7414325,
            "current_ratio": 207.21,
            "debt_ratio": 18.1,
            "inventory_turnover_ratio": null,
            "account_receivable_turnover_ratio": null,
            "reinvestment_rate": -28.35,
            "research_to_sale_ratio": null,
            "price_fair": 109.99,
            "eps_avg_yearly": 3.14,
            "eps_latest_yearly": 4.64,
            "eps_growth_yearly": 227.65
        },
        "20073": {
            "year_quarter": 20073,
            "year": 2007,
            "quarter": 3,
            "eps": 0.91,
            "eps_growth_year": 33.82,
            "eps_4q": 3.38,
            "eps_4q_growth_year": 30.2,
            "roe": 4.98,
            "roe_4q": 20.04,
            "gross_profit": 234847,
            "gross_margin": 37.34,
            "gross_margin_4q_avg": 31.05,
            "net_income": 377825,
            "net_income_4q": null,
            "revenue": 628878,
            "revenue_4q": null,
            "common_shares": 4172945,
            "book_valuer_per_share": 18.59,
            "book_valuer_per_share_4q_avg": 17.07,
            "equity": 7755911,
            "current_ratio": 210.69,
            "debt_ratio": 17.99,
            "inventory_turnover_ratio": null,
            "account_receivable_turnover_ratio": null,
            "reinvestment_rate": -11.55,
            "research_to_sale_ratio": null,
            "price_fair": 108.24,
            "eps_avg_yearly": 3.09,
            "eps_latest_yearly": 3.64,
            "eps_growth_yearly": 216.77
        },
        "20074": {
            "year_quarter": 20074,
            "year": 2007,
            "quarter": 4,
            "eps": 0.88,
            "eps_growth_year": 57.14,
            "eps_4q": 3.71,
            "eps_4q_growth_year": 41.12,
            "roe": 4.82,
            "roe_4q": 21.22,
            "gross_profit": 131705,
            "gross_margin": 21.98,
            "gross_margin_4q_avg": 30.25,
            "net_income": 365736,
            "net_income_4q": null,
            "revenue": 599111,
            "revenue_4q": null,
            "common_shares": 4172945,
            "book_valuer_per_share": 17.75,
            "book_valuer_per_share_4q_avg": 17.73,
            "equity": 7405646,
            "current_ratio": 152.47,
            "debt_ratio": 35.5,
            "inventory_turnover_ratio": null,
            "account_receivable_turnover_ratio": null,
            "reinvestment_rate": 60.08,
            "research_to_sale_ratio": null,
            "price_fair": 114.45,
            "eps_avg_yearly": 3.27,
            "eps_latest_yearly": 3.52,
            "eps_growth_yearly": 237.12
        },
        "20081": {
            "year_quarter": 20081,
            "year": 2008,
            "quarter": 1,
            "eps": 1.43,
            "eps_growth_year": 88.16,
            "eps_4q": 4.37,
            "eps_4q_growth_year": 54.57,
            "roe": 7.91,
            "roe_4q": 24.41,
            "gross_profit": 736475,
            "gross_margin": 56.31,
            "gross_margin_4q_avg": 37.96,
            "net_income": 596509,
            "net_income_4q": null,
            "revenue": 1307854,
            "revenue_4q": null,
            "common_shares": 4172945,
            "book_valuer_per_share": 18.4,
            "book_valuer_per_share_4q_avg": 18.13,
            "equity": 7678114,
            "current_ratio": 182.46,
            "debt_ratio": 33.15,
            "inventory_turnover_ratio": null,
            "account_receivable_turnover_ratio": null,
            "reinvestment_rate": 143.3,
            "research_to_sale_ratio": null,
            "price_fair": 112.44,
            "eps_avg_yearly": 3.21,
            "eps_latest_yearly": 5.72,
            "eps_growth_yearly": 33.62
        },
        "20082": {
            "year_quarter": 20082,
            "year": 2008,
            "quarter": 2,
            "eps": 1.82,
            "eps_growth_year": 56.9,
            "eps_4q": 5.03,
            "eps_4q_growth_year": 61.01,
            "roe": 10.29,
            "roe_4q": 28,
            "gross_profit": 788899,
            "gross_margin": 55.4,
            "gross_margin_4q_avg": 42.76,
            "net_income": 760771,
            "net_income_4q": null,
            "revenue": 1424103,
            "revenue_4q": null,
            "common_shares": 4172945,
            "book_valuer_per_share": 17.05,
            "book_valuer_per_share_4q_avg": 17.95,
            "equity": 7113645,
            "current_ratio": 113.53,
            "debt_ratio": 40.26,
            "inventory_turnover_ratio": null,
            "account_receivable_turnover_ratio": null,
            "reinvestment_rate": 130.18,
            "research_to_sale_ratio": null,
            "price_fair": 124.43,
            "eps_avg_yearly": 3.56,
            "eps_latest_yearly": 7.28,
            "eps_growth_yearly": 58.66
        },
        "20083": {
            "year_quarter": 20083,
            "year": 2008,
            "quarter": 3,
            "eps": 2.73,
            "eps_growth_year": 200,
            "eps_4q": 6.86,
            "eps_4q_growth_year": 103.22,
            "roe": 14.56,
            "roe_4q": 37.580000000000005,
            "gross_profit": 1234964,
            "gross_margin": 63.87,
            "gross_margin_4q_avg": 49.39,
            "net_income": 1137941,
            "net_income_4q": null,
            "revenue": 1933450,
            "revenue_4q": null,
            "common_shares": 4172945,
            "book_valuer_per_share": 20.42,
            "book_valuer_per_share_4q_avg": 18.41,
            "equity": 8522089,
            "current_ratio": 214.35,
            "debt_ratio": 30.6,
            "inventory_turnover_ratio": null,
            "account_receivable_turnover_ratio": null,
            "reinvestment_rate": 115.42,
            "research_to_sale_ratio": null,
            "price_fair": 143.41,
            "eps_avg_yearly": 4.1,
            "eps_latest_yearly": 10.92,
            "eps_growth_yearly": 65.05
        },
        "20084": {
            "year_quarter": 20084,
            "year": 2008,
            "quarter": 4,
            "eps": 2.04,
            "eps_growth_year": 131.82,
            "eps_4q": 8.02,
            "eps_4q_growth_year": 116.3,
            "roe": 9.43,
            "roe_4q": 42.19,
            "gross_profit": 1031864,
            "gross_margin": 58.34,
            "gross_margin_4q_avg": 58.48,
            "net_income": 850925,
            "net_income_4q": null,
            "revenue": 1768624,
            "revenue_4q": null,
            "common_shares": 4172945,
            "book_valuer_per_share": 22.84,
            "book_valuer_per_share_4q_avg": 19.68,
            "equity": 9531272,
            "current_ratio": 239.01,
            "debt_ratio": 29.49,
            "inventory_turnover_ratio": null,
            "account_receivable_turnover_ratio": 20.83,
            "reinvestment_rate": 25.33,
            "research_to_sale_ratio": null,
            "price_fair": 155.66,
            "eps_avg_yearly": 4.45,
            "eps_latest_yearly": 8.16,
            "eps_growth_yearly": 55.16
        },
        "20091": {
            "year_quarter": 20091,
            "year": 2009,
            "quarter": 1,
            "eps": 2.06,
            "eps_growth_year": 44.06,
            "eps_4q": 8.66,
            "eps_4q_growth_year": 98.14,
            "roe": 8.52,
            "roe_4q": 42.8,
            "gross_profit": 824127,
            "gross_margin": 61.93,
            "gross_margin_4q_avg": 59.89,
            "net_income": 858011,
            "net_income_4q": null,
            "revenue": 1330729,
            "revenue_4q": null,
            "common_shares": 4172945,
            "book_valuer_per_share": 25.41,
            "book_valuer_per_share_4q_avg": 21.43,
            "equity": 10604479,
            "current_ratio": 314.83,
            "debt_ratio": 25.39,
            "inventory_turnover_ratio": null,
            "account_receivable_turnover_ratio": 8.52,
            "reinvestment_rate": 105.02,
            "research_to_sale_ratio": null,
            "price_fair": 163.54,
            "eps_avg_yearly": 4.67,
            "eps_latest_yearly": 8.24,
            "eps_growth_yearly": 35.1
        },
        "20092": {
            "year_quarter": 20092,
            "year": 2009,
            "quarter": 2,
            "eps": 0.81,
            "eps_growth_year": -55.49,
            "eps_4q": 7.66,
            "eps_4q_growth_year": 52.32,
            "roe": 3.43,
            "roe_4q": 35.94,
            "gross_profit": 561862,
            "gross_margin": 49.14,
            "gross_margin_4q_avg": 58.32,
            "net_income": 336862,
            "net_income_4q": null,
            "revenue": 1143333,
            "revenue_4q": null,
            "common_shares": 4172945,
            "book_valuer_per_share": 21.63,
            "book_valuer_per_share_4q_avg": 22.58,
            "equity": 9025872,
            "current_ratio": 146.11,
            "debt_ratio": 33.67,
            "inventory_turnover_ratio": null,
            "account_receivable_turnover_ratio": 9.11,
            "reinvestment_rate": 100.08,
            "research_to_sale_ratio": null,
            "price_fair": 163.8,
            "eps_avg_yearly": 4.68,
            "eps_latest_yearly": 3.24,
            "eps_growth_yearly": 28.12
        },
        "20093": {
            "year_quarter": 20093,
            "year": 2009,
            "quarter": 3,
            "eps": 0.56,
            "eps_growth_year": -79.49,
            "eps_4q": 5.43,
            "eps_4q_growth_year": -20.92,
            "roe": 2.6,
            "roe_4q": 23.98,
            "gross_profit": 306331,
            "gross_margin": 36.14,
            "gross_margin_4q_avg": 51.39,
            "net_income": 235355,
            "net_income_4q": null,
            "revenue": 847633,
            "revenue_4q": null,
            "common_shares": 4172945,
            "book_valuer_per_share": 21.72,
            "book_valuer_per_share_4q_avg": 22.9,
            "equity": 9065239,
            "current_ratio": 248.6,
            "debt_ratio": 22.33,
            "inventory_turnover_ratio": null,
            "account_receivable_turnover_ratio": 7.39,
            "reinvestment_rate": 99.32,
            "research_to_sale_ratio": null,
            "price_fair": 137.48,
            "eps_avg_yearly": 4.62,
            "eps_latest_yearly": 2.24,
            "eps_growth_yearly": 19.76
        },
        "20094": {
            "year_quarter": 20094,
            "year": 2009,
            "quarter": 4,
            "eps": 0.58,
            "eps_growth_year": -71.57,
            "eps_4q": 4.01,
            "eps_4q_growth_year": -50.07,
            "roe": 2.63,
            "roe_4q": 17.18,
            "gross_profit": 231635,
            "gross_margin": 29.78,
            "gross_margin_4q_avg": 44.25,
            "net_income": 241067,
            "net_income_4q": null,
            "revenue": 777743,
            "revenue_4q": null,
            "common_shares": 4172945,
            "book_valuer_per_share": 22.22,
            "book_valuer_per_share_4q_avg": 22.75,
            "equity": 9270867,
            "current_ratio": 248.93,
            "debt_ratio": 21.62,
            "inventory_turnover_ratio": null,
            "account_receivable_turnover_ratio": 14.41,
            "reinvestment_rate": 15.49,
            "research_to_sale_ratio": null,
            "price_fair": 161.7,
            "eps_avg_yearly": 4.62,
            "eps_latest_yearly": 2.32,
            "eps_growth_yearly": 27.53
        },
        "20101": {
            "year_quarter": 20101,
            "year": 2010,
            "quarter": 1,
            "eps": 1.23,
            "eps_growth_year": -40.29,
            "eps_4q": 3.18,
            "eps_4q_growth_year": -63.34,
            "roe": 5.39,
            "roe_4q": 14.049999999999999,
            "gross_profit": 323938,
            "gross_margin": 42.65,
            "gross_margin_4q_avg": 39.43,
            "net_income": 511636,
            "net_income_4q": null,
            "revenue": 759600,
            "revenue_4q": null,
            "common_shares": 4172945,
            "book_valuer_per_share": 23.28,
            "book_valuer_per_share_4q_avg": 22.21,
            "equity": 9716264,
            "current_ratio": 322.26,
            "debt_ratio": 19.04,
            "inventory_turnover_ratio": null,
            "account_receivable_turnover_ratio": 8.54,
            "reinvestment_rate": 93.64,
            "research_to_sale_ratio": null,
            "price_fair": 167.56,
            "eps_avg_yearly": 4.79,
            "eps_latest_yearly": 4.92,
            "eps_growth_yearly": 56.41
        },
        "20102": {
            "year_quarter": 20102,
            "year": 2010,
            "quarter": 2,
            "eps": 0.93,
            "eps_growth_year": 14.91,
            "eps_4q": 3.3,
            "eps_4q_growth_year": -56.91,
            "roe": 4.1,
            "roe_4q": 14.719999999999997,
            "gross_profit": 411870,
            "gross_margin": 44.76,
            "gross_margin_4q_avg": 38.33,
            "net_income": 388412,
            "net_income_4q": null,
            "revenue": 920198,
            "revenue_4q": null,
            "common_shares": 4172945,
            "book_valuer_per_share": 22.16,
            "book_valuer_per_share_4q_avg": 22.35,
            "equity": 9246814,
            "current_ratio": 200.98,
            "debt_ratio": 24.55,
            "inventory_turnover_ratio": null,
            "account_receivable_turnover_ratio": 11.37,
            "reinvestment_rate": 91.6,
            "research_to_sale_ratio": null,
            "price_fair": 167.48,
            "eps_avg_yearly": 4.79,
            "eps_latest_yearly": 3.72,
            "eps_growth_yearly": 33.34
        },
        "20103": {
            "year_quarter": 20103,
            "year": 2010,
            "quarter": 3,
            "eps": 0.91,
            "eps_growth_year": 61.65,
            "eps_4q": 3.64,
            "eps_4q_growth_year": -32.94,
            "roe": 4.05,
            "roe_4q": 16.169999999999998,
            "gross_profit": 431242,
            "gross_margin": 45.35,
            "gross_margin_4q_avg": 40.64,
            "net_income": 377752,
            "net_income_4q": null,
            "revenue": 950951,
            "revenue_4q": null,
            "common_shares": 4172945,
            "book_valuer_per_share": 22.56,
            "book_valuer_per_share_4q_avg": 22.56,
            "equity": 9414441,
            "current_ratio": 416.37,
            "debt_ratio": 17.93,
            "inventory_turnover_ratio": null,
            "account_receivable_turnover_ratio": 8.05,
            "reinvestment_rate": 83.96,
            "research_to_sale_ratio": null,
            "price_fair": 169.49,
            "eps_avg_yearly": 4.84,
            "eps_latest_yearly": 3.64,
            "eps_growth_yearly": 39.72
        },
        "20104": {
            "year_quarter": 20104,
            "year": 2010,
            "quarter": 4,
            "eps": 0.29,
            "eps_growth_year": -49.53,
            "eps_4q": 3.35,
            "eps_4q_growth_year": -16.24,
            "roe": 1.32,
            "roe_4q": 14.86,
            "gross_profit": 334661,
            "gross_margin": 36.53,
            "gross_margin_4q_avg": 42.32,
            "net_income": 122155,
            "net_income_4q": null,
            "revenue": 916215,
            "revenue_4q": null,
            "common_shares": 4172945,
            "book_valuer_per_share": 21.68,
            "book_valuer_per_share_4q_avg": 22.42,
            "equity": 9047716,
            "current_ratio": 544.24,
            "debt_ratio": 17.54,
            "inventory_turnover_ratio": null,
            "account_receivable_turnover_ratio": 6.06,
            "reinvestment_rate": -2.5,
            "research_to_sale_ratio": null,
            "price_fair": 167.13,
            "eps_avg_yearly": 4.78,
            "eps_latest_yearly": 1.16,
            "eps_growth_yearly": 27.1
        },
        "20111": {
            "year_quarter": 20111,
            "year": 2011,
            "quarter": 1,
            "eps": 0.6,
            "eps_growth_year": -51.22,
            "eps_4q": 2.73,
            "eps_4q_growth_year": -13.96,
            "roe": 2.74,
            "roe_4q": 12.209999999999999,
            "gross_profit": 303797,
            "gross_margin": 36.72,
            "gross_margin_4q_avg": 40.84,
            "net_income": 251642,
            "net_income_4q": null,
            "revenue": 827312,
            "revenue_4q": null,
            "common_shares": 4172945,
            "book_valuer_per_share": 22.38,
            "book_valuer_per_share_4q_avg": 22.2,
            "equity": 9336983,
            "current_ratio": 535.75,
            "debt_ratio": 17.21,
            "inventory_turnover_ratio": null,
            "account_receivable_turnover_ratio": 6.03,
            "reinvestment_rate": 73.78,
            "research_to_sale_ratio": null,
            "price_fair": 165.73,
            "eps_avg_yearly": 4.74,
            "eps_latest_yearly": 2.4,
            "eps_growth_yearly": 44.9
        },
        "20112": {
            "year_quarter": 20112,
            "year": 2011,
            "quarter": 2,
            "eps": 0.87,
            "eps_growth_year": -6.19,
            "eps_4q": 2.67,
            "eps_4q_growth_year": -18.93,
            "roe": 4.06,
            "roe_4q": 12.169999999999998,
            "gross_profit": 294965,
            "gross_margin": 33.18,
            "gross_margin_4q_avg": 37.95,
            "net_income": 364364,
            "net_income_4q": null,
            "revenue": 888853,
            "revenue_4q": null,
            "common_shares": 4172945,
            "book_valuer_per_share": 20.64,
            "book_valuer_per_share_4q_avg": 21.82,
            "equity": 8614000,
            "current_ratio": 258.4,
            "debt_ratio": 24.15,
            "inventory_turnover_ratio": null,
            "account_receivable_turnover_ratio": 6.01,
            "reinvestment_rate": 69.87,
            "research_to_sale_ratio": null,
            "price_fair": 163.19,
            "eps_avg_yearly": 4.66,
            "eps_latest_yearly": 3.48,
            "eps_growth_yearly": 42.99
        },
        "20113": {
            "year_quarter": 20113,
            "year": 2011,
            "quarter": 3,
            "eps": 0.74,
            "eps_growth_year": -18.19,
            "eps_4q": 2.51,
            "eps_4q_growth_year": -31.05,
            "roe": 3.45,
            "roe_4q": 11.57,
            "gross_profit": 368143,
            "gross_margin": 39.35,
            "gross_margin_4q_avg": 36.45,
            "net_income": 309023,
            "net_income_4q": null,
            "revenue": 935640,
            "revenue_4q": null,
            "common_shares": 4172945,
            "book_valuer_per_share": 22.34,
            "book_valuer_per_share_4q_avg": 21.76,
            "equity": 9321621,
            "current_ratio": 591.23,
            "debt_ratio": 17.03,
            "inventory_turnover_ratio": null,
            "account_receivable_turnover_ratio": 5.21,
            "reinvestment_rate": 71.24,
            "research_to_sale_ratio": null,
            "price_fair": 161.7,
            "eps_avg_yearly": 4.62,
            "eps_latest_yearly": 2.96,
            "eps_growth_yearly": 44.64
        },
        "20114": {
            "year_quarter": 20114,
            "year": 2011,
            "quarter": 4,
            "eps": 0.58,
            "eps_growth_year": 99.69,
            "eps_4q": 2.8,
            "eps_4q_growth_year": -16.5,
            "roe": 2.59,
            "roe_4q": 12.84,
            "gross_profit": 305686,
            "gross_margin": 32.83,
            "gross_margin_4q_avg": 35.52,
            "net_income": 243931,
            "net_income_4q": null,
            "revenue": 931083,
            "revenue_4q": null,
            "common_shares": 4172945,
            "book_valuer_per_share": 22.85,
            "book_valuer_per_share_4q_avg": 22.05,
            "equity": 9536777,
            "current_ratio": 557.49,
            "debt_ratio": 16.71,
            "inventory_turnover_ratio": null,
            "account_receivable_turnover_ratio": 4.21,
            "reinvestment_rate": -22.68,
            "research_to_sale_ratio": null,
            "price_fair": 159.08,
            "eps_avg_yearly": 4.55,
            "eps_latest_yearly": 2.32,
            "eps_growth_yearly": 40.06
        },
        "20121": {
            "year_quarter": 20121,
            "year": 2012,
            "quarter": 1,
            "eps": 0.63,
            "eps_growth_year": 5,
            "eps_4q": 2.83,
            "eps_4q_growth_year": 3.55,
            "roe": 2.75,
            "roe_4q": 12.849999999999998,
            "gross_profit": 318349,
            "gross_margin": 37.87,
            "gross_margin_4q_avg": 35.81,
            "net_income": 263126,
            "net_income_4q": null,
            "revenue": 840733,
            "revenue_4q": null,
            "common_shares": 4172945,
            "book_valuer_per_share": 23.04,
            "book_valuer_per_share_4q_avg": 22.22,
            "equity": 9612733,
            "current_ratio": 654.59,
            "debt_ratio": 15.71,
            "inventory_turnover_ratio": null,
            "account_receivable_turnover_ratio": 4.19,
            "reinvestment_rate": -15.63,
            "research_to_sale_ratio": null,
            "price_fair": 152.08,
            "eps_avg_yearly": 4.35,
            "eps_latest_yearly": 2.52,
            "eps_growth_yearly": 26.59
        },
        "20122": {
            "year_quarter": 20122,
            "year": 2012,
            "quarter": 2,
            "eps": 0.26,
            "eps_growth_year": -69.7,
            "eps_4q": 2.22,
            "eps_4q_growth_year": -16.98,
            "roe": 1.18,
            "roe_4q": 9.969999999999999,
            "gross_profit": 200997,
            "gross_margin": 24.67,
            "gross_margin_4q_avg": 33.68,
            "net_income": 110402,
            "net_income_4q": null,
            "revenue": 814785,
            "revenue_4q": null,
            "common_shares": 4172945,
            "book_valuer_per_share": 21.99,
            "book_valuer_per_share_4q_avg": 22.56,
            "equity": 9178030,
            "current_ratio": 274.55,
            "debt_ratio": 21.03,
            "inventory_turnover_ratio": null,
            "account_receivable_turnover_ratio": 4.53,
            "reinvestment_rate": -13.96,
            "research_to_sale_ratio": null,
            "price_fair": 59.67,
            "eps_avg_yearly": 3.96,
            "eps_latest_yearly": 1.04,
            "eps_growth_yearly": 5.09
        },
        "20123": {
            "year_quarter": 20123,
            "year": 2012,
            "quarter": 3,
            "eps": 0.32,
            "eps_growth_year": -56.68,
            "eps_4q": 1.8,
            "eps_4q_growth_year": -28.25,
            "roe": 1.46,
            "roe_4q": 7.9799999999999995,
            "gross_profit": 191471,
            "gross_margin": 23.6,
            "gross_margin_4q_avg": 29.74,
            "net_income": 133878,
            "net_income_4q": null,
            "revenue": 811377,
            "revenue_4q": null,
            "common_shares": 4172945,
            "book_valuer_per_share": 21.9,
            "book_valuer_per_share_4q_avg": 22.45,
            "equity": 9139913,
            "current_ratio": 487.32,
            "debt_ratio": 15.92,
            "inventory_turnover_ratio": null,
            "account_receivable_turnover_ratio": 3.48,
            "reinvestment_rate": -23.34,
            "research_to_sale_ratio": null,
            "price_fair": 10.06,
            "eps_avg_yearly": 3.35,
            "eps_latest_yearly": 1.28,
            "eps_growth_yearly": -1.64
        },
        "20124": {
            "year_quarter": 20124,
            "year": 2012,
            "quarter": 4,
            "eps": 0.29,
            "eps_growth_year": -49.73,
            "eps_4q": 1.51,
            "eps_4q_growth_year": -46.1,
            "roe": 1.34,
            "roe_4q": 6.7299999999999995,
            "gross_profit": 41007,
            "gross_margin": 5.86,
            "gross_margin_4q_avg": 23,
            "net_income": 122629,
            "net_income_4q": null,
            "revenue": 700132,
            "revenue_4q": null,
            "common_shares": 4172945,
            "book_valuer_per_share": 22.03,
            "book_valuer_per_share_4q_avg": 22.24,
            "equity": 9193201,
            "current_ratio": 388.05,
            "debt_ratio": 23.13,
            "inventory_turnover_ratio": null,
            "account_receivable_turnover_ratio": 2.98,
            "reinvestment_rate": -12.45,
            "research_to_sale_ratio": null,
            "price_fair": 35.95,
            "eps_avg_yearly": 2.92,
            "eps_latest_yearly": 1.16,
            "eps_growth_yearly": 2.33
        },
        "20131": {
            "year_quarter": 20131,
            "year": 2013,
            "quarter": 1,
            "eps": 0.61,
            "eps_growth_year": -3.17,
            "eps_4q": 1.49,
            "eps_4q_growth_year": -47.39,
            "roe": 2.7,
            "roe_4q": 6.68,
            "gross_profit": 119449,
            "gross_margin": 17.87,
            "gross_margin_4q_avg": 18,
            "net_income": 254156,
            "net_income_4q": null,
            "revenue": 668388,
            "revenue_4q": null,
            "common_shares": 4172945,
            "book_valuer_per_share": 23.01,
            "book_valuer_per_share_4q_avg": 22.23,
            "equity": 9599974,
            "current_ratio": 431.23,
            "debt_ratio": 26.7,
            "inventory_turnover_ratio": null,
            "account_receivable_turnover_ratio": 2.73,
            "reinvestment_rate": 4.21,
            "research_to_sale_ratio": null,
            "price_fair": 89.34,
            "eps_avg_yearly": 2.55,
            "eps_latest_yearly": 2.44,
            "eps_growth_yearly": 29.67
        },
        "20132": {
            "year_quarter": 20132,
            "year": 2013,
            "quarter": 2,
            "eps": 0.36,
            "eps_growth_year": 36.07,
            "eps_4q": 1.59,
            "eps_4q_growth_year": -28.56,
            "roe": 1.59,
            "roe_4q": 7.09,
            "gross_profit": 51770,
            "gross_margin": 7.49,
            "gross_margin_4q_avg": 13.71,
            "net_income": 151175,
            "net_income_4q": null,
            "revenue": 690783,
            "revenue_4q": null,
            "common_shares": 4172945,
            "book_valuer_per_share": 22.64,
            "book_valuer_per_share_4q_avg": 22.4,
            "equity": 9446932,
            "current_ratio": 294.87,
            "debt_ratio": 27.19,
            "inventory_turnover_ratio": null,
            "account_receivable_turnover_ratio": 3.01,
            "reinvestment_rate": 10.11,
            "research_to_sale_ratio": null,
            "price_fair": 85.4,
            "eps_avg_yearly": 2.44,
            "eps_latest_yearly": 1.44,
            "eps_growth_yearly": 34.6
        },
        "20133": {
            "year_quarter": 20133,
            "year": 2013,
            "quarter": 3,
            "eps": 0.14,
            "eps_growth_year": -56.36,
            "eps_4q": 1.4,
            "eps_4q_growth_year": -22.1,
            "roe": 0.61,
            "roe_4q": 6.24,
            "gross_profit": 108078,
            "gross_margin": 14.75,
            "gross_margin_4q_avg": 11.49,
            "net_income": 57307,
            "net_income_4q": null,
            "revenue": 732540,
            "revenue_4q": null,
            "common_shares": 4172945,
            "book_valuer_per_share": 22.6,
            "book_valuer_per_share_4q_avg": 22.57,
            "equity": 9431015,
            "current_ratio": 395.66,
            "debt_ratio": 24.8,
            "inventory_turnover_ratio": null,
            "account_receivable_turnover_ratio": 3.8,
            "reinvestment_rate": 12.13,
            "research_to_sale_ratio": null,
            "price_fair": 81.73,
            "eps_avg_yearly": 2.34,
            "eps_latest_yearly": 0.56,
            "eps_growth_yearly": 27.04
        },
        "20134": {
            "year_quarter": 20134,
            "year": 2013,
            "quarter": 4,
            "eps": 0.19,
            "eps_growth_year": -35.04,
            "eps_4q": 1.3,
            "eps_4q_growth_year": -13.93,
            "roe": 0.84,
            "roe_4q": 5.74,
            "gross_profit": 46717,
            "gross_margin": 6.86,
            "gross_margin_4q_avg": 11.74,
            "net_income": 79655,
            "net_income_4q": null,
            "revenue": 681129,
            "revenue_4q": null,
            "common_shares": 4172945,
            "book_valuer_per_share": 22.94,
            "book_valuer_per_share_4q_avg": 22.8,
            "equity": 9574138,
            "current_ratio": 387.39,
            "debt_ratio": 24.34,
            "inventory_turnover_ratio": null,
            "account_receivable_turnover_ratio": 3.36,
            "reinvestment_rate": 5.07,
            "research_to_sale_ratio": null,
            "price_fair": 78.31,
            "eps_avg_yearly": 2.24,
            "eps_latest_yearly": 0.76,
            "eps_growth_yearly": 35.07
        },
        "20141": {
            "year_quarter": 20141,
            "year": 2014,
            "quarter": 1,
            "eps": 0.22,
            "eps_growth_year": -63.93,
            "eps_4q": 0.91,
            "eps_4q_growth_year": -38.63,
            "roe": 0.96,
            "roe_4q": 4,
            "gross_profit": 134436,
            "gross_margin": 19.04,
            "gross_margin_4q_avg": 12.04,
            "net_income": 93008,
            "net_income_4q": null,
            "revenue": 705939,
            "revenue_4q": null,
            "common_shares": 4172945,
            "book_valuer_per_share": 23.51,
            "book_valuer_per_share_4q_avg": 22.92,
            "equity": 9810180,
            "current_ratio": 350.43,
            "debt_ratio": 22.99,
            "inventory_turnover_ratio": null,
            "account_receivable_turnover_ratio": 3.6,
            "reinvestment_rate": 11.44,
            "research_to_sale_ratio": null,
            "price_fair": 41.69,
            "eps_avg_yearly": 1.99,
            "eps_latest_yearly": 0.88,
            "eps_growth_yearly": 11
        },
        "20142": {
            "year_quarter": 20142,
            "year": 2014,
            "quarter": 2,
            "eps": 0.19,
            "eps_growth_year": -47.22,
            "eps_4q": 0.74,
            "eps_4q_growth_year": -53.25,
            "roe": 0.83,
            "roe_4q": 3.2399999999999998,
            "gross_profit": 85578,
            "gross_margin": 11.64,
            "gross_margin_4q_avg": 13.07,
            "net_income": 79425,
            "net_income_4q": null,
            "revenue": 735309,
            "revenue_4q": null,
            "common_shares": 4172945,
            "book_valuer_per_share": 22.51,
            "book_valuer_per_share_4q_avg": 22.89,
            "equity": 9394202,
            "current_ratio": 249.07,
            "debt_ratio": 25.35,
            "inventory_turnover_ratio": null,
            "account_receivable_turnover_ratio": 3.75,
            "reinvestment_rate": 4.19,
            "research_to_sale_ratio": null,
            "price_fair": 42.64,
            "eps_avg_yearly": 1.8,
            "eps_latest_yearly": 0.76,
            "eps_growth_yearly": 13.69
        },
        "20143": {
            "year_quarter": 20143,
            "year": 2014,
            "quarter": 3,
            "eps": 0.11,
            "eps_growth_year": -21.43,
            "eps_4q": 0.71,
            "eps_4q_growth_year": -49.25,
            "roe": 0.47,
            "roe_4q": 3.0999999999999996,
            "gross_profit": 74004,
            "gross_margin": 9.94,
            "gross_margin_4q_avg": 11.87,
            "net_income": 44946,
            "net_income_4q": null,
            "revenue": 744220,
            "revenue_4q": null,
            "common_shares": 4172945,
            "book_valuer_per_share": 22.96,
            "book_valuer_per_share_4q_avg": 22.98,
            "equity": 9579473,
            "current_ratio": 288.83,
            "debt_ratio": 22.36,
            "inventory_turnover_ratio": null,
            "account_receivable_turnover_ratio": 3.41,
            "reinvestment_rate": 16.77,
            "research_to_sale_ratio": null,
            "price_fair": 21.92,
            "eps_avg_yearly": 1.6,
            "eps_latest_yearly": 0.44,
            "eps_growth_yearly": 3.7
        },
        "20144": {
            "year_quarter": 20144,
            "year": 2014,
            "quarter": 4,
            "eps": 0.21,
            "eps_growth_year": 10.63,
            "eps_4q": 0.73,
            "eps_4q_growth_year": -43.66,
            "roe": 0.9,
            "roe_4q": 3.16,
            "gross_profit": 71702,
            "gross_margin": 10.07,
            "gross_margin_4q_avg": 12.67,
            "net_income": 88125,
            "net_income_4q": null,
            "revenue": 712049,
            "revenue_4q": null,
            "common_shares": 4172945,
            "book_valuer_per_share": 23.91,
            "book_valuer_per_share_4q_avg": 23.22,
            "equity": 9978227,
            "current_ratio": 283.89,
            "debt_ratio": 21.54,
            "inventory_turnover_ratio": null,
            "account_receivable_turnover_ratio": 3.54,
            "reinvestment_rate": 53.88,
            "research_to_sale_ratio": null,
            "price_fair": 55.3,
            "eps_avg_yearly": 1.58,
            "eps_latest_yearly": 0.84,
            "eps_growth_yearly": 43.46
        },
        "20151": {
            "year_quarter": 20151,
            "year": 2015,
            "quarter": 1,
            "eps": 0.2,
            "eps_growth_year": -9.09,
            "eps_4q": 0.71,
            "eps_4q_growth_year": -22.36,
            "roe": 0.84,
            "roe_4q": 3.04,
            "gross_profit": 99574,
            "gross_margin": 14.92,
            "gross_margin_4q_avg": 11.64,
            "net_income": 83438,
            "net_income_4q": null,
            "revenue": 667287,
            "revenue_4q": null,
            "common_shares": 4172945,
            "book_valuer_per_share": 23.88,
            "book_valuer_per_share_4q_avg": 23.32,
            "equity": 9966440,
            "current_ratio": 232.09,
            "debt_ratio": 19.83,
            "inventory_turnover_ratio": null,
            "account_receivable_turnover_ratio": 4.04,
            "reinvestment_rate": 48.97,
            "research_to_sale_ratio": null,
            "price_fair": 37.81,
            "eps_avg_yearly": 1.48,
            "eps_latest_yearly": 0.8,
            "eps_growth_yearly": 15.55
        },
        "20152": {
            "year_quarter": 20152,
            "year": 2015,
            "quarter": 2,
            "eps": -0.08,
            "eps_growth_year": -142.11,
            "eps_4q": 0.44,
            "eps_4q_growth_year": -40.58,
            "roe": -0.33,
            "roe_4q": 1.8800000000000001,
            "gross_profit": 43744,
            "gross_margin": 6.4,
            "gross_margin_4q_avg": 10.33,
            "net_income": -32651,
            "net_income_4q": null,
            "revenue": 683391,
            "revenue_4q": null,
            "common_shares": 4172945,
            "book_valuer_per_share": 22.86,
            "book_valuer_per_share_4q_avg": 23.4,
            "equity": 9539510,
            "current_ratio": 187.92,
            "debt_ratio": 21.45,
            "inventory_turnover_ratio": null,
            "account_receivable_turnover_ratio": 3.99,
            "reinvestment_rate": 53.47,
            "research_to_sale_ratio": null,
            "price_fair": 19.64,
            "eps_avg_yearly": 1.35,
            "eps_latest_yearly": 0.8,
            "eps_growth_yearly": 4.58
        },
        "20153": {
            "year_quarter": 20153,
            "year": 2015,
            "quarter": 3,
            "eps": 0.13,
            "eps_growth_year": 18.18,
            "eps_4q": 0.46,
            "eps_4q_growth_year": -35.88,
            "roe": 0.53,
            "roe_4q": 1.94,
            "gross_profit": 57928,
            "gross_margin": 8.43,
            "gross_margin_4q_avg": 9.96,
            "net_income": 51539,
            "net_income_4q": null,
            "revenue": 687256,
            "revenue_4q": null,
            "common_shares": 4172945,
            "book_valuer_per_share": 24.13,
            "book_valuer_per_share_4q_avg": 23.7,
            "equity": 10067281,
            "current_ratio": 209.32,
            "debt_ratio": 22.88,
            "inventory_turnover_ratio": null,
            "account_receivable_turnover_ratio": 3.94,
            "reinvestment_rate": 114.58,
            "research_to_sale_ratio": null,
            "price_fair": 23.62,
            "eps_avg_yearly": 1.23,
            "eps_latest_yearly": 0.8,
            "eps_growth_yearly": 9.18
        },
        "20154": {
            "year_quarter": 20154,
            "year": 2015,
            "quarter": 4,
            "eps": -0.02,
            "eps_growth_year": -109.55,
            "eps_4q": 0.23,
            "eps_4q_growth_year": -69.26,
            "roe": -0.08,
            "roe_4q": 0.96,
            "gross_profit": 29088,
            "gross_margin": 4.51,
            "gross_margin_4q_avg": 8.57,
            "net_income": -8415,
            "net_income_4q": null,
            "revenue": 644498,
            "revenue_4q": null,
            "common_shares": 4172945,
            "book_valuer_per_share": 24.09,
            "book_valuer_per_share_4q_avg": 23.74,
            "equity": 10052076,
            "current_ratio": 244.31,
            "debt_ratio": 21.92,
            "inventory_turnover_ratio": null,
            "account_receivable_turnover_ratio": 4.04,
            "reinvestment_rate": 129.28,
            "research_to_sale_ratio": null,
            "price_fair": 30.46,
            "eps_avg_yearly": 1.15,
            "eps_latest_yearly": 0.8,
            "eps_growth_yearly": 16.54
        },
        "20161": {
            "year_quarter": 20161,
            "year": 2016,
            "quarter": 1,
            "eps": 0.02,
            "eps_growth_year": -90,
            "eps_4q": 0.05,
            "eps_4q_growth_year": -93.41,
            "roe": 0.09,
            "roe_4q": 0.21000000000000002,
            "gross_profit": 8048,
            "gross_margin": 1.42,
            "gross_margin_4q_avg": 5.19,
            "net_income": 9027,
            "net_income_4q": null,
            "revenue": 566585,
            "revenue_4q": null,
            "common_shares": 4172945,
            "book_valuer_per_share": 23.73,
            "book_valuer_per_share_4q_avg": 23.7,
            "equity": 9902343,
            "current_ratio": 259.86,
            "debt_ratio": 20.31,
            "inventory_turnover_ratio": null,
            "account_receivable_turnover_ratio": 3.81,
            "reinvestment_rate": 127.25,
            "research_to_sale_ratio": null,
            "price_fair": 25.88,
            "eps_avg_yearly": 1.03,
            "eps_latest_yearly": 0.8,
            "eps_growth_yearly": 15.04
        },
        "20162": {
            "year_quarter": 20162,
            "year": 2016,
            "quarter": 2,
            "eps": -0.01,
            "eps_growth_year": null,
            "eps_4q": 0.11,
            "eps_4q_growth_year": -75.38,
            "roe": -0.07,
            "roe_4q": 0.47000000000000003,
            "gross_profit": 20651,
            "gross_margin": 3.5,
            "gross_margin_4q_avg": 4.47,
            "net_income": -6885,
            "net_income_4q": null,
            "revenue": 590612,
            "revenue_4q": null,
            "common_shares": 4172945,
            "book_valuer_per_share": 23.53,
            "book_valuer_per_share_4q_avg": 23.87,
            "equity": 9817947,
            "current_ratio": 228.56,
            "debt_ratio": 24.25,
            "inventory_turnover_ratio": null,
            "account_receivable_turnover_ratio": 4.22,
            "reinvestment_rate": 175.89,
            "research_to_sale_ratio": null,
            "price_fair": 36.15,
            "eps_avg_yearly": 1.03,
            "eps_latest_yearly": 0.8,
            "eps_growth_yearly": 37.77
        },
        "20163": {
            "year_quarter": 20163,
            "year": 2016,
            "quarter": 3,
            "eps": -0.04,
            "eps_growth_year": -130.77,
            "eps_4q": -0.06,
            "eps_4q_growth_year": -112.07,
            "roe": -0.17,
            "roe_4q": -0.23000000000000004,
            "gross_profit": 10521,
            "gross_margin": 1.67,
            "gross_margin_4q_avg": 2.78,
            "net_income": -16717,
            "net_income_4q": null,
            "revenue": 629754,
            "revenue_4q": null,
            "common_shares": 4172945,
            "book_valuer_per_share": 22.95,
            "book_valuer_per_share_4q_avg": 23.58,
            "equity": 9576411,
            "current_ratio": 283.18,
            "debt_ratio": 26.82,
            "inventory_turnover_ratio": null,
            "account_receivable_turnover_ratio": 4.57,
            "reinvestment_rate": 260.41,
            "research_to_sale_ratio": null,
            "price_fair": 35.28,
            "eps_avg_yearly": 1.01,
            "eps_latest_yearly": 0.8,
            "eps_growth_yearly": 32.31
        },
        "20164": {
            "year_quarter": 20164,
            "year": 2016,
            "quarter": 4,
            "eps": -0.18,
            "eps_growth_year": null,
            "eps_4q": -0.22,
            "eps_4q_growth_year": -196.71,
            "roe": -0.79,
            "roe_4q": -0.9400000000000001,
            "gross_profit": -7342,
            "gross_margin": -1.09,
            "gross_margin_4q_avg": 1.38,
            "net_income": -76250,
            "net_income_4q": null,
            "revenue": 670662,
            "revenue_4q": null,
            "common_shares": 4172945,
            "book_valuer_per_share": 23.28,
            "book_valuer_per_share_4q_avg": 23.37,
            "equity": 9713438,
            "current_ratio": 237.72,
            "debt_ratio": 30.22,
            "inventory_turnover_ratio": null,
            "account_receivable_turnover_ratio": 4.58,
            "reinvestment_rate": 312.95,
            "research_to_sale_ratio": null,
            "price_fair": 34.69,
            "eps_avg_yearly": 0.99,
            "eps_latest_yearly": 0.8,
            "eps_growth_yearly": 40.07
        },
        "20171": {
            "year_quarter": 20171,
            "year": 2017,
            "quarter": 1,
            "eps": 0.04,
            "eps_growth_year": 100,
            "eps_4q": -0.2,
            "eps_4q_growth_year": -523.94,
            "roe": 0.18,
            "roe_4q": -0.8500000000000001,
            "gross_profit": 25686,
            "gross_margin": 3.97,
            "gross_margin_4q_avg": 2.01,
            "net_income": 17184,
            "net_income_4q": null,
            "revenue": 647445,
            "revenue_4q": null,
            "common_shares": 4172945,
            "book_valuer_per_share": 22.27,
            "book_valuer_per_share_4q_avg": 23.01,
            "equity": 9293984,
            "current_ratio": 160.84,
            "debt_ratio": 30.2,
            "inventory_turnover_ratio": null,
            "account_receivable_turnover_ratio": 4.13,
            "reinvestment_rate": 210.64,
            "research_to_sale_ratio": null,
            "price_fair": 2.43,
            "eps_avg_yearly": 0.81,
            "eps_latest_yearly": 0.8,
            "eps_growth_yearly": -10.09
        },
        "20172": {
            "year_quarter": 20172,
            "year": 2017,
            "quarter": 2,
            "eps": 0.07,
            "eps_growth_year": null,
            "eps_4q": -0.11,
            "eps_4q_growth_year": -199.63,
            "roe": 0.33,
            "roe_4q": -0.45000000000000007,
            "gross_profit": 76188,
            "gross_margin": 11.7,
            "gross_margin_4q_avg": 4.06,
            "net_income": 30685,
            "net_income_4q": null,
            "revenue": 650904,
            "revenue_4q": null,
            "common_shares": 4172945,
            "book_valuer_per_share": 22.31,
            "book_valuer_per_share_4q_avg": 22.7,
            "equity": 9308135,
            "current_ratio": 139.47,
            "debt_ratio": 29.63,
            "inventory_turnover_ratio": null,
            "account_receivable_turnover_ratio": 4.46,
            "reinvestment_rate": 248.53,
            "research_to_sale_ratio": null,
            "price_fair": 23.28,
            "eps_avg_yearly": 0.67,
            "eps_latest_yearly": 0.28,
            "eps_growth_yearly": 47.9
        },
        "20173": {
            "year_quarter": 20173,
            "year": 2017,
            "quarter": 3,
            "eps": 0.39,
            "eps_growth_year": null,
            "eps_4q": 0.32,
            "eps_4q_growth_year": null,
            "roe": 1.71,
            "roe_4q": 1.4300000000000002,
            "gross_profit": 149773,
            "gross_margin": 20.59,
            "gross_margin_4q_avg": 8.79,
            "net_income": 159987,
            "net_income_4q": null,
            "revenue": 727481,
            "revenue_4q": null,
            "common_shares": 4172945,
            "book_valuer_per_share": 22.61,
            "book_valuer_per_share_4q_avg": 22.62,
            "equity": 9435089,
            "current_ratio": 101.39,
            "debt_ratio": 34.7,
            "inventory_turnover_ratio": null,
            "account_receivable_turnover_ratio": 5.48,
            "reinvestment_rate": 514.03,
            "research_to_sale_ratio": null,
            "price_fair": 27.65,
            "eps_avg_yearly": 0.79,
            "eps_latest_yearly": 1.56,
            "eps_growth_yearly": 307.03
        },
        "20174": {
            "year_quarter": 20174,
            "year": 2017,
            "quarter": 4,
            "eps": 0.62,
            "eps_growth_year": null,
            "eps_4q": 1.12,
            "eps_4q_growth_year": null,
            "roe": 2.72,
            "roe_4q": 4.9399999999999995,
            "gross_profit": 205418,
            "gross_margin": 25.93,
            "gross_margin_4q_avg": 15.55,
            "net_income": 258615,
            "net_income_4q": null,
            "revenue": 792091,
            "revenue_4q": null,
            "common_shares": 4172945,
            "book_valuer_per_share": 22.9,
            "book_valuer_per_share_4q_avg": 22.52,
            "equity": 9556987,
            "current_ratio": 135.37,
            "debt_ratio": 38.01,
            "inventory_turnover_ratio": null,
            "account_receivable_turnover_ratio": 6.86,
            "reinvestment_rate": 594.18,
            "research_to_sale_ratio": null,
            "price_fair": 35.18,
            "eps_avg_yearly": 1.01,
            "eps_latest_yearly": 2.48,
            "eps_growth_yearly": 318.66
        },
        "20181": {
            "year_quarter": 20181,
            "year": 2018,
            "quarter": 1,
            "eps": 0.35,
            "eps_growth_year": 775,
            "eps_4q": 1.42,
            "eps_4q_growth_year": null,
            "roe": 1.51,
            "roe_4q": 6.2700000000000005,
            "gross_profit": 192390,
            "gross_margin": 24.13,
            "gross_margin_4q_avg": 20.59,
            "net_income": 144491,
            "net_income_4q": null,
            "revenue": 797254,
            "revenue_4q": null,
            "common_shares": 4172945,
            "book_valuer_per_share": 22.84,
            "book_valuer_per_share_4q_avg": 22.67,
            "equity": 9531660,
            "current_ratio": 116.19,
            "debt_ratio": 35.79,
            "inventory_turnover_ratio": null,
            "account_receivable_turnover_ratio": 6.39,
            "reinvestment_rate": 476.6,
            "research_to_sale_ratio": null,
            "price_fair": 37.45,
            "eps_avg_yearly": 1.07,
            "eps_latest_yearly": 1.4,
            "eps_growth_yearly": 288.99
        },
        "20182": {
            "year_quarter": 20182,
            "year": 2018,
            "quarter": 2,
            "eps": 0.62,
            "eps_growth_year": 785.71,
            "eps_4q": 1.97,
            "eps_4q_growth_year": null,
            "roe": 2.69,
            "roe_4q": 8.629999999999999,
            "gross_profit": 199664,
            "gross_margin": 23.85,
            "gross_margin_4q_avg": 23.63,
            "net_income": 260363,
            "net_income_4q": null,
            "revenue": 837146,
            "revenue_4q": null,
            "common_shares": 4172945,
            "book_valuer_per_share": 23.52,
            "book_valuer_per_share_4q_avg": 22.97,
            "equity": 9816779,
            "current_ratio": 104.81,
            "debt_ratio": 35.7,
            "inventory_turnover_ratio": null,
            "account_receivable_turnover_ratio": 4.86,
            "reinvestment_rate": 438.12,
            "research_to_sale_ratio": null,
            "price_fair": 44.98,
            "eps_avg_yearly": 1.29,
            "eps_latest_yearly": 2.48,
            "eps_growth_yearly": 334.38
        },
        "20183": {
            "year_quarter": 20183,
            "year": 2018,
            "quarter": 3,
            "eps": 0.92,
            "eps_growth_year": 135.9,
            "eps_4q": 2.51,
            "eps_4q_growth_year": 695.52,
            "roe": 3.83,
            "roe_4q": 10.75,
            "gross_profit": 240239,
            "gross_margin": 26.43,
            "gross_margin_4q_avg": 25.09,
            "net_income": 383488,
            "net_income_4q": null,
            "revenue": 909121,
            "revenue_4q": null,
            "common_shares": 4172945,
            "book_valuer_per_share": 24.46,
            "book_valuer_per_share_4q_avg": 23.43,
            "equity": 10206835,
            "current_ratio": 110.63,
            "debt_ratio": 31.94,
            "inventory_turnover_ratio": null,
            "account_receivable_turnover_ratio": 4.75,
            "reinvestment_rate": 300.88,
            "research_to_sale_ratio": null,
            "price_fair": 59.15,
            "eps_avg_yearly": 1.69,
            "eps_latest_yearly": 3.68,
            "eps_growth_yearly": 379.62
        },
        "20184": {
            "year_quarter": 20184,
            "year": 2018,
            "quarter": 4,
            "eps": 0.41,
            "eps_growth_year": -34.54,
            "eps_4q": 2.29,
            "eps_4q_growth_year": 105.29,
            "roe": 1.64,
            "roe_4q": 9.67,
            "gross_profit": 229880,
            "gross_margin": 27.91,
            "gross_margin_4q_avg": 25.58,
            "net_income": 169293,
            "net_income_4q": null,
            "revenue": 823715,
            "revenue_4q": null,
            "common_shares": 4172945,
            "book_valuer_per_share": 24.97,
            "book_valuer_per_share_4q_avg": 23.95,
            "equity": 10419992,
            "current_ratio": 133.62,
            "debt_ratio": 31.16,
            "inventory_turnover_ratio": null,
            "account_receivable_turnover_ratio": 5.28,
            "reinvestment_rate": 262.85,
            "research_to_sale_ratio": null,
            "price_fair": 62.65,
            "eps_avg_yearly": 1.79,
            "eps_latest_yearly": 1.64,
            "eps_growth_yearly": 306.45
        },
        "20191": {
            "year_quarter": 20191,
            "year": 2019,
            "quarter": 1,
            "eps": 0.4,
            "eps_growth_year": 14.29,
            "eps_4q": 2.35,
            "eps_4q_growth_year": 65.08,
            "roe": 1.59,
            "roe_4q": 9.75,
            "gross_profit": 201199,
            "gross_margin": 26.87,
            "gross_margin_4q_avg": 26.27,
            "net_income": 167090,
            "net_income_4q": null,
            "revenue": 748799,
            "revenue_4q": null,
            "common_shares": 4172945,
            "book_valuer_per_share": 25.42,
            "book_valuer_per_share_4q_avg": 24.59,
            "equity": 10605667,
            "current_ratio": 146.04,
            "debt_ratio": 30.41,
            "inventory_turnover_ratio": null,
            "account_receivable_turnover_ratio": 5.91,
            "reinvestment_rate": 258.48,
            "research_to_sale_ratio": null,
            "price_fair": 66.15,
            "eps_avg_yearly": 1.89,
            "eps_latest_yearly": 1.6,
            "eps_growth_yearly": 307.61
        },
        "20192": {
            "year_quarter": 20192,
            "year": 2019,
            "quarter": 2,
            "eps": 0.24,
            "eps_growth_year": -61.29,
            "eps_4q": 1.96,
            "eps_4q_growth_year": -0.52,
            "roe": 0.95,
            "roe_4q": 8.01,
            "gross_profit": 208396,
            "gross_margin": 26.18,
            "gross_margin_4q_avg": 26.85,
            "net_income": 99299,
            "net_income_4q": null,
            "revenue": 795910,
            "revenue_4q": null,
            "common_shares": 4172945,
            "book_valuer_per_share": 24.51,
            "book_valuer_per_share_4q_avg": 24.84,
            "equity": 10226896,
            "current_ratio": 109.9,
            "debt_ratio": 33.5,
            "inventory_turnover_ratio": null,
            "account_receivable_turnover_ratio": 6.34,
            "reinvestment_rate": 254.17,
            "research_to_sale_ratio": null,
            "price_fair": 62.53,
            "eps_avg_yearly": 1.79,
            "eps_latest_yearly": 0.96,
            "eps_growth_yearly": 255.66
        },
        "20193": {
            "year_quarter": 20193,
            "year": 2019,
            "quarter": 3,
            "eps": 0.43,
            "eps_growth_year": -53.26,
            "eps_4q": 1.47,
            "eps_4q_growth_year": -41.26,
            "roe": 1.74,
            "roe_4q": 5.92,
            "gross_profit": 205999,
            "gross_margin": 25.14,
            "gross_margin_4q_avg": 26.53,
            "net_income": 179289,
            "net_income_4q": null,
            "revenue": 819360,
            "revenue_4q": null,
            "common_shares": 4172945,
            "book_valuer_per_share": 24.97,
            "book_valuer_per_share_4q_avg": 24.97,
            "equity": 10418208,
            "current_ratio": 234.78,
            "debt_ratio": 31.82,
            "inventory_turnover_ratio": null,
            "account_receivable_turnover_ratio": 6.25,
            "reinvestment_rate": 152.08,
            "research_to_sale_ratio": null,
            "price_fair": 62.3,
            "eps_avg_yearly": 1.78,
            "eps_latest_yearly": 1.72,
            "eps_growth_yearly": 261.76
        },
        "20194": {
            "year_quarter": 20194,
            "year": 2019,
            "quarter": 4,
            "eps": 0.37,
            "eps_growth_year": -8.2,
            "eps_4q": 1.44,
            "eps_4q_growth_year": -37.23,
            "roe": 1.5,
            "roe_4q": 5.78,
            "gross_profit": 127127,
            "gross_margin": 16.95,
            "gross_margin_4q_avg": 23.79,
            "net_income": 155418,
            "net_income_4q": null,
            "revenue": 749921,
            "revenue_4q": null,
            "common_shares": 4172945,
            "book_valuer_per_share": 24.54,
            "book_valuer_per_share_4q_avg": 24.86,
            "equity": 10241229,
            "current_ratio": 314.88,
            "debt_ratio": 32.24,
            "inventory_turnover_ratio": null,
            "account_receivable_turnover_ratio": 6.39,
            "reinvestment_rate": 118.22,
            "research_to_sale_ratio": null,
            "price_fair": 61.35,
            "eps_avg_yearly": 1.75,
            "eps_latest_yearly": 1.48,
            "eps_growth_yearly": 232.89
        },
        "20201": {
            "year_quarter": 20201,
            "year": 2020,
            "quarter": 1,
            "eps": 0.39,
            "eps_growth_year": -2.5,
            "eps_4q": 1.43,
            "eps_4q_growth_year": -39.03,
            "roe": 1.59,
            "roe_4q": 5.78,
            "gross_profit": 130739,
            "gross_margin": 20.75,
            "gross_margin_4q_avg": 22.26,
            "net_income": 163637,
            "net_income_4q": null,
            "revenue": 629948,
            "revenue_4q": null,
            "common_shares": 4172945,
            "book_valuer_per_share": 24.8,
            "book_valuer_per_share_4q_avg": 24.71,
            "equity": 10349926,
            "current_ratio": 167.29,
            "debt_ratio": 32.09,
            "inventory_turnover_ratio": null,
            "account_receivable_turnover_ratio": 5.8,
            "reinvestment_rate": 112.59,
            "research_to_sale_ratio": null,
            "price_fair": 60.78,
            "eps_avg_yearly": 1.74,
            "eps_latest_yearly": 1.56,
            "eps_growth_yearly": 215.28
        },
        "20202": {
            "year_quarter": 20202,
            "year": 2020,
            "quarter": 2,
            "eps": 0.26,
            "eps_growth_year": 8.33,
            "eps_4q": 1.46,
            "eps_4q_growth_year": -25.74,
            "roe": 1.08,
            "roe_4q": 5.91,
            "gross_profit": 119788,
            "gross_margin": 20.67,
            "gross_margin_4q_avg": 20.88,
            "net_income": 109934,
            "net_income_4q": null,
            "revenue": 579604,
            "revenue_4q": null,
            "common_shares": 4172945,
            "book_valuer_per_share": 24.02,
            "book_valuer_per_share_4q_avg": 24.58,
            "equity": 10023386,
            "current_ratio": 150.73,
            "debt_ratio": 33.84,
            "inventory_turnover_ratio": null,
            "account_receivable_turnover_ratio": 5.66,
            "reinvestment_rate": 57.27,
            "research_to_sale_ratio": null,
            "price_fair": 58.91,
            "eps_avg_yearly": 1.68,
            "eps_latest_yearly": 1.04,
            "eps_growth_yearly": 188.46
        },
        "20203": {
            "year_quarter": 20203,
            "year": 2020,
            "quarter": 3,
            "eps": 0.17,
            "eps_growth_year": -60.47,
            "eps_4q": 1.2,
            "eps_4q_growth_year": -18.52,
            "roe": 0.72,
            "roe_4q": 4.890000000000001,
            "gross_profit": 165320,
            "gross_margin": 25.41,
            "gross_margin_4q_avg": 20.95,
            "net_income": 72096,
            "net_income_4q": null,
            "revenue": 650545,
            "revenue_4q": null,
            "common_shares": 4172945,
            "book_valuer_per_share": 24.09,
            "book_valuer_per_share_4q_avg": 24.36,
            "equity": 10052673,
            "current_ratio": 141.23,
            "debt_ratio": 38.42,
            "inventory_turnover_ratio": null,
            "account_receivable_turnover_ratio": 6.56,
            "reinvestment_rate": 20.65,
            "research_to_sale_ratio": null,
            "price_fair": 56.4,
            "eps_avg_yearly": 1.61,
            "eps_latest_yearly": 0.68,
            "eps_growth_yearly": 165.11
        },
        "20204": {
            "year_quarter": 20204,
            "year": 2020,
            "quarter": 4,
            "eps": 0.41,
            "eps_growth_year": 10.98,
            "eps_4q": 1.24,
            "eps_4q_growth_year": -13.8,
            "roe": 1.66,
            "roe_4q": 5.05,
            "gross_profit": 179116,
            "gross_margin": 28.39,
            "gross_margin_4q_avg": 23.81,
            "net_income": 172480,
            "net_income_4q": null,
            "revenue": 630991,
            "revenue_4q": null,
            "common_shares": 4172945,
            "book_valuer_per_share": 25.84,
            "book_valuer_per_share_4q_avg": 24.69,
            "equity": 10783235,
            "current_ratio": 149.28,
            "debt_ratio": 35.53,
            "inventory_turnover_ratio": null,
            "account_receivable_turnover_ratio": 5.65,
            "reinvestment_rate": -35.47,
            "research_to_sale_ratio": null,
            "price_fair": 56.47,
            "eps_avg_yearly": 1.61,
            "eps_latest_yearly": 1.64,
            "eps_growth_yearly": 191.75
        },
        "20211": {
            "year_quarter": 20211,
            "year": 2021,
            "quarter": 1,
            "eps": 0.37,
            "eps_growth_year": -5.13,
            "eps_4q": 1.22,
            "eps_4q_growth_year": -14.62,
            "roe": 1.42,
            "roe_4q": 4.88,
            "gross_profit": 191952,
            "gross_margin": 29.33,
            "gross_margin_4q_avg": 25.95,
            "net_income": 155762,
            "net_income_4q": null,
            "revenue": 654558,
            "revenue_4q": null,
            "common_shares": 4172945,
            "book_valuer_per_share": 26.91,
            "book_valuer_per_share_4q_avg": 25.22,
            "equity": 11227846,
            "current_ratio": 180.16,
            "debt_ratio": 36.85,
            "inventory_turnover_ratio": null,
            "account_receivable_turnover_ratio": 6.13,
            "reinvestment_rate": 16.81,
            "research_to_sale_ratio": null,
            "price_fair": 56.18,
            "eps_avg_yearly": 1.61,
            "eps_latest_yearly": 1.48,
            "eps_growth_yearly": 177.33
        },
        "20212": {
            "year_quarter": 20212,
            "year": 2021,
            "quarter": 2,
            "eps": 0.63,
            "eps_growth_year": 142.31,
            "eps_4q": 1.59,
            "eps_4q_growth_year": 8.88,
            "roe": 1.9,
            "roe_4q": 5.699999999999999,
            "gross_profit": 339264,
            "gross_margin": 41.9,
            "gross_margin_4q_avg": 31.26,
            "net_income": 261948,
            "net_income_4q": null,
            "revenue": 809615,
            "revenue_4q": null,
            "common_shares": 4172945,
            "book_valuer_per_share": 39.32,
            "book_valuer_per_share_4q_avg": 29.04,
            "equity": 16406793,
            "current_ratio": 259.24,
            "debt_ratio": 30.89,
            "inventory_turnover_ratio": null,
            "account_receivable_turnover_ratio": 9.35,
            "reinvestment_rate": 78.15,
            "research_to_sale_ratio": null,
            "price_fair": 61.08,
            "eps_avg_yearly": 1.75,
            "eps_latest_yearly": 2.52,
            "eps_growth_yearly": 176.15
        },
        "20213": {
            "year_quarter": 20213,
            "year": 2021,
            "quarter": 3,
            "eps": 1.15,
            "eps_growth_year": 576.47,
            "eps_4q": 2.57,
            "eps_4q_growth_year": 113.7,
            "roe": 3.08,
            "roe_4q": 8.06,
            "gross_profit": 372545,
            "gross_margin": 43.35,
            "gross_margin_4q_avg": 35.74,
            "net_income": 480627,
            "net_income_4q": null,
            "revenue": 859414,
            "revenue_4q": null,
            "common_shares": 4172945,
            "book_valuer_per_share": 35.45,
            "book_valuer_per_share_4q_avg": 31.88,
            "equity": 14795066,
            "current_ratio": 226.2,
            "debt_ratio": 33,
            "inventory_turnover_ratio": null,
            "account_receivable_turnover_ratio": 14.27,
            "reinvestment_rate": 32.02,
            "research_to_sale_ratio": null,
            "price_fair": 67.73,
            "eps_avg_yearly": 1.94,
            "eps_latest_yearly": 4.6,
            "eps_growth_yearly": 82.5
        },
        "20214": {
            "year_quarter": 20214,
            "year": 2021,
            "quarter": 4,
            "eps": 1.01,
            "eps_growth_year": 143.51,
            "eps_4q": 3.16,
            "eps_4q_growth_year": 154.43,
            "roe": 2.76,
            "roe_4q": 9.16,
            "gross_profit": 373451,
            "gross_margin": 41.38,
            "gross_margin_4q_avg": 38.99,
            "net_income": 420008,
            "net_income_4q": null,
            "revenue": 902593,
            "revenue_4q": null,
            "common_shares": 4172945,
            "book_valuer_per_share": 37.47,
            "book_valuer_per_share_4q_avg": 34.79,
            "equity": 15637642,
            "current_ratio": 516.8,
            "debt_ratio": 32.83,
            "inventory_turnover_ratio": null,
            "account_receivable_turnover_ratio": 16.79,
            "reinvestment_rate": 8.1,
            "research_to_sale_ratio": null,
            "price_fair": 71.14,
            "eps_avg_yearly": 2.03,
            "eps_latest_yearly": 4.04,
            "eps_growth_yearly": 64.71
        },
        "20221": {
            "year_quarter": 20221,
            "year": 2022,
            "quarter": 1,
            "eps": 0.59,
            "eps_growth_year": 59.46,
            "eps_4q": 3.37,
            "eps_4q_growth_year": 175.74,
            "roe": 1.53,
            "roe_4q": 9.27,
            "gross_profit": 272337,
            "gross_margin": 33.33,
            "gross_margin_4q_avg": 39.99,
            "net_income": 244460,
            "net_income_4q": null,
            "revenue": 817158,
            "revenue_4q": null,
            "common_shares": 4172945,
            "book_valuer_per_share": 39.32,
            "book_valuer_per_share_4q_avg": 37.89,
            "equity": 16406299,
            "current_ratio": 554.75,
            "debt_ratio": 34.07,
            "inventory_turnover_ratio": null,
            "account_receivable_turnover_ratio": 17.06,
            "reinvestment_rate": 61.87,
            "research_to_sale_ratio": null,
            "price_fair": 73.24,
            "eps_avg_yearly": 2.09,
            "eps_latest_yearly": 2.36,
            "eps_growth_yearly": 65.2
        },
        "20222": {
            "year_quarter": 20222,
            "year": 2022,
            "quarter": 2,
            "eps": 2.54,
            "eps_growth_year": 303.17,
            "eps_4q": 5.28,
            "eps_4q_growth_year": 232.94,
            "roe": 6.68,
            "roe_4q": 14.049999999999999,
            "gross_profit": 366406,
            "gross_margin": 36.52,
            "gross_margin_4q_avg": 38.65,
            "net_income": 1059945,
            "net_income_4q": null,
            "revenue": 1003188,
            "revenue_4q": null,
            "common_shares": 4172945,
            "book_valuer_per_share": 36.73,
            "book_valuer_per_share_4q_avg": 37.24,
            "equity": 15326548,
            "current_ratio": 340.21,
            "debt_ratio": 37.87,
            "inventory_turnover_ratio": null,
            "account_receivable_turnover_ratio": 24.17,
            "reinvestment_rate": 73.23,
            "research_to_sale_ratio": null,
            "price_fair": 90.04,
            "eps_avg_yearly": 2.57,
            "eps_latest_yearly": 10.16,
            "eps_growth_yearly": 128.54
        },
        "20223": {
            "year_quarter": 20223,
            "year": 2022,
            "quarter": 3,
            "eps": 0.75,
            "eps_growth_year": -34.78,
            "eps_4q": 4.88,
            "eps_4q_growth_year": 90.21,
            "roe": 2.03,
            "roe_4q": 12.999999999999998,
            "gross_profit": 362103,
            "gross_margin": 37.25,
            "gross_margin_4q_avg": 37.12,
            "net_income": 312377,
            "net_income_4q": null,
            "revenue": 972151,
            "revenue_4q": null,
            "common_shares": 4172945,
            "book_valuer_per_share": 37.06,
            "book_valuer_per_share_4q_avg": 37.65,
            "equity": 15464034,
            "current_ratio": 212.78,
            "debt_ratio": 35.18,
            "inventory_turnover_ratio": null,
            "account_receivable_turnover_ratio": 16.54,
            "reinvestment_rate": 103.64,
            "research_to_sale_ratio": null,
            "price_fair": 88.55,
            "eps_avg_yearly": 2.53,
            "eps_latest_yearly": 3,
            "eps_growth_yearly": 98.83
        },
        "20224": {
            "year_quarter": 20224,
            "year": 2022,
            "quarter": 4,
            "eps": 0.95,
            "eps_growth_year": -5.16,
            "eps_4q": 4.83,
            "eps_4q_growth_year": 52.85,
            "roe": 2.56,
            "roe_4q": 12.799999999999999,
            "gross_profit": 337636,
            "gross_margin": 31.26,
            "gross_margin_4q_avg": 34.59,
            "net_income": 398341,
            "net_income_4q": null,
            "revenue": 1080232,
            "revenue_4q": null,
            "common_shares": 4172945,
            "book_valuer_per_share": 37.65,
            "book_valuer_per_share_4q_avg": 37.69,
            "equity": 15711421,
            "current_ratio": 256.56,
            "debt_ratio": 36.19,
            "inventory_turnover_ratio": null,
            "account_receivable_turnover_ratio": 16.53,
            "reinvestment_rate": 106.5,
            "research_to_sale_ratio": null,
            "price_fair": 93.28,
            "eps_avg_yearly": 2.67,
            "eps_latest_yearly": 3.8,
            "eps_growth_yearly": 119.35
        },
        "20231": {
            "year_quarter": 20231,
            "year": 2023,
            "quarter": 1,
            "eps": 0.34,
            "eps_growth_year": -42.37,
            "eps_4q": 4.58,
            "eps_4q_growth_year": 35.98,
            "roe": 0.91,
            "roe_4q": 12.18,
            "gross_profit": 304300,
            "gross_margin": 32.53,
            "gross_margin_4q_avg": 34.39,
            "net_income": 142610,
            "net_income_4q": null,
            "revenue": 935459,
            "revenue_4q": null,
            "common_shares": 4172945,
            "book_valuer_per_share": 37.77,
            "book_valuer_per_share_4q_avg": 37.3,
            "equity": 15761126,
            "current_ratio": 235.98,
            "debt_ratio": 34.99,
            "inventory_turnover_ratio": null,
            "account_receivable_turnover_ratio": 14.24,
            "reinvestment_rate": 103.13,
            "research_to_sale_ratio": null,
            "price_fair": 92.75,
            "eps_avg_yearly": 2.65,
            "eps_latest_yearly": 1.36,
            "eps_growth_yearly": 103.91
        },
        "20232": {
            "year_quarter": 20232,
            "year": 2023,
            "quarter": 2,
            "eps": 0.4,
            "eps_growth_year": -84.25,
            "eps_4q": 2.44,
            "eps_4q_growth_year": -53.74,
            "roe": 1.08,
            "roe_4q": 6.58,
            "gross_profit": 403841,
            "gross_margin": 39.2,
            "gross_margin_4q_avg": 35.06,
            "net_income": 166792,
            "net_income_4q": null,
            "revenue": 1030249,
            "revenue_4q": null,
            "common_shares": 4172945,
            "book_valuer_per_share": 36.39,
            "book_valuer_per_share_4q_avg": 37.22,
            "equity": 15185778,
            "current_ratio": 142.72,
            "debt_ratio": 38.29,
            "inventory_turnover_ratio": null,
            "account_receivable_turnover_ratio": 15.76,
            "reinvestment_rate": 105.94,
            "research_to_sale_ratio": null,
            "price_fair": 94.15,
            "eps_avg_yearly": 2.69,
            "eps_latest_yearly": 1.6,
            "eps_growth_yearly": 118.32
        },
        "20233": {
            "year_quarter": 20233,
            "year": 2023,
            "quarter": 3,
            "eps": 2.65,
            "eps_growth_year": 253.33,
            "eps_4q": 4.34,
            "eps_4q_growth_year": -11.02,
            "roe": 7.08,
            "roe_4q": 11.63,
            "gross_profit": 309675,
            "gross_margin": 32.64,
            "gross_margin_4q_avg": 33.91,
            "net_income": 1104618,
            "net_income_4q": null,
            "revenue": 948839,
            "revenue_4q": null,
            "common_shares": 4172945,
            "book_valuer_per_share": 38.37,
            "book_valuer_per_share_4q_avg": 37.55,
            "equity": 16009823,
            "current_ratio": 180.79,
            "debt_ratio": 35.68,
            "inventory_turnover_ratio": null,
            "account_receivable_turnover_ratio": 12.38,
            "reinvestment_rate": 128.18,
            "research_to_sale_ratio": null,
            "price_fair": 113.58,
            "eps_avg_yearly": 3.25,
            "eps_latest_yearly": 10.6,
            "eps_growth_yearly": 239.15
        }
    },
    "months": {
        "2001-06": {
            "month": "2001-06",
            "price": "7.99",
            "revenue": 156203
        },
        "2001-07": {
            "month": "2001-07",
            "price": "7.21",
            "revenue": 178323
        },
        "2001-08": {
            "month": "2001-08",
            "price": "8.29",
            "revenue": 174555
        },
        "2001-09": {
            "month": "2001-09",
            "price": "7.78",
            "revenue": 130919
        },
        "2001-10": {
            "month": "2001-10",
            "price": "7.06",
            "revenue": 178740
        },
        "2001-11": {
            "month": "2001-11",
            "price": "7.31",
            "revenue": 133931
        },
        "2001-12": {
            "month": "2001-12",
            "price": "9.26",
            "revenue": 125631
        },
        "2002-01": {
            "month": "2002-01",
            "price": "11.42",
            "revenue": 164313
        },
        "2002-02": {
            "month": "2002-02",
            "price": "11.23",
            "revenue": 170139
        },
        "2002-03": {
            "month": "2002-03",
            "price": "11.85",
            "revenue": 180600
        },
        "2002-04": {
            "month": "2002-04",
            "price": "12.65",
            "revenue": 189143
        },
        "2002-05": {
            "month": "2002-05",
            "price": "14.05",
            "revenue": 195946
        },
        "2002-06": {
            "month": "2002-06",
            "price": "13.76",
            "revenue": 172496
        },
        "2002-07": {
            "month": "2002-07",
            "price": "13.14",
            "revenue": 210290
        },
        "2002-08": {
            "month": "2002-08",
            "price": "12.19",
            "revenue": 208033
        },
        "2002-09": {
            "month": "2002-09",
            "price": "11.97",
            "revenue": 202288
        },
        "2002-10": {
            "month": "2002-10",
            "price": "12.06",
            "revenue": 191573
        },
        "2002-11": {
            "month": "2002-11",
            "price": "13.33",
            "revenue": 181155
        },
        "2002-12": {
            "month": "2002-12",
            "price": "14.20",
            "revenue": 190703
        },
        "2003-01": {
            "month": "2003-01",
            "price": "15.67",
            "revenue": 195925
        },
        "2003-02": {
            "month": "2003-02",
            "price": "14.32",
            "revenue": 167852
        },
        "2003-03": {
            "month": "2003-03",
            "price": "14.48",
            "revenue": 212206
        },
        "2003-04": {
            "month": "2003-04",
            "price": "14.65",
            "revenue": 212985
        },
        "2003-05": {
            "month": "2003-05",
            "price": "14.08",
            "revenue": 207755
        },
        "2003-06": {
            "month": "2003-06",
            "price": "14.69",
            "revenue": 192613
        },
        "2003-07": {
            "month": "2003-07",
            "price": "16.55",
            "revenue": 202625
        },
        "2003-08": {
            "month": "2003-08",
            "price": "19.60",
            "revenue": 215782
        },
        "2003-09": {
            "month": "2003-09",
            "price": "21.26",
            "revenue": 193102
        },
        "2003-10": {
            "month": "2003-10",
            "price": "23.15",
            "revenue": 190884
        },
        "2003-11": {
            "month": "2003-11",
            "price": "21.27",
            "revenue": 187729
        },
        "2003-12": {
            "month": "2003-12",
            "price": "21.42",
            "revenue": 177725
        },
        "2004-01": {
            "month": "2004-01",
            "price": "25.40",
            "revenue": 214676
        },
        "2004-02": {
            "month": "2004-02",
            "price": "28.62",
            "revenue": 204496
        },
        "2004-03": {
            "month": "2004-03",
            "price": "29.33",
            "revenue": 236701
        },
        "2004-04": {
            "month": "2004-04",
            "price": "26.90",
            "revenue": 244608
        },
        "2004-05": {
            "month": "2004-05",
            "price": "22.22",
            "revenue": 280539
        },
        "2004-06": {
            "month": "2004-06",
            "price": "22.10",
            "revenue": 290472
        },
        "2004-07": {
            "month": "2004-07",
            "price": "23.25",
            "revenue": 302658
        },
        "2004-08": {
            "month": "2004-08",
            "price": "21.42",
            "revenue": 279602
        },
        "2004-09": {
            "month": "2004-09",
            "price": "27.55",
            "revenue": 274120
        },
        "2004-10": {
            "month": "2004-10",
            "price": "28.95",
            "revenue": 278343
        },
        "2004-11": {
            "month": "2004-11",
            "price": "27.79",
            "revenue": 266277
        },
        "2004-12": {
            "month": "2004-12",
            "price": "27.65",
            "revenue": 274974
        },
        "2005-01": {
            "month": "2005-01",
            "price": "26.77",
            "revenue": 313972
        },
        "2005-02": {
            "month": "2005-02",
            "price": "26.49",
            "revenue": 286717
        },
        "2005-03": {
            "month": "2005-03",
            "price": "27.18",
            "revenue": 331555
        },
        "2005-04": {
            "month": "2005-04",
            "price": "25.56",
            "revenue": 304104
        },
        "2005-05": {
            "month": "2005-05",
            "price": "24.70",
            "revenue": 290395
        },
        "2005-06": {
            "month": "2005-06",
            "price": "24.52",
            "revenue": 272760
        },
        "2005-07": {
            "month": "2005-07",
            "price": "20.62",
            "revenue": 271603
        },
        "2005-08": {
            "month": "2005-08",
            "price": "20.42",
            "revenue": 275992
        },
        "2005-09": {
            "month": "2005-09",
            "price": "19.73",
            "revenue": 273155
        },
        "2005-10": {
            "month": "2005-10",
            "price": "17.32",
            "revenue": 263636
        },
        "2005-11": {
            "month": "2005-11",
            "price": "16.84",
            "revenue": 256217
        },
        "2005-12": {
            "month": "2005-12",
            "price": "17.11",
            "revenue": 223715
        },
        "2006-01": {
            "month": "2006-01",
            "price": "16.76",
            "revenue": 194639
        },
        "2006-02": {
            "month": "2006-02",
            "price": "18.13",
            "revenue": 157312
        },
        "2006-03": {
            "month": "2006-03",
            "price": "18.10",
            "revenue": 171097
        },
        "2006-04": {
            "month": "2006-04",
            "price": "19.21",
            "revenue": 203312
        },
        "2006-05": {
            "month": "2006-05",
            "price": "20.79",
            "revenue": 185919
        },
        "2006-06": {
            "month": "2006-06",
            "price": "20.63",
            "revenue": 204989
        },
        "2006-07": {
            "month": "2006-07",
            "price": "20.97",
            "revenue": 186817
        },
        "2006-08": {
            "month": "2006-08",
            "price": "19.43",
            "revenue": 195727
        },
        "2006-09": {
            "month": "2006-09",
            "price": "19.28",
            "revenue": 196605
        },
        "2006-10": {
            "month": "2006-10",
            "price": "21.38",
            "revenue": 195557
        },
        "2006-11": {
            "month": "2006-11",
            "price": "22.51",
            "revenue": 189264
        },
        "2006-12": {
            "month": "2006-12",
            "price": "23.67",
            "revenue": 185573
        },
        "2007-01": {
            "month": "2007-01",
            "price": "28.30",
            "revenue": 182669
        },
        "2007-02": {
            "month": "2007-02",
            "price": "29.56",
            "revenue": 162339
        },
        "2007-03": {
            "month": "2007-03",
            "price": "34.42",
            "revenue": 173798
        },
        "2007-04": {
            "month": "2007-04",
            "price": "39.24",
            "revenue": 198745
        },
        "2007-05": {
            "month": "2007-05",
            "price": "34.04",
            "revenue": 204504
        },
        "2007-06": {
            "month": "2007-06",
            "price": "32.86",
            "revenue": 204395
        },
        "2007-07": {
            "month": "2007-07",
            "price": "38.34",
            "revenue": 205937
        },
        "2007-08": {
            "month": "2007-08",
            "price": "56.55",
            "revenue": 207467
        },
        "2007-09": {
            "month": "2007-09",
            "price": "67.81",
            "revenue": 215474
        },
        "2007-10": {
            "month": "2007-10",
            "price": "88.02",
            "revenue": 199854
        },
        "2007-11": {
            "month": "2007-11",
            "price": "65.22",
            "revenue": 195124
        },
        "2007-12": {
            "month": "2007-12",
            "price": "54.08",
            "revenue": 204133
        },
        "2008-01": {
            "month": "2008-01",
            "price": "50.63",
            "revenue": 209840
        },
        "2008-02": {
            "month": "2008-02",
            "price": "53.33",
            "revenue": 168819
        },
        "2008-03": {
            "month": "2008-03",
            "price": "56.17",
            "revenue": 207737
        },
        "2008-04": {
            "month": "2008-04",
            "price": "60.01",
            "revenue": 215535
        },
        "2008-05": {
            "month": "2008-05",
            "price": "79.48",
            "revenue": 190948
        },
        "2008-06": {
            "month": "2008-06",
            "price": "60.53",
            "revenue": 510045
        },
        "2008-07": {
            "month": "2008-07",
            "price": "59.66",
            "revenue": 605624
        },
        "2008-08": {
            "month": "2008-08",
            "price": "58.80",
            "revenue": 673580
        },
        "2008-09": {
            "month": "2008-09",
            "price": "47.50",
            "revenue": 654245
        },
        "2008-10": {
            "month": "2008-10",
            "price": "35.45",
            "revenue": 662617
        },
        "2008-11": {
            "month": "2008-11",
            "price": "40.03",
            "revenue": 562509
        },
        "2008-12": {
            "month": "2008-12",
            "price": "40.21",
            "revenue": 543500
        },
        "2009-01": {
            "month": "2009-01",
            "price": "39.69",
            "revenue": 530528
        },
        "2009-02": {
            "month": "2009-02",
            "price": "39.86",
            "revenue": 396740
        },
        "2009-03": {
            "month": "2009-03",
            "price": "42.02",
            "revenue": 159646
        },
        "2009-04": {
            "month": "2009-04",
            "price": "50.23",
            "revenue": 374203
        },
        "2009-05": {
            "month": "2009-05",
            "price": "62.34",
            "revenue": 312280
        },
        "2009-06": {
            "month": "2009-06",
            "price": "64.61",
            "revenue": 456851
        },
        "2009-07": {
            "month": "2009-07",
            "price": "61.59",
            "revenue": 301026
        },
        "2009-08": {
            "month": "2009-08",
            "price": "55.94",
            "revenue": 279321
        },
        "2009-09": {
            "month": "2009-09",
            "price": "50.92",
            "revenue": 267285
        },
        "2009-10": {
            "month": "2009-10",
            "price": "50.18",
            "revenue": 267111
        },
        "2009-11": {
            "month": "2009-11",
            "price": "45.18",
            "revenue": 250608
        },
        "2009-12": {
            "month": "2009-12",
            "price": "44.43",
            "revenue": 260025
        },
        "2010-01": {
            "month": "2010-01",
            "price": "45.68",
            "revenue": 248252
        },
        "2010-02": {
            "month": "2010-02",
            "price": "39.35",
            "revenue": 235947
        },
        "2010-03": {
            "month": "2010-03",
            "price": "41.96",
            "revenue": 275401
        },
        "2010-04": {
            "month": "2010-04",
            "price": "41.93",
            "revenue": 285451
        },
        "2010-05": {
            "month": "2010-05",
            "price": "38.99",
            "revenue": 342057
        },
        "2010-06": {
            "month": "2010-06",
            "price": "38.92",
            "revenue": 292689
        },
        "2010-07": {
            "month": "2010-07",
            "price": "39.63",
            "revenue": 310621
        },
        "2010-08": {
            "month": "2010-08",
            "price": "38.58",
            "revenue": 328374
        },
        "2010-09": {
            "month": "2010-09",
            "price": "37.13",
            "revenue": 311957
        },
        "2010-10": {
            "month": "2010-10",
            "price": "37.40",
            "revenue": 302691
        },
        "2010-11": {
            "month": "2010-11",
            "price": "36.33",
            "revenue": 305828
        },
        "2010-12": {
            "month": "2010-12",
            "price": "36.61",
            "revenue": 307697
        },
        "2011-01": {
            "month": "2011-01",
            "price": "36.64",
            "revenue": 297433
        },
        "2011-02": {
            "month": "2011-02",
            "price": "35.08",
            "revenue": 244091
        },
        "2011-03": {
            "month": "2011-03",
            "price": "32.60",
            "revenue": 285788
        },
        "2011-04": {
            "month": "2011-04",
            "price": "32.37",
            "revenue": 290326
        },
        "2011-05": {
            "month": "2011-05",
            "price": "34.05",
            "revenue": 283915
        },
        "2011-06": {
            "month": "2011-06",
            "price": "33.16",
            "revenue": 314612
        },
        "2011-07": {
            "month": "2011-07",
            "price": "32.08",
            "revenue": 318258
        },
        "2011-08": {
            "month": "2011-08",
            "price": "27.42",
            "revenue": 302517
        },
        "2011-09": {
            "month": "2011-09",
            "price": "27.60",
            "revenue": 314865
        },
        "2011-10": {
            "month": "2011-10",
            "price": "28.73",
            "revenue": 320892
        },
        "2011-11": {
            "month": "2011-11",
            "price": "27.85",
            "revenue": 307606
        },
        "2011-12": {
            "month": "2011-12",
            "price": "28.36",
            "revenue": 302584
        },
        "2012-01": {
            "month": "2012-01",
            "price": "29.85",
            "revenue": 281298
        },
        "2012-02": {
            "month": "2012-02",
            "price": "32.12",
            "revenue": 232939
        },
        "2012-03": {
            "month": "2012-03",
            "price": "33.04",
            "revenue": 326496
        },
        "2012-04": {
            "month": "2012-04",
            "price": "30.18",
            "revenue": 288300
        },
        "2012-05": {
            "month": "2012-05",
            "price": "28.68",
            "revenue": 271743
        },
        "2012-06": {
            "month": "2012-06",
            "price": "28.02",
            "revenue": 254742
        },
        "2012-07": {
            "month": "2012-07",
            "price": "30.22",
            "revenue": 315691
        },
        "2012-08": {
            "month": "2012-08",
            "price": "29.16",
            "revenue": 270465
        },
        "2012-09": {
            "month": "2012-09",
            "price": "26.10",
            "revenue": 225221
        },
        "2012-10": {
            "month": "2012-10",
            "price": "24.26",
            "revenue": 238966
        },
        "2012-11": {
            "month": "2012-11",
            "price": "23.42",
            "revenue": 240332
        },
        "2012-12": {
            "month": "2012-12",
            "price": "24.40",
            "revenue": 220834
        },
        "2013-01": {
            "month": "2013-01",
            "price": "24.42",
            "revenue": 254756
        },
        "2013-02": {
            "month": "2013-02",
            "price": "23.96",
            "revenue": 187887
        },
        "2013-03": {
            "month": "2013-03",
            "price": "23.66",
            "revenue": 225745
        },
        "2013-04": {
            "month": "2013-04",
            "price": "22.90",
            "revenue": 232177
        },
        "2013-05": {
            "month": "2013-05",
            "price": "22.71",
            "revenue": 226783
        },
        "2013-06": {
            "month": "2013-06",
            "price": "22.06",
            "revenue": 231823
        },
        "2013-07": {
            "month": "2013-07",
            "price": "22.28",
            "revenue": 242450
        },
        "2013-08": {
            "month": "2013-08",
            "price": "22.33",
            "revenue": 262729
        },
        "2013-09": {
            "month": "2013-09",
            "price": "27.14",
            "revenue": 227361
        },
        "2013-10": {
            "month": "2013-10",
            "price": "26.72",
            "revenue": 219260
        },
        "2013-11": {
            "month": "2013-11",
            "price": "26.18",
            "revenue": 226048
        },
        "2013-12": {
            "month": "2013-12",
            "price": "27.66",
            "revenue": 235821
        },
        "2014-01": {
            "month": "2014-01",
            "price": "26.61",
            "revenue": 243043
        },
        "2014-02": {
            "month": "2014-02",
            "price": "24.00",
            "revenue": 225465
        },
        "2014-03": {
            "month": "2014-03",
            "price": "23.89",
            "revenue": 237431
        },
        "2014-04": {
            "month": "2014-04",
            "price": "23.20",
            "revenue": 248748
        },
        "2014-05": {
            "month": "2014-05",
            "price": "21.82",
            "revenue": 247524
        },
        "2014-06": {
            "month": "2014-06",
            "price": "22.08",
            "revenue": 239038
        },
        "2014-07": {
            "month": "2014-07",
            "price": "21.54",
            "revenue": 249491
        },
        "2014-08": {
            "month": "2014-08",
            "price": "22.51",
            "revenue": 254138
        },
        "2014-09": {
            "month": "2014-09",
            "price": "23.02",
            "revenue": 240591
        },
        "2014-10": {
            "month": "2014-10",
            "price": "21.28",
            "revenue": 226726
        },
        "2014-11": {
            "month": "2014-11",
            "price": "20.97",
            "revenue": 240898
        },
        "2014-12": {
            "month": "2014-12",
            "price": "21.04",
            "revenue": 244424
        },
        "2015-01": {
            "month": "2015-01",
            "price": "21.31",
            "revenue": 242418
        },
        "2015-02": {
            "month": "2015-02",
            "price": "20.56",
            "revenue": 200722
        },
        "2015-03": {
            "month": "2015-03",
            "price": "20.38",
            "revenue": 224147
        },
        "2015-04": {
            "month": "2015-04",
            "price": "20.18",
            "revenue": 225724
        },
        "2015-05": {
            "month": "2015-05",
            "price": "19.34",
            "revenue": 225269
        },
        "2015-06": {
            "month": "2015-06",
            "price": "17.45",
            "revenue": 232397
        },
        "2015-07": {
            "month": "2015-07",
            "price": "17.05",
            "revenue": 238377
        },
        "2015-08": {
            "month": "2015-08",
            "price": "14.38",
            "revenue": 228619
        },
        "2015-09": {
            "month": "2015-09",
            "price": "13.12",
            "revenue": 220260
        },
        "2015-10": {
            "month": "2015-10",
            "price": "13.54",
            "revenue": 217532
        },
        "2015-11": {
            "month": "2015-11",
            "price": "12.99",
            "revenue": 209400
        },
        "2015-12": {
            "month": "2015-12",
            "price": "12.43",
            "revenue": 217566
        },
        "2016-01": {
            "month": "2016-01",
            "price": "12.46",
            "revenue": 225252
        },
        "2016-02": {
            "month": "2016-02",
            "price": "13.11",
            "revenue": 162880
        },
        "2016-03": {
            "month": "2016-03",
            "price": "14.74",
            "revenue": 178452
        },
        "2016-04": {
            "month": "2016-04",
            "price": "13.73",
            "revenue": 180006
        },
        "2016-05": {
            "month": "2016-05",
            "price": "12.38",
            "revenue": 205352
        },
        "2016-06": {
            "month": "2016-06",
            "price": "12.13",
            "revenue": 205254
        },
        "2016-07": {
            "month": "2016-07",
            "price": "12.31",
            "revenue": 216866
        },
        "2016-08": {
            "month": "2016-08",
            "price": "12.12",
            "revenue": 208489
        },
        "2016-09": {
            "month": "2016-09",
            "price": "12.28",
            "revenue": 204399
        },
        "2016-10": {
            "month": "2016-10",
            "price": "12.00",
            "revenue": 198774
        },
        "2016-11": {
            "month": "2016-11",
            "price": "12.51",
            "revenue": 217138
        },
        "2016-12": {
            "month": "2016-12",
            "price": "12.59",
            "revenue": 254751
        },
        "2017-01": {
            "month": "2017-01",
            "price": "12.58",
            "revenue": 233867
        },
        "2017-02": {
            "month": "2017-02",
            "price": "13.55",
            "revenue": 185389
        },
        "2017-03": {
            "month": "2017-03",
            "price": "13.76",
            "revenue": 228189
        },
        "2017-04": {
            "month": "2017-04",
            "price": "12.84",
            "revenue": 227165
        },
        "2017-05": {
            "month": "2017-05",
            "price": "12.82",
            "revenue": 223406
        },
        "2017-06": {
            "month": "2017-06",
            "price": "13.30",
            "revenue": 200333
        },
        "2017-07": {
            "month": "2017-07",
            "price": "13.82",
            "revenue": 228258
        },
        "2017-08": {
            "month": "2017-08",
            "price": "14.52",
            "revenue": 245410
        },
        "2017-09": {
            "month": "2017-09",
            "price": "15.33",
            "revenue": 253813
        },
        "2017-10": {
            "month": "2017-10",
            "price": "15.25",
            "revenue": 273321
        },
        "2017-11": {
            "month": "2017-11",
            "price": "15.59",
            "revenue": 244985
        },
        "2017-12": {
            "month": "2017-12",
            "price": "17.12",
            "revenue": 273786
        },
        "2018-01": {
            "month": "2018-01",
            "price": "16.67",
            "revenue": 270010
        },
        "2018-02": {
            "month": "2018-02",
            "price": "15.37",
            "revenue": 246306
        },
        "2018-03": {
            "month": "2018-03",
            "price": "15.55",
            "revenue": 280938
        },
        "2018-04": {
            "month": "2018-04",
            "price": "16.11",
            "revenue": 279221
        },
        "2018-05": {
            "month": "2018-05",
            "price": "16.79",
            "revenue": 278613
        },
        "2018-06": {
            "month": "2018-06",
            "price": "17.00",
            "revenue": 279311
        },
        "2018-07": {
            "month": "2018-07",
            "price": "17.52",
            "revenue": 318660
        },
        "2018-08": {
            "month": "2018-08",
            "price": "19.45",
            "revenue": 293239
        },
        "2018-09": {
            "month": "2018-09",
            "price": "18.32",
            "revenue": 297222
        },
        "2018-10": {
            "month": "2018-10",
            "price": "21.29",
            "revenue": 287167
        },
        "2018-11": {
            "month": "2018-11",
            "price": "19.08",
            "revenue": 269804
        },
        "2018-12": {
            "month": "2018-12",
            "price": "19.63",
            "revenue": 266744
        },
        "2019-01": {
            "month": "2019-01",
            "price": "18.09",
            "revenue": 266810
        },
        "2019-02": {
            "month": "2019-02",
            "price": "17.80",
            "revenue": 222540
        },
        "2019-03": {
            "month": "2019-03",
            "price": "17.93",
            "revenue": 259449
        },
        "2019-04": {
            "month": "2019-04",
            "price": "18.39",
            "revenue": 260323
        },
        "2019-05": {
            "month": "2019-05",
            "price": "19.26",
            "revenue": 276359
        },
        "2019-06": {
            "month": "2019-06",
            "price": "19.47",
            "revenue": 259227
        },
        "2019-07": {
            "month": "2019-07",
            "price": "21.66",
            "revenue": 285359
        },
        "2019-08": {
            "month": "2019-08",
            "price": "20.64",
            "revenue": 275197
        },
        "2019-09": {
            "month": "2019-09",
            "price": "20.11",
            "revenue": 258805
        },
        "2019-10": {
            "month": "2019-10",
            "price": "18.83",
            "revenue": 269333
        },
        "2019-11": {
            "month": "2019-11",
            "price": "18.06",
            "revenue": 234016
        },
        "2019-12": {
            "month": "2019-12",
            "price": "17.90",
            "revenue": 246571
        },
        "2020-01": {
            "month": "2020-01",
            "price": "17.64",
            "revenue": 220254
        },
        "2020-02": {
            "month": "2020-02",
            "price": "16.31",
            "revenue": 197215
        },
        "2020-03": {
            "month": "2020-03",
            "price": "14.12",
            "revenue": 212479
        },
        "2020-04": {
            "month": "2020-04",
            "price": "14.95",
            "revenue": 198516
        },
        "2020-05": {
            "month": "2020-05",
            "price": "15.67",
            "revenue": 186692
        },
        "2020-06": {
            "month": "2020-06",
            "price": "16.45",
            "revenue": 194396
        },
        "2020-07": {
            "month": "2020-07",
            "price": "15.99",
            "revenue": 227108
        },
        "2020-08": {
            "month": "2020-08",
            "price": "16.45",
            "revenue": 221572
        },
        "2020-09": {
            "month": "2020-09",
            "price": "16.90",
            "revenue": 201865
        },
        "2020-10": {
            "month": "2020-10",
            "price": "16.91",
            "revenue": 206889
        },
        "2020-11": {
            "month": "2020-11",
            "price": "17.49",
            "revenue": 209605
        },
        "2020-12": {
            "month": "2020-12",
            "price": "20.15",
            "revenue": 214497
        },
        "2021-01": {
            "month": "2021-01",
            "price": "19.80",
            "revenue": 203116
        },
        "2021-02": {
            "month": "2021-02",
            "price": "19.11",
            "revenue": 203669
        },
        "2021-03": {
            "month": "2021-03",
            "price": "21.90",
            "revenue": 247773
        },
        "2021-04": {
            "month": "2021-04",
            "price": "30.61",
            "revenue": 265617
        },
        "2021-05": {
            "month": "2021-05",
            "price": "39.47",
            "revenue": 278735
        },
        "2021-06": {
            "month": "2021-06",
            "price": "50.36",
            "revenue": 265263
        },
        "2021-07": {
            "month": "2021-07",
            "price": "57.04",
            "revenue": 293374
        },
        "2021-08": {
            "month": "2021-08",
            "price": "47.58",
            "revenue": 288747
        },
        "2021-09": {
            "month": "2021-09",
            "price": "45.33",
            "revenue": 277292
        },
        "2021-10": {
            "month": "2021-10",
            "price": "37.26",
            "revenue": 306426
        },
        "2021-11": {
            "month": "2021-11",
            "price": "36.68",
            "revenue": 304123
        },
        "2021-12": {
            "month": "2021-12",
            "price": "37.86",
            "revenue": 292044
        },
        "2022-01": {
            "month": "2022-01",
            "price": "34.35",
            "revenue": 275119
        },
        "2022-02": {
            "month": "2022-02",
            "price": "34.93",
            "revenue": 243762
        },
        "2022-03": {
            "month": "2022-03",
            "price": "36.08",
            "revenue": 298276
        },
        "2022-04": {
            "month": "2022-04",
            "price": "36.79",
            "revenue": 317175
        },
        "2022-05": {
            "month": "2022-05",
            "price": "36.27",
            "revenue": 337940
        },
        "2022-06": {
            "month": "2022-06",
            "price": "33.12",
            "revenue": 348072
        },
        "2022-07": {
            "month": "2022-07",
            "price": "27.86",
            "revenue": 334578
        },
        "2022-08": {
            "month": "2022-08",
            "price": "28.48",
            "revenue": 329693
        },
        "2022-09": {
            "month": "2022-09",
            "price": "26.69",
            "revenue": 307881
        },
        "2022-10": {
            "month": "2022-10",
            "price": "24.56",
            "revenue": 361362
        },
        "2022-11": {
            "month": "2022-11",
            "price": "25.02",
            "revenue": 370585
        },
        "2022-12": {
            "month": "2022-12",
            "price": "26.60",
            "revenue": 348285
        },
        "2023-01": {
            "month": "2023-01",
            "price": "26.11",
            "revenue": 317379
        },
        "2023-02": {
            "month": "2023-02",
            "price": "27.39",
            "revenue": 281049
        },
        "2023-03": {
            "month": "2023-03",
            "price": "32.28",
            "revenue": 337030
        },
        "2023-04": {
            "month": "2023-04",
            "price": "31.96",
            "revenue": 354748
        },
        "2023-05": {
            "month": "2023-05",
            "price": "29.99",
            "revenue": 352833
        },
        "2023-06": {
            "month": "2023-06",
            "price": "30.21",
            "revenue": 322669
        },
        "2023-07": {
            "month": "2023-07",
            "price": "29.79",
            "revenue": 314794
        },
        "2023-08": {
            "month": "2023-08",
            "price": "27.86",
            "revenue": 298979
        },
        "2023-09": {
            "month": "2023-09",
            "price": "28.90",
            "revenue": 335066
        },
        "2023-10": {
            "month": "2023-10",
            "price": "28.64",
            "revenue": 358417
        },
        "2023-11": {
            "month": "2023-11",
            "price": "29.23",
            "revenue": 350878
        },
        "2023-12": {
            "month": "2023-12",
            "price": "33.56",
            "revenue": 366266
        }
    }
}
