{
    "summary": {
        "stock_name": "長榮航",
        "stock_id": "2618",
        "category": "航運",
        "main_business": "國際航線之定期及不定期航空客貨運輸業務",
        "website_url": "http://www.evaair.com",
        "ceo": "孫嘉明",
        "pe_ratio": 18,
        "report_year_from": 2001,
        "report_year_to": 2023,
        "age": 22,
        "eps_negative_percentage": 27,
        "eps_growth_avg": {
            "last_all": -21.25,
            "last_2y": -46.4,
            "last_4y": -31.76,
            "last_8y": -31.33,
            "last_12y": -17.98,
            "last_16y": -25.44,
            "last_20y": null,
            "at_2006_last_3y": -29.42,
            "at_2007_last_3y": -21.02,
            "at_2008_last_3y": -81.53,
            "at_2009_last_3y": -100,
            "at_2010_last_3y": null,
            "at_2011_last_3y": -98.03,
            "at_2012_last_3y": 0.99,
            "at_2013_last_3y": 13.16,
            "at_2014_last_3y": -15.13,
            "at_2015_last_3y": 12.5,
            "at_2016_last_3y": -36.61,
            "at_2017_last_3y": -30.76,
            "at_2018_last_3y": 6.2,
            "at_2019_last_3y": -6.63,
            "at_2020_last_3y": -19.79,
            "at_2021_last_3y": -44.74,
            "at_2022_last_3y": -45.97,
            "at_2023_last_3y": -45.97,
            "at_2006_last_all": -29.42,
            "at_2007_last_all": -29.42,
            "at_2008_last_all": -29.42,
            "at_2009_last_all": -29.42,
            "at_2010_last_all": -29.42,
            "at_2011_last_all": -43.14,
            "at_2012_last_all": -19.29,
            "at_2013_last_all": -11.17,
            "at_2014_last_all": -22.28,
            "at_2015_last_all": -22.28,
            "at_2016_last_all": -25.06,
            "at_2017_last_all": -17.05,
            "at_2018_last_all": -14.51,
            "at_2019_last_all": -17.06,
            "at_2020_last_all": -23.44,
            "at_2021_last_all": -23.44,
            "at_2022_last_all": -21.25,
            "at_2023_last_all": -21.25
        },
        "latest_eps": 1.54,
        "latest_price": 28.3,
        "latest_roe": 9.5,
        "latest_gross_margin": 20.76,
        "latest_equity": 98425676,
        "latest_revenue": 44425772,
        "latest_gross_profit": 9223701,
        "latest_net_income": 4751970,
        "latest_debt_ratio": 69.73,
        "latest_current_ratio": 109.24,
        "latest_account_receivable_turnover_ratio": 4.02,
        "latest_inventory_turnover_ratio": 9.39,
        "latest_reinvestment_rate": -1.95,
        "latest_research_to_sale_ratio": null
    },
    "eps_dividends": {
        "2000": {
            "cash": 0,
            "stock": 1,
            "eps": 0
        },
        "2001": {
            "cash": 0,
            "stock": 1,
            "eps": 0
        },
        "2002": {
            "cash": 0,
            "stock": 0,
            "eps": 1.19
        },
        "2003": {
            "cash": 0,
            "stock": 0,
            "eps": 0.54
        },
        "2004": {
            "cash": 0,
            "stock": 0,
            "eps": 1.11
        },
        "2005": {
            "cash": 1,
            "stock": 0,
            "eps": 0.41
        },
        "2006": {
            "cash": 0,
            "stock": 0,
            "eps": -0.46
        },
        "2007": {
            "cash": 0,
            "stock": 0,
            "eps": -0.49
        },
        "2008": {
            "cash": 0,
            "stock": 0,
            "eps": -4.31
        },
        "2009": {
            "cash": 0,
            "stock": 0,
            "eps": -0.96
        },
        "2010": {
            "cash": 0,
            "stock": 0,
            "eps": 4.06
        },
        "2011": {
            "cash": 1,
            "stock": 1,
            "eps": 0.08
        },
        "2012": {
            "cash": 0,
            "stock": 0,
            "eps": 0.16
        },
        "2013": {
            "cash": 0,
            "stock": 0,
            "eps": 0.22
        },
        "2014": {
            "cash": 0,
            "stock": 0,
            "eps": -0.4
        },
        "2015": {
            "cash": 0,
            "stock": 0,
            "eps": 1.69
        },
        "2016": {
            "cash": 0,
            "stock": 1,
            "eps": 0.89
        },
        "2017": {
            "cash": 0,
            "stock": 0,
            "eps": 1.38
        },
        "2018": {
            "cash": 0,
            "stock": 1,
            "eps": 1.53
        },
        "2019": {
            "cash": 1,
            "stock": 0,
            "eps": 0.84
        },
        "2020": {
            "cash": 0,
            "stock": 0,
            "eps": -0.69
        },
        "2021": {
            "cash": 0,
            "stock": 0,
            "eps": 1.25
        },
        "2022": {
            "cash": 1,
            "stock": 0,
            "eps": 1.34
        },
        "2023": {
            "cash": 1,
            "stock": 0,
            "eps": 0.84
        }
    },
    "dividends": {
        "2000-04-29": {
            "cash": 0,
            "stock": 0.5
        },
        "2001-04-19": {
            "cash": 0.3,
            "stock": 0.5
        },
        "2003-06-11": {
            "cash": 0.2,
            "stock": 0.2
        },
        "2004-06-15": {
            "cash": 0,
            "stock": 0.4
        },
        "2005-04-19": {
            "cash": 0.5,
            "stock": 0.1
        },
        "2006-04-24": {
            "cash": 0.2,
            "stock": 0
        },
        "2011-03-22": {
            "cash": 1,
            "stock": 1
        },
        "2016-09-20": {
            "cash": 0.3,
            "stock": 0.5
        },
        "2017-09-26": {
            "cash": 0.2,
            "stock": 0.3
        },
        "2018-10-09": {
            "cash": 0.2,
            "stock": 0.5
        },
        "2019-10-05": {
            "cash": 0.5,
            "stock": 0.3
        },
        "2020-10-06": {
            "cash": 0.25,
            "stock": 0
        },
        "2022-09-07": {
            "cash": 0.59,
            "stock": 0
        },
        "2023-03-13": {
            "cash": 0.8,
            "stock": 0
        }
    },
    "prices": {
        "200101": "無",
        "200102": "無",
        "200103": "無",
        "200104": "無",
        "200105": "無",
        "200106": "無",
        "200107": "無",
        "200108": "無",
        "200109": "7.66",
        "200110": "6.10",
        "200111": "7.60",
        "200112": "9.67",
        "200201": "10.84",
        "200202": "12.25",
        "200203": "12.44",
        "200204": "11.85",
        "200205": "12.04",
        "200206": "13.50",
        "200207": "13.66",
        "200208": "12.99",
        "200209": "12.25",
        "200210": "12.95",
        "200211": "15.25",
        "200212": "14.92",
        "200301": "15.71",
        "200302": "13.27",
        "200303": "12.25",
        "200304": "10.79",
        "200305": "11.05",
        "200306": "12.88",
        "200307": "12.51",
        "200308": "12.49",
        "200309": "13.39",
        "200310": "13.90",
        "200311": "15.13",
        "200312": "14.36",
        "200401": "15.47",
        "200402": "17.68",
        "200403": "18.89",
        "200404": "16.37",
        "200405": "14.08",
        "200406": "14.06",
        "200407": "13.50",
        "200408": "12.68",
        "200409": "13.64",
        "200410": "13.84",
        "200411": "14.17",
        "200412": "15.13",
        "200501": "15.46",
        "200502": "15.34",
        "200503": "15.17",
        "200504": "14.05",
        "200505": "15.25",
        "200506": "16.11",
        "200507": "14.97",
        "200508": "14.29",
        "200509": "13.30",
        "200510": "13.17",
        "200511": "13.96",
        "200512": "14.92",
        "200601": "13.99",
        "200602": "13.05",
        "200603": "12.43",
        "200604": "12.98",
        "200605": "14.05",
        "200606": "13.70",
        "200607": "13.17",
        "200608": "12.62",
        "200609": "13.27",
        "200610": "13.30",
        "200611": "13.07",
        "200612": "13.46",
        "200701": "14.12",
        "200702": "14.48",
        "200703": "13.55",
        "200704": "13.42",
        "200705": "12.79",
        "200706": "13.05",
        "200707": "13.91",
        "200708": "12.58",
        "200709": "11.98",
        "200710": "12.84",
        "200711": "13.11",
        "200712": "12.98",
        "200801": "15.33",
        "200802": "16.51",
        "200803": "18.41",
        "200804": "18.60",
        "200805": "16.95",
        "200806": "15.35",
        "200807": "11.53",
        "200808": "11.77",
        "200809": "9.86",
        "200810": "6.75",
        "200811": "7.67",
        "200812": "8.06",
        "200901": "6.98",
        "200902": "6.52",
        "200903": "7.25",
        "200904": "9.88",
        "200905": "9.49",
        "200906": "8.66",
        "200907": "9.00",
        "200908": "8.47",
        "200909": "13.61",
        "200910": "13.00",
        "200911": "12.55",
        "200912": "13.47",
        "201001": "13.57",
        "201002": "12.26",
        "201003": "13.73",
        "201004": "15.14",
        "201005": "16.84",
        "201006": "18.50",
        "201007": "19.84",
        "201008": "22.93",
        "201009": "25.55",
        "201010": "28.89",
        "201011": "32.75",
        "201012": "35.29",
        "201101": "33.77",
        "201102": "28.04",
        "201103": "24.46",
        "201104": "26.29",
        "201105": "28.70",
        "201106": "28.23",
        "201107": "27.57",
        "201108": "22.88",
        "201109": "18.92",
        "201110": "20.02",
        "201111": "19.76",
        "201112": "18.58",
        "201201": "19.52",
        "201202": "20.86",
        "201203": "19.38",
        "201204": "17.33",
        "201205": "17.61",
        "201206": "17.94",
        "201207": "17.37",
        "201208": "17.33",
        "201209": "16.94",
        "201210": "17.58",
        "201211": "16.82",
        "201212": "16.95",
        "201301": "18.21",
        "201302": "18.52",
        "201303": "18.33",
        "201304": "16.93",
        "201305": "17.31",
        "201306": "17.14",
        "201307": "16.91",
        "201308": "16.30",
        "201309": "16.50",
        "201310": "16.43",
        "201311": "16.33",
        "201312": "16.62",
        "201401": "16.50",
        "201402": "15.66",
        "201403": "15.47",
        "201404": "15.56",
        "201405": "15.33",
        "201406": "14.71",
        "201407": "14.80",
        "201408": "14.66",
        "201409": "15.53",
        "201410": "16.44",
        "201411": "18.84",
        "201412": "21.96",
        "201501": "24.00",
        "201502": "22.60",
        "201503": "22.08",
        "201504": "23.91",
        "201505": "22.00",
        "201506": "20.26",
        "201507": "22.35",
        "201508": "21.74",
        "201509": "18.95",
        "201510": "18.96",
        "201511": "18.23",
        "201512": "17.61",
        "201601": "17.83",
        "201602": "17.59",
        "201603": "17.79",
        "201604": "16.86",
        "201605": "14.61",
        "201606": "14.63",
        "201607": "15.04",
        "201608": "15.41",
        "201609": "14.66",
        "201610": "14.66",
        "201611": "15.13",
        "201612": "14.82",
        "201701": "14.94",
        "201702": "15.20",
        "201703": "15.98",
        "201704": "14.84",
        "201705": "14.71",
        "201706": "14.71",
        "201707": "15.16",
        "201708": "15.21",
        "201709": "15.40",
        "201710": "14.89",
        "201711": "14.99",
        "201712": "15.55",
        "201801": "15.88",
        "201802": "15.02",
        "201803": "14.94",
        "201804": "15.30",
        "201805": "15.12",
        "201806": "15.06",
        "201807": "14.86",
        "201808": "15.18",
        "201809": "14.91",
        "201810": "14.11",
        "201811": "14.82",
        "201812": "15.76",
        "201901": "15.20",
        "201902": "15.01",
        "201903": "15.27",
        "201904": "15.34",
        "201905": "15.04",
        "201906": "15.18",
        "201907": "14.82",
        "201908": "14.00",
        "201909": "13.82",
        "201910": "14.07",
        "201911": "14.18",
        "201912": "13.84",
        "202001": "13.48",
        "202002": "12.29",
        "202003": "10.07",
        "202004": "10.13",
        "202005": "11.08",
        "202006": "11.51",
        "202007": "11.11",
        "202008": "11.06",
        "202009": "11.26",
        "202010": "10.78",
        "202011": "12.03",
        "202012": "13.40",
        "202101": "12.54",
        "202102": "13.77",
        "202103": "15.46",
        "202104": "17.53",
        "202105": "15.93",
        "202106": "20.42",
        "202107": "19.33",
        "202108": "18.68",
        "202109": "17.93",
        "202110": "18.46",
        "202111": "25.21",
        "202112": "27.11",
        "202201": "25.67",
        "202202": "31.27",
        "202203": "31.29",
        "202204": "34.81",
        "202205": "33.36",
        "202206": "32.20",
        "202207": "32.91",
        "202208": "32.03",
        "202209": "32.60",
        "202210": "25.32",
        "202211": "25.68",
        "202212": "28.09",
        "202301": "28.40",
        "202302": "29.01",
        "202303": "27.18",
        "202304": "26.49",
        "202305": "27.57"
    },
    "quarters": {
        "20011": {
            "year_quarter": 20011,
            "year": 2001,
            "quarter": 1,
            "eps": null,
            "eps_growth_year": null,
            "eps_4q": null,
            "eps_4q_growth_year": null,
            "roe": null,
            "roe_4q": 0,
            "gross_profit": null,
            "gross_margin": null,
            "gross_margin_4q_avg": 0,
            "net_income": null,
            "revenue": null,
            "common_shares": null,
            "book_valuer_per_share": null,
            "book_valuer_per_share_4q_avg": 0,
            "equity": null,
            "current_ratio": null,
            "debt_ratio": null,
            "inventory_turnover_ratio": null,
            "account_receivable_turnover_ratio": null,
            "reinvestment_rate": null,
            "research_to_sale_ratio": null,
            "price_fair": 0,
            "eps_avg_yearly": 0,
            "eps_latest_yearly": 0,
            "eps_growth_yearly": 0
        },
        "20012": {
            "year_quarter": 20012,
            "year": 2001,
            "quarter": 2,
            "eps": null,
            "eps_growth_year": null,
            "eps_4q": null,
            "eps_4q_growth_year": null,
            "roe": null,
            "roe_4q": 0,
            "gross_profit": null,
            "gross_margin": null,
            "gross_margin_4q_avg": 0,
            "net_income": null,
            "revenue": null,
            "common_shares": null,
            "book_valuer_per_share": null,
            "book_valuer_per_share_4q_avg": 0,
            "equity": null,
            "current_ratio": null,
            "debt_ratio": null,
            "inventory_turnover_ratio": null,
            "account_receivable_turnover_ratio": null,
            "reinvestment_rate": null,
            "research_to_sale_ratio": null,
            "price_fair": 0,
            "eps_avg_yearly": 0,
            "eps_latest_yearly": 0,
            "eps_growth_yearly": 0
        },
        "20013": {
            "year_quarter": 20013,
            "year": 2001,
            "quarter": 3,
            "eps": null,
            "eps_growth_year": null,
            "eps_4q": null,
            "eps_4q_growth_year": null,
            "roe": null,
            "roe_4q": 0,
            "gross_profit": null,
            "gross_margin": null,
            "gross_margin_4q_avg": 0,
            "net_income": null,
            "revenue": null,
            "common_shares": null,
            "book_valuer_per_share": null,
            "book_valuer_per_share_4q_avg": 0,
            "equity": null,
            "current_ratio": null,
            "debt_ratio": null,
            "inventory_turnover_ratio": null,
            "account_receivable_turnover_ratio": null,
            "reinvestment_rate": null,
            "research_to_sale_ratio": null,
            "price_fair": 0,
            "eps_avg_yearly": 0,
            "eps_latest_yearly": 0,
            "eps_growth_yearly": 0
        },
        "20014": {
            "year_quarter": 20014,
            "year": 2001,
            "quarter": 4,
            "eps": null,
            "eps_growth_year": null,
            "eps_4q": null,
            "eps_4q_growth_year": null,
            "roe": null,
            "roe_4q": 0,
            "gross_profit": null,
            "gross_margin": null,
            "gross_margin_4q_avg": 0,
            "net_income": null,
            "revenue": null,
            "common_shares": 22050000,
            "book_valuer_per_share": 13.45,
            "book_valuer_per_share_4q_avg": 3.36,
            "equity": 29665490,
            "current_ratio": 73.7,
            "debt_ratio": 73.84,
            "inventory_turnover_ratio": null,
            "account_receivable_turnover_ratio": null,
            "reinvestment_rate": null,
            "research_to_sale_ratio": null,
            "price_fair": 0,
            "eps_avg_yearly": 0,
            "eps_latest_yearly": 0,
            "eps_growth_yearly": 0
        },
        "20021": {
            "year_quarter": 20021,
            "year": 2002,
            "quarter": 1,
            "eps": 0.21,
            "eps_growth_year": null,
            "eps_4q": null,
            "eps_4q_growth_year": null,
            "roe": 1.57,
            "roe_4q": 1.57,
            "gross_profit": 2399372,
            "gross_margin": 17.64,
            "gross_margin_4q_avg": 4.41,
            "net_income": 473182,
            "revenue": 13601820,
            "common_shares": 22050000,
            "book_valuer_per_share": 13.95,
            "book_valuer_per_share_4q_avg": 6.85,
            "equity": 30757228,
            "current_ratio": 67.67,
            "debt_ratio": 72.06,
            "inventory_turnover_ratio": null,
            "account_receivable_turnover_ratio": null,
            "reinvestment_rate": null,
            "research_to_sale_ratio": null,
            "price_fair": 0,
            "eps_avg_yearly": 0,
            "eps_latest_yearly": 0,
            "eps_growth_yearly": 0
        },
        "20022": {
            "year_quarter": 20022,
            "year": 2002,
            "quarter": 2,
            "eps": 0.13,
            "eps_growth_year": null,
            "eps_4q": null,
            "eps_4q_growth_year": null,
            "roe": 0.98,
            "roe_4q": 2.55,
            "gross_profit": 2399485,
            "gross_margin": 15.45,
            "gross_margin_4q_avg": 8.27,
            "net_income": 292009,
            "revenue": 15526440,
            "common_shares": 22050000,
            "book_valuer_per_share": 13.22,
            "book_valuer_per_share_4q_avg": 10.16,
            "equity": 29141932,
            "current_ratio": 65.56,
            "debt_ratio": 72.7,
            "inventory_turnover_ratio": null,
            "account_receivable_turnover_ratio": null,
            "reinvestment_rate": null,
            "research_to_sale_ratio": null,
            "price_fair": 1.56,
            "eps_avg_yearly": 0.52,
            "eps_latest_yearly": 0.52,
            "eps_growth_yearly": -152.38
        },
        "20023": {
            "year_quarter": 20023,
            "year": 2002,
            "quarter": 3,
            "eps": 0.59,
            "eps_growth_year": null,
            "eps_4q": null,
            "eps_4q_growth_year": null,
            "roe": 4.24,
            "roe_4q": 6.790000000000001,
            "gross_profit": 3386999,
            "gross_margin": 19.23,
            "gross_margin_4q_avg": 13.08,
            "net_income": 1306085,
            "revenue": 17609071,
            "common_shares": 22050000,
            "book_valuer_per_share": 14.73,
            "book_valuer_per_share_4q_avg": 13.84,
            "equity": 32485237,
            "current_ratio": 67.07,
            "debt_ratio": 71.47,
            "inventory_turnover_ratio": null,
            "account_receivable_turnover_ratio": null,
            "reinvestment_rate": null,
            "research_to_sale_ratio": null,
            "price_fair": 50.4,
            "eps_avg_yearly": 1.44,
            "eps_latest_yearly": 2.36,
            "eps_growth_yearly": 631.5
        },
        "20024": {
            "year_quarter": 20024,
            "year": 2002,
            "quarter": 4,
            "eps": 0.26,
            "eps_growth_year": null,
            "eps_4q": 1.21,
            "eps_4q_growth_year": null,
            "roe": 1.68,
            "roe_4q": 8.47,
            "gross_profit": 3108628,
            "gross_margin": 17.42,
            "gross_margin_4q_avg": 17.44,
            "net_income": 566203,
            "revenue": 17840076,
            "common_shares": 24250000,
            "book_valuer_per_share": 14.45,
            "book_valuer_per_share_4q_avg": 14.09,
            "equity": 35046021,
            "current_ratio": 78.15,
            "debt_ratio": 69.66,
            "inventory_turnover_ratio": null,
            "account_receivable_turnover_ratio": null,
            "reinvestment_rate": null,
            "research_to_sale_ratio": null,
            "price_fair": 45.73,
            "eps_avg_yearly": 1.31,
            "eps_latest_yearly": 1.04,
            "eps_growth_yearly": 346.42
        },
        "20031": {
            "year_quarter": 20031,
            "year": 2003,
            "quarter": 1,
            "eps": 0.17,
            "eps_growth_year": -19.05,
            "eps_4q": 1.07,
            "eps_4q_growth_year": null,
            "roe": 1.15,
            "roe_4q": 8.05,
            "gross_profit": 2355521,
            "gross_margin": 14.17,
            "gross_margin_4q_avg": 16.57,
            "net_income": 406642,
            "revenue": 16628504,
            "common_shares": 24250000,
            "book_valuer_per_share": 14.61,
            "book_valuer_per_share_4q_avg": 14.25,
            "equity": 35417791,
            "current_ratio": 66.32,
            "debt_ratio": 68.75,
            "inventory_turnover_ratio": null,
            "account_receivable_turnover_ratio": null,
            "reinvestment_rate": null,
            "research_to_sale_ratio": null,
            "price_fair": 40.25,
            "eps_avg_yearly": 1.15,
            "eps_latest_yearly": 0.68,
            "eps_growth_yearly": 225.2
        },
        "20032": {
            "year_quarter": 20032,
            "year": 2003,
            "quarter": 2,
            "eps": -0.83,
            "eps_growth_year": -738.46,
            "eps_4q": 0.11,
            "eps_4q_growth_year": null,
            "roe": -5.93,
            "roe_4q": 1.1400000000000006,
            "gross_profit": -252504,
            "gross_margin": -2.06,
            "gross_margin_4q_avg": 12.19,
            "net_income": -2017234,
            "revenue": 12273693,
            "common_shares": 24250000,
            "book_valuer_per_share": 13.47,
            "book_valuer_per_share_4q_avg": 14.32,
            "equity": 32657801,
            "current_ratio": 79.42,
            "debt_ratio": 71.55,
            "inventory_turnover_ratio": null,
            "account_receivable_turnover_ratio": null,
            "reinvestment_rate": null,
            "research_to_sale_ratio": null,
            "price_fair": 40.25,
            "eps_avg_yearly": 1.15,
            "eps_latest_yearly": 0.68,
            "eps_growth_yearly": 225.2
        },
        "20033": {
            "year_quarter": 20033,
            "year": 2003,
            "quarter": 3,
            "eps": 0.35,
            "eps_growth_year": -40.68,
            "eps_4q": -0.07,
            "eps_4q_growth_year": null,
            "roe": 2.56,
            "roe_4q": -0.5399999999999998,
            "gross_profit": 2826222,
            "gross_margin": 16.22,
            "gross_margin_4q_avg": 11.44,
            "net_income": 867941,
            "revenue": 17424303,
            "common_shares": 25840799,
            "book_valuer_per_share": 13.64,
            "book_valuer_per_share_4q_avg": 14.04,
            "equity": 35246722,
            "current_ratio": 73.73,
            "debt_ratio": 69.15,
            "inventory_turnover_ratio": null,
            "account_receivable_turnover_ratio": null,
            "reinvestment_rate": null,
            "research_to_sale_ratio": null,
            "price_fair": 40.25,
            "eps_avg_yearly": 1.15,
            "eps_latest_yearly": 0.68,
            "eps_growth_yearly": 225.2
        },
        "20034": {
            "year_quarter": 20034,
            "year": 2003,
            "quarter": 4,
            "eps": 0.85,
            "eps_growth_year": 226.92,
            "eps_4q": 0.55,
            "eps_4q_growth_year": -54.19,
            "roe": 5.82,
            "roe_4q": 3.600000000000001,
            "gross_profit": 3622545,
            "gross_margin": 19,
            "gross_margin_4q_avg": 11.83,
            "net_income": 2138833,
            "revenue": 19061096,
            "common_shares": 27534330,
            "book_valuer_per_share": 13.88,
            "book_valuer_per_share_4q_avg": 13.9,
            "equity": 38213039,
            "current_ratio": 85.56,
            "debt_ratio": 66.68,
            "inventory_turnover_ratio": null,
            "account_receivable_turnover_ratio": null,
            "reinvestment_rate": null,
            "research_to_sale_ratio": null,
            "price_fair": 56,
            "eps_avg_yearly": 1.6,
            "eps_latest_yearly": 3.4,
            "eps_growth_yearly": 294.45
        },
        "20041": {
            "year_quarter": 20041,
            "year": 2004,
            "quarter": 1,
            "eps": 0.27,
            "eps_growth_year": 58.82,
            "eps_4q": 0.63,
            "eps_4q_growth_year": -41.76,
            "roe": 1.94,
            "roe_4q": 4.390000000000001,
            "gross_profit": 2795128,
            "gross_margin": 14.86,
            "gross_margin_4q_avg": 12.01,
            "net_income": 750510,
            "revenue": 18805421,
            "common_shares": 28929038,
            "book_valuer_per_share": 13.59,
            "book_valuer_per_share_4q_avg": 13.65,
            "equity": 39302881,
            "current_ratio": 64.58,
            "debt_ratio": 65.32,
            "inventory_turnover_ratio": null,
            "account_receivable_turnover_ratio": null,
            "reinvestment_rate": null,
            "research_to_sale_ratio": null,
            "price_fair": 52.97,
            "eps_avg_yearly": 1.51,
            "eps_latest_yearly": 1.08,
            "eps_growth_yearly": 199.88
        },
        "20042": {
            "year_quarter": 20042,
            "year": 2004,
            "quarter": 2,
            "eps": 0.18,
            "eps_growth_year": null,
            "eps_4q": 1.48,
            "eps_4q_growth_year": 1269.05,
            "roe": 1.31,
            "roe_4q": 11.63,
            "gross_profit": 2184485,
            "gross_margin": 11.34,
            "gross_margin_4q_avg": 15.36,
            "net_income": 521273,
            "revenue": 19265952,
            "common_shares": 29164566,
            "book_valuer_per_share": 13.86,
            "book_valuer_per_share_4q_avg": 13.74,
            "equity": 40409170,
            "current_ratio": 78.87,
            "debt_ratio": 66.04,
            "inventory_turnover_ratio": null,
            "account_receivable_turnover_ratio": null,
            "reinvestment_rate": null,
            "research_to_sale_ratio": null,
            "price_fair": 49,
            "eps_avg_yearly": 1.4,
            "eps_latest_yearly": 0.72,
            "eps_growth_yearly": 152.28
        },
        "20043": {
            "year_quarter": 20043,
            "year": 2004,
            "quarter": 3,
            "eps": 0.47,
            "eps_growth_year": 34.29,
            "eps_4q": 1.62,
            "eps_4q_growth_year": null,
            "roe": 3.24,
            "roe_4q": 12.31,
            "gross_profit": 3525105,
            "gross_margin": 16,
            "gross_margin_4q_avg": 15.3,
            "net_income": 1397935,
            "revenue": 22032553,
            "common_shares": 32664767,
            "book_valuer_per_share": 14.04,
            "book_valuer_per_share_4q_avg": 13.84,
            "equity": 45850799,
            "current_ratio": 92.43,
            "debt_ratio": 63.32,
            "inventory_turnover_ratio": null,
            "account_receivable_turnover_ratio": null,
            "reinvestment_rate": null,
            "research_to_sale_ratio": null,
            "price_fair": 51.1,
            "eps_avg_yearly": 1.46,
            "eps_latest_yearly": 1.88,
            "eps_growth_yearly": 213.8
        },
        "20044": {
            "year_quarter": 20044,
            "year": 2004,
            "quarter": 4,
            "eps": 0.19,
            "eps_growth_year": -77.65,
            "eps_4q": 1.07,
            "eps_4q_growth_year": 93.73,
            "roe": 1.29,
            "roe_4q": 7.779999999999999,
            "gross_profit": 3036141,
            "gross_margin": 13.46,
            "gross_margin_4q_avg": 13.92,
            "net_income": 573217,
            "revenue": 22551425,
            "common_shares": 32714259,
            "book_valuer_per_share": 13.18,
            "book_valuer_per_share_4q_avg": 13.67,
            "equity": 43108212,
            "current_ratio": 75.83,
            "debt_ratio": 63.38,
            "inventory_turnover_ratio": null,
            "account_receivable_turnover_ratio": null,
            "reinvestment_rate": null,
            "research_to_sale_ratio": null,
            "price_fair": 48.38,
            "eps_avg_yearly": 1.38,
            "eps_latest_yearly": 0.76,
            "eps_growth_yearly": 163.57
        },
        "20051": {
            "year_quarter": 20051,
            "year": 2005,
            "quarter": 1,
            "eps": 0.16,
            "eps_growth_year": -40.74,
            "eps_4q": 0.9,
            "eps_4q_growth_year": 44.52,
            "roe": 1.23,
            "roe_4q": 7.07,
            "gross_profit": 2709933,
            "gross_margin": 13.2,
            "gross_margin_4q_avg": 13.5,
            "net_income": 535500,
            "revenue": 20526753,
            "common_shares": 33043896,
            "book_valuer_per_share": 13.35,
            "book_valuer_per_share_4q_avg": 13.61,
            "equity": 44117007,
            "current_ratio": 80.47,
            "debt_ratio": 62.2,
            "inventory_turnover_ratio": null,
            "account_receivable_turnover_ratio": null,
            "reinvestment_rate": null,
            "research_to_sale_ratio": null,
            "price_fair": 45.78,
            "eps_avg_yearly": 1.31,
            "eps_latest_yearly": 0.64,
            "eps_growth_yearly": 140.9
        },
        "20052": {
            "year_quarter": 20052,
            "year": 2005,
            "quarter": 2,
            "eps": 0.02,
            "eps_growth_year": -88.89,
            "eps_4q": 0.95,
            "eps_4q_growth_year": -35.73,
            "roe": 0.12,
            "roe_4q": 5.880000000000001,
            "gross_profit": 1525294,
            "gross_margin": 7.32,
            "gross_margin_4q_avg": 12.5,
            "net_income": 53937,
            "revenue": 20825340,
            "common_shares": 33567445,
            "book_valuer_per_share": 12.8,
            "book_valuer_per_share_4q_avg": 13.34,
            "equity": 42968428,
            "current_ratio": 77.86,
            "debt_ratio": 63.88,
            "inventory_turnover_ratio": null,
            "account_receivable_turnover_ratio": null,
            "reinvestment_rate": null,
            "research_to_sale_ratio": null,
            "price_fair": 41.87,
            "eps_avg_yearly": 1.2,
            "eps_latest_yearly": 0.08,
            "eps_growth_yearly": 96.27
        },
        "20053": {
            "year_quarter": 20053,
            "year": 2005,
            "quarter": 3,
            "eps": 0.24,
            "eps_growth_year": -48.94,
            "eps_4q": 0.6,
            "eps_4q_growth_year": -63.09,
            "roe": 1.77,
            "roe_4q": 4.41,
            "gross_profit": 2039634,
            "gross_margin": 8.77,
            "gross_margin_4q_avg": 10.69,
            "net_income": 782392,
            "revenue": 23259847,
            "common_shares": 33896674,
            "book_valuer_per_share": 13.34,
            "book_valuer_per_share_4q_avg": 13.17,
            "equity": 45214039,
            "current_ratio": 90.85,
            "debt_ratio": 63.42,
            "inventory_turnover_ratio": null,
            "account_receivable_turnover_ratio": null,
            "reinvestment_rate": null,
            "research_to_sale_ratio": null,
            "price_fair": 41.18,
            "eps_avg_yearly": 1.18,
            "eps_latest_yearly": 0.96,
            "eps_growth_yearly": 454.91
        },
        "20054": {
            "year_quarter": 20054,
            "year": 2005,
            "quarter": 4,
            "eps": -0.01,
            "eps_growth_year": -105.26,
            "eps_4q": 0.31,
            "eps_4q_growth_year": -71.08,
            "roe": -0.1,
            "roe_4q": 3.02,
            "gross_profit": 1384889,
            "gross_margin": 5.79,
            "gross_margin_4q_avg": 8.77,
            "net_income": -45769,
            "revenue": 23906309,
            "common_shares": 33898869,
            "book_valuer_per_share": 12.97,
            "book_valuer_per_share_4q_avg": 13.12,
            "equity": 46521933,
            "current_ratio": 91.36,
            "debt_ratio": 65.97,
            "inventory_turnover_ratio": 1265.43,
            "account_receivable_turnover_ratio": null,
            "reinvestment_rate": 171,
            "research_to_sale_ratio": null,
            "price_fair": 41.18,
            "eps_avg_yearly": 1.18,
            "eps_latest_yearly": 0.96,
            "eps_growth_yearly": 454.91
        },
        "20061": {
            "year_quarter": 20061,
            "year": 2006,
            "quarter": 1,
            "eps": 0.07,
            "eps_growth_year": -56.25,
            "eps_4q": 0.31,
            "eps_4q_growth_year": -65.19,
            "roe": 0.48,
            "roe_4q": 2.27,
            "gross_profit": 1062333,
            "gross_margin": 4.69,
            "gross_margin_4q_avg": 6.64,
            "net_income": 225919,
            "revenue": 22650043,
            "common_shares": 37498869,
            "book_valuer_per_share": 12.8,
            "book_valuer_per_share_4q_avg": 12.98,
            "equity": 47995744,
            "current_ratio": 95.58,
            "debt_ratio": 63.61,
            "inventory_turnover_ratio": 1212.96,
            "account_receivable_turnover_ratio": null,
            "reinvestment_rate": 111.6,
            "research_to_sale_ratio": null,
            "price_fair": 41.18,
            "eps_avg_yearly": 1.18,
            "eps_latest_yearly": 0.96,
            "eps_growth_yearly": 454.91
        },
        "20062": {
            "year_quarter": 20062,
            "year": 2006,
            "quarter": 2,
            "eps": -0.3,
            "eps_growth_year": -1600,
            "eps_4q": -0.03,
            "eps_4q_growth_year": -103.04,
            "roe": -2.28,
            "roe_4q": -0.1299999999999999,
            "gross_profit": -330722,
            "gross_margin": -1.47,
            "gross_margin_4q_avg": 4.45,
            "net_income": -1070934,
            "revenue": 22476751,
            "common_shares": 37498869,
            "book_valuer_per_share": 12.21,
            "book_valuer_per_share_4q_avg": 12.83,
            "equity": 45781212,
            "current_ratio": 94.07,
            "debt_ratio": 66.48,
            "inventory_turnover_ratio": null,
            "account_receivable_turnover_ratio": null,
            "reinvestment_rate": 235.72,
            "research_to_sale_ratio": null,
            "price_fair": 43.27,
            "eps_avg_yearly": 1.24,
            "eps_latest_yearly": 0.96,
            "eps_growth_yearly": 510.12
        },
        "20063": {
            "year_quarter": 20063,
            "year": 2006,
            "quarter": 3,
            "eps": -0.4,
            "eps_growth_year": -266.67,
            "eps_4q": -0.61,
            "eps_4q_growth_year": -202.16,
            "roe": -3.18,
            "roe_4q": -5.08,
            "gross_profit": 1014350,
            "gross_margin": 4.09,
            "gross_margin_4q_avg": 3.28,
            "net_income": -1471032,
            "revenue": 24822101,
            "common_shares": 38749794,
            "book_valuer_per_share": 12.09,
            "book_valuer_per_share_4q_avg": 12.52,
            "equity": 46830733,
            "current_ratio": 87,
            "debt_ratio": 65.52,
            "inventory_turnover_ratio": null,
            "account_receivable_turnover_ratio": null,
            "reinvestment_rate": 343.47,
            "research_to_sale_ratio": null,
            "price_fair": 39.34,
            "eps_avg_yearly": 1.12,
            "eps_latest_yearly": 0.96,
            "eps_growth_yearly": 419.6
        },
        "20064": {
            "year_quarter": 20064,
            "year": 2006,
            "quarter": 4,
            "eps": 0.17,
            "eps_growth_year": null,
            "eps_4q": -0.46,
            "eps_4q_growth_year": -246.54,
            "roe": 1.32,
            "roe_4q": -3.6599999999999997,
            "gross_profit": 1822955,
            "gross_margin": 7.61,
            "gross_margin_4q_avg": 3.73,
            "net_income": 629462,
            "revenue": 23954669,
            "common_shares": 38749794,
            "book_valuer_per_share": 11.91,
            "book_valuer_per_share_4q_avg": 12.25,
            "equity": 48887352,
            "current_ratio": 101.6,
            "debt_ratio": 66.83,
            "inventory_turnover_ratio": 1413.76,
            "account_receivable_turnover_ratio": null,
            "reinvestment_rate": 606.86,
            "research_to_sale_ratio": null,
            "price_fair": 39.67,
            "eps_avg_yearly": 1.13,
            "eps_latest_yearly": 0.96,
            "eps_growth_yearly": 491.08
        },
        "20071": {
            "year_quarter": 20071,
            "year": 2007,
            "quarter": 1,
            "eps": -0.09,
            "eps_growth_year": -228.57,
            "eps_4q": -0.61,
            "eps_4q_growth_year": -293.54,
            "roe": -0.7,
            "roe_4q": -4.84,
            "gross_profit": 1180513,
            "gross_margin": 5.25,
            "gross_margin_4q_avg": 3.87,
            "net_income": -331296,
            "revenue": 22494841,
            "common_shares": 38749794,
            "book_valuer_per_share": 11.96,
            "book_valuer_per_share_4q_avg": 12.04,
            "equity": 46358333,
            "current_ratio": 91.9,
            "debt_ratio": 67.06,
            "inventory_turnover_ratio": 1361.55,
            "account_receivable_turnover_ratio": null,
            "reinvestment_rate": 602.63,
            "research_to_sale_ratio": null,
            "price_fair": 41.65,
            "eps_avg_yearly": 1.19,
            "eps_latest_yearly": 0.96,
            "eps_growth_yearly": 569.77
        },
        "20072": {
            "year_quarter": 20072,
            "year": 2007,
            "quarter": 2,
            "eps": -0.35,
            "eps_growth_year": null,
            "eps_4q": -0.65,
            "eps_4q_growth_year": null,
            "roe": -2.98,
            "roe_4q": -5.539999999999999,
            "gross_profit": 259371,
            "gross_margin": 1.18,
            "gross_margin_4q_avg": 4.53,
            "net_income": -1357113,
            "revenue": 22013478,
            "common_shares": 38749794,
            "book_valuer_per_share": 11.55,
            "book_valuer_per_share_4q_avg": 11.88,
            "equity": 44737184,
            "current_ratio": 90.54,
            "debt_ratio": 68.97,
            "inventory_turnover_ratio": null,
            "account_receivable_turnover_ratio": null,
            "reinvestment_rate": 614.31,
            "research_to_sale_ratio": null,
            "price_fair": 41.65,
            "eps_avg_yearly": 1.19,
            "eps_latest_yearly": 0.96,
            "eps_growth_yearly": 569.77
        },
        "20073": {
            "year_quarter": 20073,
            "year": 2007,
            "quarter": 3,
            "eps": 0.2,
            "eps_growth_year": null,
            "eps_4q": -0.07,
            "eps_4q_growth_year": null,
            "roe": 1.76,
            "roe_4q": -0.5999999999999999,
            "gross_profit": 2143181,
            "gross_margin": 8.85,
            "gross_margin_4q_avg": 5.72,
            "net_income": 792227,
            "revenue": 24221235,
            "common_shares": 38749794,
            "book_valuer_per_share": 11.69,
            "book_valuer_per_share_4q_avg": 11.78,
            "equity": 45279978,
            "current_ratio": 90.42,
            "debt_ratio": 68.82,
            "inventory_turnover_ratio": null,
            "account_receivable_turnover_ratio": null,
            "reinvestment_rate": 674.46,
            "research_to_sale_ratio": null,
            "price_fair": 41.65,
            "eps_avg_yearly": 1.19,
            "eps_latest_yearly": 0.96,
            "eps_growth_yearly": 569.77
        },
        "20074": {
            "year_quarter": 20074,
            "year": 2007,
            "quarter": 4,
            "eps": -0.25,
            "eps_growth_year": -247.06,
            "eps_4q": -0.57,
            "eps_4q_growth_year": null,
            "roe": -2.11,
            "roe_4q": -4.03,
            "gross_profit": 1001166,
            "gross_margin": 4.11,
            "gross_margin_4q_avg": 4.85,
            "net_income": -975736,
            "revenue": 24373577,
            "common_shares": 38749794,
            "book_valuer_per_share": 11.4,
            "book_valuer_per_share_4q_avg": 11.65,
            "equity": 47058096,
            "current_ratio": 97.64,
            "debt_ratio": 70.28,
            "inventory_turnover_ratio": 1683.35,
            "account_receivable_turnover_ratio": null,
            "reinvestment_rate": 4447.88,
            "research_to_sale_ratio": null,
            "price_fair": 30.6,
            "eps_avg_yearly": 0.87,
            "eps_latest_yearly": 0.96,
            "eps_growth_yearly": 569.53
        },
        "20081": {
            "year_quarter": 20081,
            "year": 2008,
            "quarter": 1,
            "eps": -0.59,
            "eps_growth_year": null,
            "eps_4q": -1.02,
            "eps_4q_growth_year": null,
            "roe": -4.97,
            "roe_4q": -8.3,
            "gross_profit": 325532,
            "gross_margin": 1.27,
            "gross_margin_4q_avg": 3.85,
            "net_income": -2220771,
            "revenue": 25666911,
            "common_shares": 39210563,
            "book_valuer_per_share": 10.02,
            "book_valuer_per_share_4q_avg": 11.17,
            "equity": 42237902,
            "current_ratio": 84.88,
            "debt_ratio": 72.42,
            "inventory_turnover_ratio": 888.22,
            "account_receivable_turnover_ratio": null,
            "reinvestment_rate": null,
            "research_to_sale_ratio": null,
            "price_fair": 29.4,
            "eps_avg_yearly": 0.84,
            "eps_latest_yearly": 0.96,
            "eps_growth_yearly": 709.94
        },
        "20082": {
            "year_quarter": 20082,
            "year": 2008,
            "quarter": 2,
            "eps": -0.94,
            "eps_growth_year": null,
            "eps_4q": -1.56,
            "eps_4q_growth_year": null,
            "roe": -8.92,
            "roe_4q": -14.24,
            "gross_profit": -1652777,
            "gross_margin": -6.9,
            "gross_margin_4q_avg": 1.83,
            "net_income": -3616064,
            "revenue": 23950573,
            "common_shares": 39426772,
            "book_valuer_per_share": 9.14,
            "book_valuer_per_share_4q_avg": 10.56,
            "equity": 38846586,
            "current_ratio": 92.88,
            "debt_ratio": 75.23,
            "inventory_turnover_ratio": 833.73,
            "account_receivable_turnover_ratio": null,
            "reinvestment_rate": null,
            "research_to_sale_ratio": null,
            "price_fair": 30.24,
            "eps_avg_yearly": 0.86,
            "eps_latest_yearly": 0.96,
            "eps_growth_yearly": 878.6
        },
        "20083": {
            "year_quarter": 20083,
            "year": 2008,
            "quarter": 3,
            "eps": -1.15,
            "eps_growth_year": -675,
            "eps_4q": -2.9,
            "eps_4q_growth_year": null,
            "roe": -11.76,
            "roe_4q": -27.759999999999998,
            "gross_profit": -176836,
            "gross_margin": -0.69,
            "gross_margin_4q_avg": -0.55,
            "net_income": -4441139,
            "revenue": 25610852,
            "common_shares": 39426772,
            "book_valuer_per_share": 8.58,
            "book_valuer_per_share_4q_avg": 9.79,
            "equity": 36707092,
            "current_ratio": 83.74,
            "debt_ratio": 76.73,
            "inventory_turnover_ratio": 930.11,
            "account_receivable_turnover_ratio": null,
            "reinvestment_rate": null,
            "research_to_sale_ratio": null,
            "price_fair": 21.35,
            "eps_avg_yearly": 0.61,
            "eps_latest_yearly": 0.96,
            "eps_growth_yearly": 937.14
        },
        "20084": {
            "year_quarter": 20084,
            "year": 2008,
            "quarter": 4,
            "eps": -1.63,
            "eps_growth_year": null,
            "eps_4q": -4.37,
            "eps_4q_growth_year": null,
            "roe": -19.34,
            "roe_4q": -44.99,
            "gross_profit": 1043809,
            "gross_margin": 4.7,
            "gross_margin_4q_avg": -0.41,
            "net_income": -6324750,
            "revenue": 22195282,
            "common_shares": 39426772,
            "book_valuer_per_share": 6.53,
            "book_valuer_per_share_4q_avg": 8.57,
            "equity": 28708776,
            "current_ratio": 62.3,
            "debt_ratio": 81.15,
            "inventory_turnover_ratio": 867.43,
            "account_receivable_turnover_ratio": 5.77,
            "reinvestment_rate": null,
            "research_to_sale_ratio": null,
            "price_fair": 19.6,
            "eps_avg_yearly": 0.56,
            "eps_latest_yearly": 0.96,
            "eps_growth_yearly": 1328.95
        },
        "20091": {
            "year_quarter": 20091,
            "year": 2009,
            "quarter": 1,
            "eps": 0.05,
            "eps_growth_year": null,
            "eps_4q": -2.88,
            "eps_4q_growth_year": null,
            "roe": 0.85,
            "roe_4q": -39.17,
            "gross_profit": 1733069,
            "gross_margin": 9.32,
            "gross_margin_4q_avg": 1.61,
            "net_income": 250200,
            "revenue": 18594170,
            "common_shares": 39426772,
            "book_valuer_per_share": 6.9,
            "book_valuer_per_share_4q_avg": 7.79,
            "equity": 30220881,
            "current_ratio": 61.21,
            "debt_ratio": 80.78,
            "inventory_turnover_ratio": 680.03,
            "account_receivable_turnover_ratio": 2.48,
            "reinvestment_rate": null,
            "research_to_sale_ratio": null,
            "price_fair": 18.2,
            "eps_avg_yearly": 0.52,
            "eps_latest_yearly": 0.96,
            "eps_growth_yearly": 2025
        },
        "20092": {
            "year_quarter": 20092,
            "year": 2009,
            "quarter": 2,
            "eps": -0.48,
            "eps_growth_year": null,
            "eps_4q": -3.2,
            "eps_4q_growth_year": null,
            "roe": -6.31,
            "roe_4q": -36.56,
            "gross_profit": -414058,
            "gross_margin": -2.32,
            "gross_margin_4q_avg": 2.75,
            "net_income": -1849962,
            "revenue": 17879176,
            "common_shares": 39426772,
            "book_valuer_per_share": 6.43,
            "book_valuer_per_share_4q_avg": 7.11,
            "equity": 28373751,
            "current_ratio": 69.11,
            "debt_ratio": 81.63,
            "inventory_turnover_ratio": 793.36,
            "account_receivable_turnover_ratio": 2.46,
            "reinvestment_rate": null,
            "research_to_sale_ratio": null,
            "price_fair": 33.6,
            "eps_avg_yearly": 0.96,
            "eps_latest_yearly": 0.96,
            "eps_growth_yearly": 4400
        },
        "20093": {
            "year_quarter": 20093,
            "year": 2009,
            "quarter": 3,
            "eps": -0.95,
            "eps_growth_year": null,
            "eps_4q": -3.48,
            "eps_4q_growth_year": null,
            "roe": -6.91,
            "roe_4q": -31.71,
            "gross_profit": 628078,
            "gross_margin": 3,
            "gross_margin_4q_avg": 3.68,
            "net_income": -2137161,
            "revenue": 20937317,
            "common_shares": 29626772,
            "book_valuer_per_share": 10.26,
            "book_valuer_per_share_4q_avg": 7.53,
            "equity": 33510357,
            "current_ratio": 67.79,
            "debt_ratio": 78.83,
            "inventory_turnover_ratio": 939.63,
            "account_receivable_turnover_ratio": 2.72,
            "reinvestment_rate": null,
            "research_to_sale_ratio": null,
            "price_fair": 0,
            "eps_avg_yearly": 0,
            "eps_latest_yearly": 0,
            "eps_growth_yearly": 0
        },
        "20094": {
            "year_quarter": 20094,
            "year": 2009,
            "quarter": 4,
            "eps": 0.42,
            "eps_growth_year": null,
            "eps_4q": -0.96,
            "eps_4q_growth_year": null,
            "roe": 3.35,
            "roe_4q": -9.02,
            "gross_profit": 2754236,
            "gross_margin": 11.44,
            "gross_margin_4q_avg": 5.36,
            "net_income": 1151917,
            "revenue": 24085666,
            "common_shares": 29626772,
            "book_valuer_per_share": 10.81,
            "book_valuer_per_share_4q_avg": 8.6,
            "equity": 35249351,
            "current_ratio": 81.93,
            "debt_ratio": 77.97,
            "inventory_turnover_ratio": 3.66,
            "account_receivable_turnover_ratio": 5.32,
            "reinvestment_rate": null,
            "research_to_sale_ratio": null,
            "price_fair": 0,
            "eps_avg_yearly": 0,
            "eps_latest_yearly": 0,
            "eps_growth_yearly": 0
        },
        "20101": {
            "year_quarter": 20101,
            "year": 2010,
            "quarter": 1,
            "eps": 0.42,
            "eps_growth_year": 740,
            "eps_4q": -0.61,
            "eps_4q_growth_year": null,
            "roe": 3.81,
            "roe_4q": -6.06,
            "gross_profit": 3373843,
            "gross_margin": 13.37,
            "gross_margin_4q_avg": 6.37,
            "net_income": 1375607,
            "revenue": 25240676,
            "common_shares": 29626772,
            "book_valuer_per_share": 11.31,
            "book_valuer_per_share_4q_avg": 9.7,
            "equity": 36869058,
            "current_ratio": 92.96,
            "debt_ratio": 77.21,
            "inventory_turnover_ratio": 1.89,
            "account_receivable_turnover_ratio": 2.54,
            "reinvestment_rate": null,
            "research_to_sale_ratio": null,
            "price_fair": 16.8,
            "eps_avg_yearly": 1.68,
            "eps_latest_yearly": 1.68,
            "eps_growth_yearly": 0
        },
        "20102": {
            "year_quarter": 20102,
            "year": 2010,
            "quarter": 2,
            "eps": 1.34,
            "eps_growth_year": null,
            "eps_4q": 1.37,
            "eps_4q_growth_year": null,
            "roe": 10.4,
            "roe_4q": 10.650000000000002,
            "gross_profit": 6024057,
            "gross_margin": 20.85,
            "gross_margin_4q_avg": 12.17,
            "net_income": 4083810,
            "revenue": 28892524,
            "common_shares": 29626772,
            "book_valuer_per_share": 12.95,
            "book_valuer_per_share_4q_avg": 11.33,
            "equity": 41683371,
            "current_ratio": 92.96,
            "debt_ratio": 74.25,
            "inventory_turnover_ratio": 1.94,
            "account_receivable_turnover_ratio": 2.65,
            "reinvestment_rate": null,
            "research_to_sale_ratio": null,
            "price_fair": 123.2,
            "eps_avg_yearly": 3.52,
            "eps_latest_yearly": 5.36,
            "eps_growth_yearly": 438.1
        },
        "20103": {
            "year_quarter": 20103,
            "year": 2010,
            "quarter": 3,
            "eps": 1.97,
            "eps_growth_year": null,
            "eps_4q": 4.09,
            "eps_4q_growth_year": null,
            "roe": 13.53,
            "roe_4q": 31.09,
            "gross_profit": 8209996,
            "gross_margin": 26.21,
            "gross_margin_4q_avg": 17.97,
            "net_income": 5962777,
            "revenue": 31322921,
            "common_shares": 29626772,
            "book_valuer_per_share": 14.5,
            "book_valuer_per_share_4q_avg": 12.39,
            "equity": 46427136,
            "current_ratio": 103.46,
            "debt_ratio": 70.69,
            "inventory_turnover_ratio": 1.97,
            "account_receivable_turnover_ratio": 2.8,
            "reinvestment_rate": null,
            "research_to_sale_ratio": null,
            "price_fair": 174.07,
            "eps_avg_yearly": 4.97,
            "eps_latest_yearly": 7.88,
            "eps_growth_yearly": 354.75
        },
        "20104": {
            "year_quarter": 20104,
            "year": 2010,
            "quarter": 4,
            "eps": 0.33,
            "eps_growth_year": -22.03,
            "eps_4q": 4.06,
            "eps_4q_growth_year": null,
            "roe": 2.21,
            "roe_4q": 29.95,
            "gross_profit": 3949832,
            "gross_margin": 13.81,
            "gross_margin_4q_avg": 18.56,
            "net_income": 1001654,
            "revenue": 28598332,
            "common_shares": 29626772,
            "book_valuer_per_share": 13.72,
            "book_valuer_per_share_4q_avg": 13.12,
            "equity": 44105300,
            "current_ratio": 108.84,
            "debt_ratio": 72.21,
            "inventory_turnover_ratio": 2.05,
            "account_receivable_turnover_ratio": 2.59,
            "reinvestment_rate": null,
            "research_to_sale_ratio": null,
            "price_fair": 142.1,
            "eps_avg_yearly": 4.06,
            "eps_latest_yearly": 1.32,
            "eps_growth_yearly": 182.81
        },
        "20111": {
            "year_quarter": 20111,
            "year": 2011,
            "quarter": 1,
            "eps": 0.09,
            "eps_growth_year": -78.57,
            "eps_4q": 3.73,
            "eps_4q_growth_year": null,
            "roe": 0.94,
            "roe_4q": 27.08,
            "gross_profit": 2857583,
            "gross_margin": 10.56,
            "gross_margin_4q_avg": 17.86,
            "net_income": 416638,
            "revenue": 27072445,
            "common_shares": 29626772,
            "book_valuer_per_share": 13.75,
            "book_valuer_per_share_4q_avg": 13.73,
            "equity": 44344994,
            "current_ratio": 109.26,
            "debt_ratio": 71.68,
            "inventory_turnover_ratio": 2.01,
            "account_receivable_turnover_ratio": 2.44,
            "reinvestment_rate": null,
            "research_to_sale_ratio": null,
            "price_fair": 116.2,
            "eps_avg_yearly": 3.32,
            "eps_latest_yearly": 0.36,
            "eps_growth_yearly": 88.07
        },
        "20112": {
            "year_quarter": 20112,
            "year": 2011,
            "quarter": 2,
            "eps": 0.02,
            "eps_growth_year": -98.54,
            "eps_4q": 2.19,
            "eps_4q_growth_year": 59.73,
            "roe": 0.52,
            "roe_4q": 17.2,
            "gross_profit": 2659192,
            "gross_margin": 9.28,
            "gross_margin_4q_avg": 14.97,
            "net_income": 219696,
            "revenue": 28642277,
            "common_shares": 29626772,
            "book_valuer_per_share": 12.36,
            "book_valuer_per_share_4q_avg": 13.58,
            "equity": 40150044,
            "current_ratio": 101.13,
            "debt_ratio": 73.34,
            "inventory_turnover_ratio": 2.18,
            "account_receivable_turnover_ratio": 2.58,
            "reinvestment_rate": null,
            "research_to_sale_ratio": null,
            "price_fair": 87.68,
            "eps_avg_yearly": 2.78,
            "eps_latest_yearly": 0.08,
            "eps_growth_yearly": 21.54
        },
        "20113": {
            "year_quarter": 20113,
            "year": 2011,
            "quarter": 3,
            "eps": 0.39,
            "eps_growth_year": -80.36,
            "eps_4q": 0.79,
            "eps_4q_growth_year": -80.76,
            "roe": 3.4,
            "roe_4q": 7.069999999999999,
            "gross_profit": 3712718,
            "gross_margin": 12.18,
            "gross_margin_4q_avg": 11.46,
            "net_income": 1431125,
            "revenue": 30480808,
            "common_shares": 32589450,
            "book_valuer_per_share": 12.35,
            "book_valuer_per_share_4q_avg": 13.05,
            "equity": 43966789,
            "current_ratio": 116.7,
            "debt_ratio": 70.89,
            "inventory_turnover_ratio": 2.23,
            "account_receivable_turnover_ratio": 2.92,
            "reinvestment_rate": null,
            "research_to_sale_ratio": null,
            "price_fair": 91.2,
            "eps_avg_yearly": 2.61,
            "eps_latest_yearly": 1.56,
            "eps_growth_yearly": 1075.61
        },
        "20114": {
            "year_quarter": 20114,
            "year": 2011,
            "quarter": 4,
            "eps": -0.42,
            "eps_growth_year": -229.59,
            "eps_4q": 0.06,
            "eps_4q_growth_year": -98.42,
            "roe": -3.08,
            "roe_4q": 1.7799999999999998,
            "gross_profit": 1025811,
            "gross_margin": 3.74,
            "gross_margin_4q_avg": 8.94,
            "net_income": -1316526,
            "revenue": 27423843,
            "common_shares": 32589450,
            "book_valuer_per_share": 11.62,
            "book_valuer_per_share_4q_avg": 12.52,
            "equity": 41645924,
            "current_ratio": 126.18,
            "debt_ratio": 72.49,
            "inventory_turnover_ratio": 2.11,
            "account_receivable_turnover_ratio": 2.8,
            "reinvestment_rate": null,
            "research_to_sale_ratio": null,
            "price_fair": 91.2,
            "eps_avg_yearly": 2.61,
            "eps_latest_yearly": 1.56,
            "eps_growth_yearly": 1075.61
        },
        "20121": {
            "year_quarter": 20121,
            "year": 2012,
            "quarter": 1,
            "eps": -0.33,
            "eps_growth_year": -466.67,
            "eps_4q": -0.35,
            "eps_4q_growth_year": -109.39,
            "roe": -2.37,
            "roe_4q": -1.5300000000000002,
            "gross_profit": 1711660,
            "gross_margin": 5.92,
            "gross_margin_4q_avg": 7.78,
            "net_income": -961437,
            "revenue": 28905420,
            "common_shares": 32589450,
            "book_valuer_per_share": 10.96,
            "book_valuer_per_share_4q_avg": 11.82,
            "equity": 39619342,
            "current_ratio": 120.8,
            "debt_ratio": 73.27,
            "inventory_turnover_ratio": 2.04,
            "account_receivable_turnover_ratio": 2.8,
            "reinvestment_rate": null,
            "research_to_sale_ratio": null,
            "price_fair": 91.2,
            "eps_avg_yearly": 2.61,
            "eps_latest_yearly": 1.56,
            "eps_growth_yearly": 1075.61
        },
        "20122": {
            "year_quarter": 20122,
            "year": 2012,
            "quarter": 2,
            "eps": 0.06,
            "eps_growth_year": 211.58,
            "eps_4q": -0.31,
            "eps_4q_growth_year": -114.1,
            "roe": 0.88,
            "roe_4q": -1.1700000000000004,
            "gross_profit": 2922931,
            "gross_margin": 9.82,
            "gross_margin_4q_avg": 7.92,
            "net_income": 349163,
            "revenue": 29759056,
            "common_shares": 32589450,
            "book_valuer_per_share": 11.04,
            "book_valuer_per_share_4q_avg": 11.49,
            "equity": 39847897,
            "current_ratio": 133.53,
            "debt_ratio": 74.28,
            "inventory_turnover_ratio": 2.05,
            "account_receivable_turnover_ratio": 2.71,
            "reinvestment_rate": null,
            "research_to_sale_ratio": null,
            "price_fair": 91.2,
            "eps_avg_yearly": 2.61,
            "eps_latest_yearly": 1.56,
            "eps_growth_yearly": 1075.61
        },
        "20123": {
            "year_quarter": 20123,
            "year": 2012,
            "quarter": 3,
            "eps": 0.48,
            "eps_growth_year": 23.54,
            "eps_4q": -0.22,
            "eps_4q_growth_year": -127.68,
            "roe": 4.2,
            "roe_4q": -0.3700000000000001,
            "gross_profit": 4410770,
            "gross_margin": 13.87,
            "gross_margin_4q_avg": 8.34,
            "net_income": 1701520,
            "revenue": 31805509,
            "common_shares": 32589450,
            "book_valuer_per_share": 11.42,
            "book_valuer_per_share_4q_avg": 11.26,
            "equity": 41233669,
            "current_ratio": 141.48,
            "debt_ratio": 72.82,
            "inventory_turnover_ratio": 2.15,
            "account_receivable_turnover_ratio": 2.99,
            "reinvestment_rate": -310.06,
            "research_to_sale_ratio": null,
            "price_fair": 88.2,
            "eps_avg_yearly": 2.52,
            "eps_latest_yearly": 1.92,
            "eps_growth_yearly": 1291.15
        },
        "20124": {
            "year_quarter": 20124,
            "year": 2012,
            "quarter": 4,
            "eps": -0.05,
            "eps_growth_year": null,
            "eps_4q": 0.15,
            "eps_4q_growth_year": 141.12,
            "roe": -0.12,
            "roe_4q": 2.59,
            "gross_profit": 2539404,
            "gross_margin": 8.56,
            "gross_margin_4q_avg": 9.54,
            "net_income": -48163,
            "revenue": 29651031,
            "common_shares": 32589450,
            "book_valuer_per_share": 11.22,
            "book_valuer_per_share_4q_avg": 11.16,
            "equity": 40714511,
            "current_ratio": 131.15,
            "debt_ratio": 72.72,
            "inventory_turnover_ratio": 2.12,
            "account_receivable_turnover_ratio": 2.77,
            "reinvestment_rate": -138.17,
            "research_to_sale_ratio": null,
            "price_fair": 88.2,
            "eps_avg_yearly": 2.52,
            "eps_latest_yearly": 1.92,
            "eps_growth_yearly": 1291.15
        },
        "20131": {
            "year_quarter": 20131,
            "year": 2013,
            "quarter": 1,
            "eps": -0.28,
            "eps_growth_year": null,
            "eps_4q": 0.2,
            "eps_4q_growth_year": null,
            "roe": -1.95,
            "roe_4q": 3.0100000000000002,
            "gross_profit": 2146588,
            "gross_margin": 7.38,
            "gross_margin_4q_avg": 9.91,
            "net_income": -775895,
            "revenue": 29080135,
            "common_shares": 32589450,
            "book_valuer_per_share": 10.61,
            "book_valuer_per_share_4q_avg": 11.07,
            "equity": 38706940,
            "current_ratio": 109.8,
            "debt_ratio": 74.75,
            "inventory_turnover_ratio": 2.33,
            "account_receivable_turnover_ratio": 2.72,
            "reinvestment_rate": -158.09,
            "research_to_sale_ratio": null,
            "price_fair": 88.2,
            "eps_avg_yearly": 2.52,
            "eps_latest_yearly": 1.92,
            "eps_growth_yearly": 1291.15
        },
        "20132": {
            "year_quarter": 20132,
            "year": 2013,
            "quarter": 2,
            "eps": -0.06,
            "eps_growth_year": -198.24,
            "eps_4q": 0.09,
            "eps_4q_growth_year": null,
            "roe": -0.17,
            "roe_4q": 1.96,
            "gross_profit": 3154923,
            "gross_margin": 10.41,
            "gross_margin_4q_avg": 10.06,
            "net_income": -65673,
            "revenue": 30295700,
            "common_shares": 32589450,
            "book_valuer_per_share": 10.45,
            "book_valuer_per_share_4q_avg": 10.93,
            "equity": 38217727,
            "current_ratio": 115.17,
            "debt_ratio": 75.7,
            "inventory_turnover_ratio": 2.7,
            "account_receivable_turnover_ratio": 2.81,
            "reinvestment_rate": -112.79,
            "research_to_sale_ratio": null,
            "price_fair": 88.2,
            "eps_avg_yearly": 2.52,
            "eps_latest_yearly": 1.92,
            "eps_growth_yearly": 1291.15
        },
        "20133": {
            "year_quarter": 20133,
            "year": 2013,
            "quarter": 3,
            "eps": 0.54,
            "eps_growth_year": 13.17,
            "eps_4q": 0.16,
            "eps_4q_growth_year": null,
            "roe": 4.92,
            "roe_4q": 2.6799999999999997,
            "gross_profit": 4684201,
            "gross_margin": 14.09,
            "gross_margin_4q_avg": 10.11,
            "net_income": 1932077,
            "revenue": 33244731,
            "common_shares": 32589450,
            "book_valuer_per_share": 11.06,
            "book_valuer_per_share_4q_avg": 10.84,
            "equity": 40339843,
            "current_ratio": 120.9,
            "debt_ratio": 73.86,
            "inventory_turnover_ratio": 2.91,
            "account_receivable_turnover_ratio": 3.17,
            "reinvestment_rate": -92.21,
            "research_to_sale_ratio": null,
            "price_fair": 88.2,
            "eps_avg_yearly": 2.52,
            "eps_latest_yearly": 1.92,
            "eps_growth_yearly": 1291.15
        },
        "20134": {
            "year_quarter": 20134,
            "year": 2013,
            "quarter": 4,
            "eps": 0.02,
            "eps_growth_year": null,
            "eps_4q": 0.23,
            "eps_4q_growth_year": 48.3,
            "roe": 0.47,
            "roe_4q": 3.2699999999999996,
            "gross_profit": 2982020,
            "gross_margin": 9.45,
            "gross_margin_4q_avg": 10.33,
            "net_income": 189216,
            "revenue": 31543885,
            "common_shares": 32589450,
            "book_valuer_per_share": 11,
            "book_valuer_per_share_4q_avg": 10.78,
            "equity": 40257361,
            "current_ratio": 119.05,
            "debt_ratio": 73.64,
            "inventory_turnover_ratio": 3.11,
            "account_receivable_turnover_ratio": 3.28,
            "reinvestment_rate": -169.33,
            "research_to_sale_ratio": null,
            "price_fair": 78.71,
            "eps_avg_yearly": 2.25,
            "eps_latest_yearly": 0.08,
            "eps_growth_yearly": 1104.89
        },
        "20141": {
            "year_quarter": 20141,
            "year": 2014,
            "quarter": 1,
            "eps": -0.28,
            "eps_growth_year": null,
            "eps_4q": 0.23,
            "eps_4q_growth_year": 13.07,
            "roe": -1.96,
            "roe_4q": 3.26,
            "gross_profit": 2095252,
            "gross_margin": 6.89,
            "gross_margin_4q_avg": 10.21,
            "net_income": -781121,
            "revenue": 30392098,
            "common_shares": 32589450,
            "book_valuer_per_share": 10.73,
            "book_valuer_per_share_4q_avg": 10.81,
            "equity": 39537477,
            "current_ratio": 115.1,
            "debt_ratio": 73.84,
            "inventory_turnover_ratio": 3.42,
            "account_receivable_turnover_ratio": 3.03,
            "reinvestment_rate": -194.56,
            "research_to_sale_ratio": null,
            "price_fair": 81.2,
            "eps_avg_yearly": 2.32,
            "eps_latest_yearly": 0.08,
            "eps_growth_yearly": 1243.01
        },
        "20142": {
            "year_quarter": 20142,
            "year": 2014,
            "quarter": 2,
            "eps": 0.04,
            "eps_growth_year": null,
            "eps_4q": 0.32,
            "eps_4q_growth_year": 263.77,
            "roe": 0.6,
            "roe_4q": 4.03,
            "gross_profit": 3487603,
            "gross_margin": 10.92,
            "gross_margin_4q_avg": 10.34,
            "net_income": 237519,
            "revenue": 31938491,
            "common_shares": 32589450,
            "book_valuer_per_share": 10.84,
            "book_valuer_per_share_4q_avg": 10.91,
            "equity": 39841350,
            "current_ratio": 103.07,
            "debt_ratio": 75.27,
            "inventory_turnover_ratio": 3.52,
            "account_receivable_turnover_ratio": 3.05,
            "reinvestment_rate": -89.18,
            "research_to_sale_ratio": null,
            "price_fair": 66,
            "eps_avg_yearly": 1.89,
            "eps_latest_yearly": 0.08,
            "eps_growth_yearly": 1295.41
        },
        "20143": {
            "year_quarter": 20143,
            "year": 2014,
            "quarter": 3,
            "eps": 0.06,
            "eps_growth_year": -88.89,
            "eps_4q": -0.16,
            "eps_4q_growth_year": -202.66,
            "roe": 0.83,
            "roe_4q": -0.06000000000000005,
            "gross_profit": 4501016,
            "gross_margin": 12.57,
            "gross_margin_4q_avg": 9.96,
            "net_income": 338646,
            "revenue": 35820040,
            "common_shares": 32589450,
            "book_valuer_per_share": 11.18,
            "book_valuer_per_share_4q_avg": 10.94,
            "equity": 41630568,
            "current_ratio": 104.33,
            "debt_ratio": 74.89,
            "inventory_turnover_ratio": 3.87,
            "account_receivable_turnover_ratio": 3.29,
            "reinvestment_rate": -198.59,
            "research_to_sale_ratio": null,
            "price_fair": 27.8,
            "eps_avg_yearly": 0.79,
            "eps_latest_yearly": 0.24,
            "eps_growth_yearly": 1297.11
        },
        "20144": {
            "year_quarter": 20144,
            "year": 2014,
            "quarter": 4,
            "eps": -0.22,
            "eps_growth_year": -1083.16,
            "eps_4q": -0.4,
            "eps_4q_growth_year": -273.83,
            "roe": -1.44,
            "roe_4q": -1.97,
            "gross_profit": 2165129,
            "gross_margin": 6.2,
            "gross_margin_4q_avg": 9.15,
            "net_income": -584962,
            "revenue": 34939379,
            "common_shares": 32589450,
            "book_valuer_per_share": 10.52,
            "book_valuer_per_share_4q_avg": 10.82,
            "equity": 39677001,
            "current_ratio": 97.55,
            "debt_ratio": 76.32,
            "inventory_turnover_ratio": 4.2,
            "account_receivable_turnover_ratio": 3.02,
            "reinvestment_rate": -541.95,
            "research_to_sale_ratio": null,
            "price_fair": 24.73,
            "eps_avg_yearly": 0.71,
            "eps_latest_yearly": 0.24,
            "eps_growth_yearly": 1568.8
        },
        "20151": {
            "year_quarter": 20151,
            "year": 2015,
            "quarter": 1,
            "eps": 0.55,
            "eps_growth_year": null,
            "eps_4q": 0.42,
            "eps_4q_growth_year": 80.79,
            "roe": 4.66,
            "roe_4q": 4.6499999999999995,
            "gross_profit": 5296114,
            "gross_margin": 15.87,
            "gross_margin_4q_avg": 11.39,
            "net_income": 2141433,
            "revenue": 33374491,
            "common_shares": 38589450,
            "book_valuer_per_share": 12.11,
            "book_valuer_per_share_4q_avg": 11.16,
            "equity": 52149016,
            "current_ratio": 119.13,
            "debt_ratio": 71.86,
            "inventory_turnover_ratio": 3.68,
            "account_receivable_turnover_ratio": 2.93,
            "reinvestment_rate": 463.52,
            "research_to_sale_ratio": null,
            "price_fair": 27.16,
            "eps_avg_yearly": 0.78,
            "eps_latest_yearly": 0.24,
            "eps_growth_yearly": 1940.74
        },
        "20152": {
            "year_quarter": 20152,
            "year": 2015,
            "quarter": 2,
            "eps": 0.42,
            "eps_growth_year": 950,
            "eps_4q": 0.81,
            "eps_4q_growth_year": 151.39,
            "roe": 3.29,
            "roe_4q": 7.34,
            "gross_profit": 4907729,
            "gross_margin": 15.01,
            "gross_margin_4q_avg": 12.41,
            "net_income": 1758269,
            "revenue": 32686440,
            "common_shares": 38589450,
            "book_valuer_per_share": 12.74,
            "book_valuer_per_share_4q_avg": 11.64,
            "equity": 54586223,
            "current_ratio": 100.74,
            "debt_ratio": 70.83,
            "inventory_turnover_ratio": 3.62,
            "account_receivable_turnover_ratio": 2.97,
            "reinvestment_rate": 621.36,
            "research_to_sale_ratio": null,
            "price_fair": 38.36,
            "eps_avg_yearly": 1.1,
            "eps_latest_yearly": 1.68,
            "eps_growth_yearly": 1984.05
        },
        "20153": {
            "year_quarter": 20153,
            "year": 2015,
            "quarter": 3,
            "eps": 0.6,
            "eps_growth_year": 900,
            "eps_4q": 1.36,
            "eps_4q_growth_year": null,
            "roe": 4.49,
            "roe_4q": 11.000000000000002,
            "gross_profit": 5906898,
            "gross_margin": 16.4,
            "gross_margin_4q_avg": 13.37,
            "net_income": 2475178,
            "revenue": 36014470,
            "common_shares": 38589450,
            "book_valuer_per_share": 12.98,
            "book_valuer_per_share_4q_avg": 12.09,
            "equity": 55640316,
            "current_ratio": 102.77,
            "debt_ratio": 70.71,
            "inventory_turnover_ratio": 3.88,
            "account_receivable_turnover_ratio": 3.41,
            "reinvestment_rate": 377.67,
            "research_to_sale_ratio": null,
            "price_fair": 44.24,
            "eps_avg_yearly": 1.26,
            "eps_latest_yearly": 2.4,
            "eps_growth_yearly": 538.34
        },
        "20154": {
            "year_quarter": 20154,
            "year": 2015,
            "quarter": 4,
            "eps": 0.12,
            "eps_growth_year": null,
            "eps_4q": 1.67,
            "eps_4q_growth_year": null,
            "roe": 0.88,
            "roe_4q": 13.32,
            "gross_profit": 4128701,
            "gross_margin": 11.76,
            "gross_margin_4q_avg": 14.76,
            "net_income": 484330,
            "revenue": 35093143,
            "common_shares": 38589450,
            "book_valuer_per_share": 12.66,
            "book_valuer_per_share_4q_avg": 12.62,
            "equity": 54727522,
            "current_ratio": 100.01,
            "debt_ratio": 71.99,
            "inventory_turnover_ratio": 3.82,
            "account_receivable_turnover_ratio": 3.37,
            "reinvestment_rate": 264.17,
            "research_to_sale_ratio": null,
            "price_fair": 39.67,
            "eps_avg_yearly": 1.13,
            "eps_latest_yearly": 0.48,
            "eps_growth_yearly": 395.28
        },
        "20161": {
            "year_quarter": 20161,
            "year": 2016,
            "quarter": 1,
            "eps": 0.28,
            "eps_growth_year": -49.09,
            "eps_4q": 1.42,
            "eps_4q_growth_year": 239.93,
            "roe": 2.16,
            "roe_4q": 10.82,
            "gross_profit": 5072620,
            "gross_margin": 14.53,
            "gross_margin_4q_avg": 14.43,
            "net_income": 1201439,
            "revenue": 34906089,
            "common_shares": 38589450,
            "book_valuer_per_share": 13.11,
            "book_valuer_per_share_4q_avg": 12.87,
            "equity": 56611790,
            "current_ratio": 105.22,
            "debt_ratio": 71.62,
            "inventory_turnover_ratio": 3.65,
            "account_receivable_turnover_ratio": 3.2,
            "reinvestment_rate": 232.59,
            "research_to_sale_ratio": null,
            "price_fair": 39.6,
            "eps_avg_yearly": 1.13,
            "eps_latest_yearly": 1.12,
            "eps_growth_yearly": 415
        },
        "20162": {
            "year_quarter": 20162,
            "year": 2016,
            "quarter": 2,
            "eps": 0.32,
            "eps_growth_year": -23.81,
            "eps_4q": 1.26,
            "eps_4q_growth_year": 54.46,
            "roe": 2.44,
            "roe_4q": 9.969999999999999,
            "gross_profit": 4798619,
            "gross_margin": 13.92,
            "gross_margin_4q_avg": 14.15,
            "net_income": 1393796,
            "revenue": 34468468,
            "common_shares": 38589450,
            "book_valuer_per_share": 13.45,
            "book_valuer_per_share_4q_avg": 13.05,
            "equity": 57827487,
            "current_ratio": 89.09,
            "debt_ratio": 71.29,
            "inventory_turnover_ratio": 3.57,
            "account_receivable_turnover_ratio": 2.98,
            "reinvestment_rate": 284.41,
            "research_to_sale_ratio": null,
            "price_fair": 40.25,
            "eps_avg_yearly": 1.15,
            "eps_latest_yearly": 1.28,
            "eps_growth_yearly": 370.27
        },
        "20163": {
            "year_quarter": 20163,
            "year": 2016,
            "quarter": 3,
            "eps": 0.58,
            "eps_growth_year": -3.33,
            "eps_4q": 1.26,
            "eps_4q_growth_year": -7.32,
            "roe": 4.25,
            "roe_4q": 9.73,
            "gross_profit": 6138980,
            "gross_margin": 15.79,
            "gross_margin_4q_avg": 14,
            "net_income": 2521407,
            "revenue": 38887294,
            "common_shares": 40518923,
            "book_valuer_per_share": 13.5,
            "book_valuer_per_share_4q_avg": 13.18,
            "equity": 60783295,
            "current_ratio": 96.7,
            "debt_ratio": 69.83,
            "inventory_turnover_ratio": 3.97,
            "account_receivable_turnover_ratio": 3.3,
            "reinvestment_rate": 287.62,
            "research_to_sale_ratio": null,
            "price_fair": 42,
            "eps_avg_yearly": 1.2,
            "eps_latest_yearly": 2.32,
            "eps_growth_yearly": 60.9
        },
        "20164": {
            "year_quarter": 20164,
            "year": 2016,
            "quarter": 4,
            "eps": -0.29,
            "eps_growth_year": -344.74,
            "eps_4q": 0.86,
            "eps_4q_growth_year": -48.57,
            "roe": -1.94,
            "roe_4q": 6.91,
            "gross_profit": 3066432,
            "gross_margin": 8.42,
            "gross_margin_4q_avg": 13.17,
            "net_income": -1162975,
            "revenue": 36417814,
            "common_shares": 40518923,
            "book_valuer_per_share": 13.16,
            "book_valuer_per_share_4q_avg": 13.31,
            "equity": 59336281,
            "current_ratio": 111.38,
            "debt_ratio": 72.74,
            "inventory_turnover_ratio": 4.03,
            "account_receivable_turnover_ratio": 3.15,
            "reinvestment_rate": 385.34,
            "research_to_sale_ratio": null,
            "price_fair": 42,
            "eps_avg_yearly": 1.2,
            "eps_latest_yearly": 2.32,
            "eps_growth_yearly": 60.9
        },
        "20171": {
            "year_quarter": 20171,
            "year": 2017,
            "quarter": 1,
            "eps": -0.18,
            "eps_growth_year": -164.29,
            "eps_4q": 0.41,
            "eps_4q_growth_year": -71.04,
            "roe": -0.99,
            "roe_4q": 3.7600000000000002,
            "gross_profit": 3424482,
            "gross_margin": 9,
            "gross_margin_4q_avg": 11.78,
            "net_income": -582947,
            "revenue": 38064697,
            "common_shares": 40518923,
            "book_valuer_per_share": 12.96,
            "book_valuer_per_share_4q_avg": 13.27,
            "equity": 58662579,
            "current_ratio": 108.65,
            "debt_ratio": 72.8,
            "inventory_turnover_ratio": 3.76,
            "account_receivable_turnover_ratio": 3.08,
            "reinvestment_rate": 340.94,
            "research_to_sale_ratio": null,
            "price_fair": 42,
            "eps_avg_yearly": 1.2,
            "eps_latest_yearly": 2.32,
            "eps_growth_yearly": 60.9
        },
        "20172": {
            "year_quarter": 20172,
            "year": 2017,
            "quarter": 2,
            "eps": 0.39,
            "eps_growth_year": 21.88,
            "eps_4q": 0.48,
            "eps_4q_growth_year": -61.64,
            "roe": 3.08,
            "roe_4q": 4.4,
            "gross_profit": 5128473,
            "gross_margin": 12.76,
            "gross_margin_4q_avg": 11.49,
            "net_income": 1818649,
            "revenue": 40200582,
            "common_shares": 40518923,
            "book_valuer_per_share": 13.14,
            "book_valuer_per_share_4q_avg": 13.19,
            "equity": 59394888,
            "current_ratio": 102.65,
            "debt_ratio": 72.11,
            "inventory_turnover_ratio": 3.57,
            "account_receivable_turnover_ratio": 2.98,
            "reinvestment_rate": 286.87,
            "research_to_sale_ratio": null,
            "price_fair": 42,
            "eps_avg_yearly": 1.2,
            "eps_latest_yearly": 2.32,
            "eps_growth_yearly": 60.9
        },
        "20173": {
            "year_quarter": 20173,
            "year": 2017,
            "quarter": 3,
            "eps": 1.08,
            "eps_growth_year": 86.21,
            "eps_4q": 1,
            "eps_4q_growth_year": -20.65,
            "roe": 7.57,
            "roe_4q": 7.720000000000001,
            "gross_profit": 7775831,
            "gross_margin": 18.01,
            "gross_margin_4q_avg": 12.05,
            "net_income": 4671870,
            "revenue": 43166421,
            "common_shares": 41734490,
            "book_valuer_per_share": 13.85,
            "book_valuer_per_share_4q_avg": 13.28,
            "equity": 64111843,
            "current_ratio": 105.24,
            "debt_ratio": 70.73,
            "inventory_turnover_ratio": 3.64,
            "account_receivable_turnover_ratio": 3.16,
            "reinvestment_rate": 292.54,
            "research_to_sale_ratio": null,
            "price_fair": 54.13,
            "eps_avg_yearly": 1.55,
            "eps_latest_yearly": 4.32,
            "eps_growth_yearly": 132.76
        },
        "20174": {
            "year_quarter": 20174,
            "year": 2017,
            "quarter": 4,
            "eps": 0.09,
            "eps_growth_year": null,
            "eps_4q": 1.38,
            "eps_4q_growth_year": 60.66,
            "roe": 0.63,
            "roe_4q": 10.290000000000001,
            "gross_profit": 4865142,
            "gross_margin": 11.55,
            "gross_margin_4q_avg": 12.83,
            "net_income": 403362,
            "revenue": 42130031,
            "common_shares": 41734490,
            "book_valuer_per_share": 13.9,
            "book_valuer_per_share_4q_avg": 13.46,
            "equity": 64209508,
            "current_ratio": 114.19,
            "debt_ratio": 71.86,
            "inventory_turnover_ratio": 3.97,
            "account_receivable_turnover_ratio": 3.05,
            "reinvestment_rate": 321.04,
            "research_to_sale_ratio": null,
            "price_fair": 55.22,
            "eps_avg_yearly": 1.58,
            "eps_latest_yearly": 0.36,
            "eps_growth_yearly": 134.82
        },
        "20181": {
            "year_quarter": 20181,
            "year": 2018,
            "quarter": 1,
            "eps": 0.34,
            "eps_growth_year": null,
            "eps_4q": 1.9,
            "eps_4q_growth_year": 360.23,
            "roe": 2.49,
            "roe_4q": 13.770000000000001,
            "gross_profit": 4829346,
            "gross_margin": 11.26,
            "gross_margin_4q_avg": 13.4,
            "net_income": 1621679,
            "revenue": 42878322,
            "common_shares": 41734490,
            "book_valuer_per_share": 14.27,
            "book_valuer_per_share_4q_avg": 13.79,
            "equity": 65951772,
            "current_ratio": 124.08,
            "debt_ratio": 71.89,
            "inventory_turnover_ratio": 5.35,
            "account_receivable_turnover_ratio": 2.79,
            "reinvestment_rate": 259.44,
            "research_to_sale_ratio": null,
            "price_fair": 54.46,
            "eps_avg_yearly": 1.56,
            "eps_latest_yearly": 1.36,
            "eps_growth_yearly": 232.45
        },
        "20182": {
            "year_quarter": 20182,
            "year": 2018,
            "quarter": 2,
            "eps": 0.46,
            "eps_growth_year": 17.95,
            "eps_4q": 1.88,
            "eps_4q_growth_year": 291.07,
            "roe": 3.24,
            "roe_4q": 13.93,
            "gross_profit": 5415316,
            "gross_margin": 12.15,
            "gross_margin_4q_avg": 13.24,
            "net_income": 2152272,
            "revenue": 44554750,
            "common_shares": 41734490,
            "book_valuer_per_share": 14.54,
            "book_valuer_per_share_4q_avg": 14.14,
            "equity": 67051049,
            "current_ratio": 123.21,
            "debt_ratio": 71.61,
            "inventory_turnover_ratio": 7.98,
            "account_receivable_turnover_ratio": 2.74,
            "reinvestment_rate": 180.3,
            "research_to_sale_ratio": null,
            "price_fair": 55.36,
            "eps_avg_yearly": 1.58,
            "eps_latest_yearly": 1.84,
            "eps_growth_yearly": 224.15
        },
        "20183": {
            "year_quarter": 20183,
            "year": 2018,
            "quarter": 3,
            "eps": 0.6,
            "eps_growth_year": -44.44,
            "eps_4q": 1.45,
            "eps_4q_growth_year": 44.92,
            "roe": 4.12,
            "roe_4q": 10.480000000000002,
            "gross_profit": 7080708,
            "gross_margin": 14.94,
            "gross_margin_4q_avg": 12.48,
            "net_income": 2818513,
            "revenue": 47379049,
            "common_shares": 43821215,
            "book_valuer_per_share": 14.44,
            "book_valuer_per_share_4q_avg": 14.29,
            "equity": 69785971,
            "current_ratio": 123.42,
            "debt_ratio": 70.41,
            "inventory_turnover_ratio": 8.03,
            "account_receivable_turnover_ratio": 3,
            "reinvestment_rate": 181.09,
            "research_to_sale_ratio": null,
            "price_fair": 62.24,
            "eps_avg_yearly": 1.78,
            "eps_latest_yearly": 2.4,
            "eps_growth_yearly": 217.04
        },
        "20184": {
            "year_quarter": 20184,
            "year": 2018,
            "quarter": 4,
            "eps": 0.13,
            "eps_growth_year": 40.59,
            "eps_4q": 1.49,
            "eps_4q_growth_year": 7.93,
            "roe": 0.89,
            "roe_4q": 10.74,
            "gross_profit": 4792320,
            "gross_margin": 10.63,
            "gross_margin_4q_avg": 12.25,
            "net_income": 622049,
            "revenue": 45095211,
            "common_shares": 43821215,
            "book_valuer_per_share": 14.45,
            "book_valuer_per_share_4q_avg": 14.43,
            "equity": 70119735,
            "current_ratio": 124.74,
            "debt_ratio": 70.93,
            "inventory_turnover_ratio": 8.08,
            "account_receivable_turnover_ratio": 2.81,
            "reinvestment_rate": 190.5,
            "research_to_sale_ratio": null,
            "price_fair": 58.57,
            "eps_avg_yearly": 1.67,
            "eps_latest_yearly": 0.52,
            "eps_growth_yearly": 172.84
        },
        "20191": {
            "year_quarter": 20191,
            "year": 2019,
            "quarter": 1,
            "eps": 0.41,
            "eps_growth_year": 20.59,
            "eps_4q": 1.5,
            "eps_4q_growth_year": -20.84,
            "roe": 2.88,
            "roe_4q": 11.13,
            "gross_profit": 7002903,
            "gross_margin": 15.8,
            "gross_margin_4q_avg": 13.38,
            "net_income": 2102490,
            "revenue": 44312727,
            "common_shares": 46821215,
            "book_valuer_per_share": 14.8,
            "book_valuer_per_share_4q_avg": 14.56,
            "equity": 76010131,
            "current_ratio": 116.42,
            "debt_ratio": 78.46,
            "inventory_turnover_ratio": 7.98,
            "account_receivable_turnover_ratio": 2.89,
            "reinvestment_rate": 61.9,
            "research_to_sale_ratio": null,
            "price_fair": 58.48,
            "eps_avg_yearly": 1.67,
            "eps_latest_yearly": 1.64,
            "eps_growth_yearly": 225.82
        },
        "20192": {
            "year_quarter": 20192,
            "year": 2019,
            "quarter": 2,
            "eps": 0.01,
            "eps_growth_year": -97.83,
            "eps_4q": 1.06,
            "eps_4q_growth_year": -43.6,
            "roe": 0.38,
            "roe_4q": 8.27,
            "gross_profit": 4479449,
            "gross_margin": 10.21,
            "gross_margin_4q_avg": 12.9,
            "net_income": 284757,
            "revenue": 43864832,
            "common_shares": 47129507,
            "book_valuer_per_share": 14.15,
            "book_valuer_per_share_4q_avg": 14.46,
            "equity": 73214098,
            "current_ratio": 102.02,
            "debt_ratio": 79.42,
            "inventory_turnover_ratio": 9.71,
            "account_receivable_turnover_ratio": 3.24,
            "reinvestment_rate": 64.62,
            "research_to_sale_ratio": null,
            "price_fair": 54.06,
            "eps_avg_yearly": 1.54,
            "eps_latest_yearly": 0.04,
            "eps_growth_yearly": 203.07
        },
        "20193": {
            "year_quarter": 20193,
            "year": 2019,
            "quarter": 3,
            "eps": 0.26,
            "eps_growth_year": -56.67,
            "eps_4q": 0.78,
            "eps_4q_growth_year": -46.31,
            "roe": 2,
            "roe_4q": 6.1499999999999995,
            "gross_profit": 5734779,
            "gross_margin": 12.6,
            "gross_margin_4q_avg": 12.31,
            "net_income": 1478989,
            "revenue": 45528073,
            "common_shares": 48535695,
            "book_valuer_per_share": 14.02,
            "book_valuer_per_share_4q_avg": 14.36,
            "equity": 74784468,
            "current_ratio": 100.31,
            "debt_ratio": 79.71,
            "inventory_turnover_ratio": 10.96,
            "account_receivable_turnover_ratio": 3.15,
            "reinvestment_rate": 96.31,
            "research_to_sale_ratio": null,
            "price_fair": 50.4,
            "eps_avg_yearly": 1.44,
            "eps_latest_yearly": 1.04,
            "eps_growth_yearly": 959.11
        },
        "20194": {
            "year_quarter": 20194,
            "year": 2019,
            "quarter": 4,
            "eps": 0.16,
            "eps_growth_year": 21.95,
            "eps_4q": 0.82,
            "eps_4q_growth_year": -44.84,
            "roe": 1.29,
            "roe_4q": 6.55,
            "gross_profit": 5610004,
            "gross_margin": 11.79,
            "gross_margin_4q_avg": 12.6,
            "net_income": 985639,
            "revenue": 47569626,
            "common_shares": 48535695,
            "book_valuer_per_share": 14.68,
            "book_valuer_per_share_4q_avg": 14.41,
            "equity": 78142016,
            "current_ratio": 93.64,
            "debt_ratio": 78.07,
            "inventory_turnover_ratio": 12.12,
            "account_receivable_turnover_ratio": 2.7,
            "reinvestment_rate": 120.24,
            "research_to_sale_ratio": null,
            "price_fair": 50.83,
            "eps_avg_yearly": 1.45,
            "eps_latest_yearly": 0.64,
            "eps_growth_yearly": 971.9
        },
        "20201": {
            "year_quarter": 20201,
            "year": 2020,
            "quarter": 1,
            "eps": -0.25,
            "eps_growth_year": -160.98,
            "eps_4q": 0.18,
            "eps_4q_growth_year": -88.31,
            "roe": -1.44,
            "roe_4q": 2.23,
            "gross_profit": 2659768,
            "gross_margin": 8.8,
            "gross_margin_4q_avg": 10.85,
            "net_income": -1094582,
            "revenue": 30233098,
            "common_shares": 48535695,
            "book_valuer_per_share": 13.76,
            "book_valuer_per_share_4q_avg": 14.15,
            "equity": 73795080,
            "current_ratio": 85.65,
            "debt_ratio": 78.25,
            "inventory_turnover_ratio": 8.01,
            "account_receivable_turnover_ratio": 2.01,
            "reinvestment_rate": 121.77,
            "research_to_sale_ratio": null,
            "price_fair": 51.8,
            "eps_avg_yearly": 1.48,
            "eps_latest_yearly": 0.64,
            "eps_growth_yearly": 1008.44
        },
        "20202": {
            "year_quarter": 20202,
            "year": 2020,
            "quarter": 2,
            "eps": -0.13,
            "eps_growth_year": -1400,
            "eps_4q": 0.04,
            "eps_4q_growth_year": -96.02,
            "roe": -0.95,
            "roe_4q": 0.9000000000000004,
            "gross_profit": 2583076,
            "gross_margin": 13.39,
            "gross_margin_4q_avg": 11.65,
            "net_income": -705895,
            "revenue": 19288932,
            "common_shares": 48535695,
            "book_valuer_per_share": 14.11,
            "book_valuer_per_share_4q_avg": 14.14,
            "equity": 74885389,
            "current_ratio": 99.6,
            "debt_ratio": 77.49,
            "inventory_turnover_ratio": 4.64,
            "account_receivable_turnover_ratio": 2.07,
            "reinvestment_rate": 73.83,
            "research_to_sale_ratio": null,
            "price_fair": 52.44,
            "eps_avg_yearly": 1.5,
            "eps_latest_yearly": 0.64,
            "eps_growth_yearly": 1094.92
        },
        "20203": {
            "year_quarter": 20203,
            "year": 2020,
            "quarter": 3,
            "eps": -0.37,
            "eps_growth_year": -242.31,
            "eps_4q": -0.59,
            "eps_4q_growth_year": -175.92,
            "roe": -2.37,
            "roe_4q": -3.4699999999999998,
            "gross_profit": 684706,
            "gross_margin": 3.72,
            "gross_margin_4q_avg": 9.43,
            "net_income": -1773816,
            "revenue": 18402985,
            "common_shares": 48535695,
            "book_valuer_per_share": 14.05,
            "book_valuer_per_share_4q_avg": 14.15,
            "equity": 74630515,
            "current_ratio": 108.78,
            "debt_ratio": 77.51,
            "inventory_turnover_ratio": 4.95,
            "account_receivable_turnover_ratio": 2.65,
            "reinvestment_rate": 116.16,
            "research_to_sale_ratio": null,
            "price_fair": 49.56,
            "eps_avg_yearly": 1.42,
            "eps_latest_yearly": 0.64,
            "eps_growth_yearly": 1171.92
        },
        "20204": {
            "year_quarter": 20204,
            "year": 2020,
            "quarter": 4,
            "eps": 0.06,
            "eps_growth_year": -63.45,
            "eps_4q": -0.69,
            "eps_4q_growth_year": -184.41,
            "roe": 0.39,
            "roe_4q": -4.369999999999999,
            "gross_profit": 2629555,
            "gross_margin": 12.45,
            "gross_margin_4q_avg": 9.59,
            "net_income": 297574,
            "revenue": 21123761,
            "common_shares": 48535695,
            "book_valuer_per_share": 14.59,
            "book_valuer_per_share_4q_avg": 14.13,
            "equity": 76659529,
            "current_ratio": 123.11,
            "debt_ratio": 76.74,
            "inventory_turnover_ratio": 5.49,
            "account_receivable_turnover_ratio": 3.19,
            "reinvestment_rate": 48.38,
            "research_to_sale_ratio": null,
            "price_fair": 49.56,
            "eps_avg_yearly": 1.42,
            "eps_latest_yearly": 0.64,
            "eps_growth_yearly": 1171.92
        },
        "20211": {
            "year_quarter": 20211,
            "year": 2021,
            "quarter": 1,
            "eps": -0.45,
            "eps_growth_year": null,
            "eps_4q": -0.87,
            "eps_4q_growth_year": -598.26,
            "roe": -2.89,
            "roe_4q": -5.82,
            "gross_profit": 499014,
            "gross_margin": 2.54,
            "gross_margin_4q_avg": 8.03,
            "net_income": -2199185,
            "revenue": 19678810,
            "common_shares": 49234980,
            "book_valuer_per_share": 14.03,
            "book_valuer_per_share_4q_avg": 14.2,
            "equity": 75456879,
            "current_ratio": 122.61,
            "debt_ratio": 76.84,
            "inventory_turnover_ratio": 6.03,
            "account_receivable_turnover_ratio": 2.85,
            "reinvestment_rate": 28.72,
            "research_to_sale_ratio": null,
            "price_fair": 49.56,
            "eps_avg_yearly": 1.42,
            "eps_latest_yearly": 0.64,
            "eps_growth_yearly": 1171.92
        },
        "20212": {
            "year_quarter": 20212,
            "year": 2021,
            "quarter": 2,
            "eps": 0.03,
            "eps_growth_year": null,
            "eps_4q": -0.71,
            "eps_4q_growth_year": -1769.56,
            "roe": 0.13,
            "roe_4q": -4.74,
            "gross_profit": 2968675,
            "gross_margin": 12.29,
            "gross_margin_4q_avg": 7.75,
            "net_income": 97009,
            "revenue": 24162958,
            "common_shares": 50302209,
            "book_valuer_per_share": 14.58,
            "book_valuer_per_share_4q_avg": 14.31,
            "equity": 79580004,
            "current_ratio": 114.85,
            "debt_ratio": 75.44,
            "inventory_turnover_ratio": 6.77,
            "account_receivable_turnover_ratio": 3.12,
            "reinvestment_rate": 17.13,
            "research_to_sale_ratio": null,
            "price_fair": 49.56,
            "eps_avg_yearly": 1.42,
            "eps_latest_yearly": 0.64,
            "eps_growth_yearly": 1171.92
        },
        "20213": {
            "year_quarter": 20213,
            "year": 2021,
            "quarter": 3,
            "eps": 0.29,
            "eps_growth_year": null,
            "eps_4q": -0.06,
            "eps_4q_growth_year": null,
            "roe": 1.89,
            "roe_4q": -0.4800000000000001,
            "gross_profit": 4317689,
            "gross_margin": 16.73,
            "gross_margin_4q_avg": 11,
            "net_income": 1515551,
            "revenue": 25814068,
            "common_shares": 51307686,
            "book_valuer_per_share": 14.67,
            "book_valuer_per_share_4q_avg": 14.47,
            "equity": 80924463,
            "current_ratio": 119.38,
            "debt_ratio": 75.02,
            "inventory_turnover_ratio": 6.88,
            "account_receivable_turnover_ratio": 3.14,
            "reinvestment_rate": -111.11,
            "research_to_sale_ratio": null,
            "price_fair": 38.5,
            "eps_avg_yearly": 1.1,
            "eps_latest_yearly": 1.16,
            "eps_growth_yearly": 1447.81
        },
        "20214": {
            "year_quarter": 20214,
            "year": 2021,
            "quarter": 4,
            "eps": 1.38,
            "eps_growth_year": 2293.26,
            "eps_4q": 1.27,
            "eps_4q_growth_year": null,
            "roe": 8.37,
            "roe_4q": 7.5,
            "gross_profit": 11539246,
            "gross_margin": 33.72,
            "gross_margin_4q_avg": 16.32,
            "net_income": 7266886,
            "revenue": 34216523,
            "common_shares": 51385387,
            "book_valuer_per_share": 16.52,
            "book_valuer_per_share_4q_avg": 14.95,
            "equity": 92707358,
            "current_ratio": 139.76,
            "debt_ratio": 71.5,
            "inventory_turnover_ratio": 7.15,
            "account_receivable_turnover_ratio": 3.77,
            "reinvestment_rate": 2.88,
            "research_to_sale_ratio": null,
            "price_fair": 56.56,
            "eps_avg_yearly": 1.62,
            "eps_latest_yearly": 5.52,
            "eps_growth_yearly": 1634.83
        },
        "20221": {
            "year_quarter": 20221,
            "year": 2022,
            "quarter": 1,
            "eps": 0.64,
            "eps_growth_year": null,
            "eps_4q": 2.3,
            "eps_4q_growth_year": null,
            "roe": 3.65,
            "roe_4q": 14.040000000000001,
            "gross_profit": 6492304,
            "gross_margin": 21.58,
            "gross_margin_4q_avg": 21.08,
            "net_income": 3416887,
            "revenue": 30090446,
            "common_shares": 52722209,
            "book_valuer_per_share": 16.39,
            "book_valuer_per_share_4q_avg": 15.54,
            "equity": 94438258,
            "current_ratio": 128.29,
            "debt_ratio": 70.45,
            "inventory_turnover_ratio": 7.33,
            "account_receivable_turnover_ratio": 2.93,
            "reinvestment_rate": 11.25,
            "research_to_sale_ratio": null,
            "price_fair": 60.76,
            "eps_avg_yearly": 1.74,
            "eps_latest_yearly": 2.56,
            "eps_growth_yearly": 1502.27
        },
        "20222": {
            "year_quarter": 20222,
            "year": 2022,
            "quarter": 2,
            "eps": 0.34,
            "eps_growth_year": 1033.33,
            "eps_4q": 2.59,
            "eps_4q_growth_year": null,
            "roe": 2.11,
            "roe_4q": 16.02,
            "gross_profit": 4747303,
            "gross_margin": 14.24,
            "gross_margin_4q_avg": 21.57,
            "net_income": 1988072,
            "revenue": 33331383,
            "common_shares": 52872938,
            "book_valuer_per_share": 16.28,
            "book_valuer_per_share_4q_avg": 15.97,
            "equity": 94421458,
            "current_ratio": 126.92,
            "debt_ratio": 70.56,
            "inventory_turnover_ratio": 8.62,
            "account_receivable_turnover_ratio": 2.92,
            "reinvestment_rate": -34.36,
            "research_to_sale_ratio": null,
            "price_fair": 59.08,
            "eps_avg_yearly": 1.69,
            "eps_latest_yearly": 1.36,
            "eps_growth_yearly": 1469.4
        },
        "20223": {
            "year_quarter": 20223,
            "year": 2022,
            "quarter": 3,
            "eps": 0.23,
            "eps_growth_year": -20.69,
            "eps_4q": 2.53,
            "eps_4q_growth_year": null,
            "roe": 1.62,
            "roe_4q": 15.75,
            "gross_profit": 3880266,
            "gross_margin": 11.02,
            "gross_margin_4q_avg": 20.14,
            "net_income": 1515724,
            "revenue": 35205058,
            "common_shares": 53462260,
            "book_valuer_per_share": 15.72,
            "book_valuer_per_share_4q_avg": 16.23,
            "equity": 92161798,
            "current_ratio": 114.71,
            "debt_ratio": 71.1,
            "inventory_turnover_ratio": 8.92,
            "account_receivable_turnover_ratio": 2.91,
            "reinvestment_rate": -84.82,
            "research_to_sale_ratio": null,
            "price_fair": 53.9,
            "eps_avg_yearly": 1.54,
            "eps_latest_yearly": 0.92,
            "eps_growth_yearly": 1444.28
        },
        "20224": {
            "year_quarter": 20224,
            "year": 2022,
            "quarter": 4,
            "eps": 0.13,
            "eps_growth_year": -90.53,
            "eps_4q": 1.32,
            "eps_4q_growth_year": 3.83,
            "roe": 0.96,
            "roe_4q": 8.34,
            "gross_profit": 4592017,
            "gross_margin": 11.64,
            "gross_margin_4q_avg": 14.62,
            "net_income": 902933,
            "revenue": 39441720,
            "common_shares": 53581255,
            "book_valuer_per_share": 16.41,
            "book_valuer_per_share_4q_avg": 16.2,
            "equity": 96240038,
            "current_ratio": 109.15,
            "debt_ratio": 69.88,
            "inventory_turnover_ratio": 9.6,
            "account_receivable_turnover_ratio": 3.54,
            "reinvestment_rate": -129.82,
            "research_to_sale_ratio": null,
            "price_fair": 53.9,
            "eps_avg_yearly": 1.54,
            "eps_latest_yearly": 0.52,
            "eps_growth_yearly": 1458.22
        },
        "20231": {
            "year_quarter": 20231,
            "year": 2023,
            "quarter": 1,
            "eps": 0.84,
            "eps_growth_year": 31.25,
            "eps_4q": 1.54,
            "eps_4q_growth_year": -33.18,
            "roe": 4.88,
            "roe_4q": 9.57,
            "gross_profit": 9223701,
            "gross_margin": 20.76,
            "gross_margin_4q_avg": 14.42,
            "net_income": 4751970,
            "revenue": 44425772,
            "common_shares": 53628874,
            "book_valuer_per_share": 16.66,
            "book_valuer_per_share_4q_avg": 16.27,
            "equity": 98425676,
            "current_ratio": 109.24,
            "debt_ratio": 69.73,
            "inventory_turnover_ratio": 9.39,
            "account_receivable_turnover_ratio": 4.02,
            "reinvestment_rate": -1.95,
            "research_to_sale_ratio": null,
            "price_fair": 59.92,
            "eps_avg_yearly": 1.71,
            "eps_latest_yearly": 3.36,
            "eps_growth_yearly": 1590.53
        }
    },
    "months": {
        "2001-09": {
            "month": "2001-09",
            "price": "7.66",
            "revenue": 4051545
        },
        "2001-10": {
            "month": "2001-10",
            "price": "6.10",
            "revenue": 4225475
        },
        "2001-11": {
            "month": "2001-11",
            "price": "7.60",
            "revenue": 4188936
        },
        "2001-12": {
            "month": "2001-12",
            "price": "9.67",
            "revenue": 4746257
        },
        "2002-01": {
            "month": "2002-01",
            "price": "10.84",
            "revenue": 4421817
        },
        "2002-02": {
            "month": "2002-02",
            "price": "12.25",
            "revenue": 4359865
        },
        "2002-03": {
            "month": "2002-03",
            "price": "12.44",
            "revenue": 4820138
        },
        "2002-04": {
            "month": "2002-04",
            "price": "11.85",
            "revenue": 4763323
        },
        "2002-05": {
            "month": "2002-05",
            "price": "12.04",
            "revenue": 5037913
        },
        "2002-06": {
            "month": "2002-06",
            "price": "13.50",
            "revenue": 5559494
        },
        "2002-07": {
            "month": "2002-07",
            "price": "13.66",
            "revenue": 6048809
        },
        "2002-08": {
            "month": "2002-08",
            "price": "12.99",
            "revenue": 6069392
        },
        "2002-09": {
            "month": "2002-09",
            "price": "12.25",
            "revenue": 5490870
        },
        "2002-10": {
            "month": "2002-10",
            "price": "12.95",
            "revenue": 6172359
        },
        "2002-11": {
            "month": "2002-11",
            "price": "15.25",
            "revenue": 6004497
        },
        "2002-12": {
            "month": "2002-12",
            "price": "14.92",
            "revenue": 5663216
        },
        "2003-01": {
            "month": "2003-01",
            "price": "15.71",
            "revenue": 5886034
        },
        "2003-02": {
            "month": "2003-02",
            "price": "13.27",
            "revenue": 5009755
        },
        "2003-03": {
            "month": "2003-03",
            "price": "12.25",
            "revenue": 5732713
        },
        "2003-04": {
            "month": "2003-04",
            "price": "10.79",
            "revenue": 4318185
        },
        "2003-05": {
            "month": "2003-05",
            "price": "11.05",
            "revenue": 3761877
        },
        "2003-06": {
            "month": "2003-06",
            "price": "12.88",
            "revenue": 4193631
        },
        "2003-07": {
            "month": "2003-07",
            "price": "12.51",
            "revenue": 5583922
        },
        "2003-08": {
            "month": "2003-08",
            "price": "12.49",
            "revenue": 6002013
        },
        "2003-09": {
            "month": "2003-09",
            "price": "13.39",
            "revenue": 5838367
        },
        "2003-10": {
            "month": "2003-10",
            "price": "13.90",
            "revenue": 6297321
        },
        "2003-11": {
            "month": "2003-11",
            "price": "15.13",
            "revenue": 6342947
        },
        "2003-12": {
            "month": "2003-12",
            "price": "14.36",
            "revenue": 6420828
        },
        "2004-01": {
            "month": "2004-01",
            "price": "15.47",
            "revenue": 6518397
        },
        "2004-02": {
            "month": "2004-02",
            "price": "17.68",
            "revenue": 5737341
        },
        "2004-03": {
            "month": "2004-03",
            "price": "18.89",
            "revenue": 6549683
        },
        "2004-04": {
            "month": "2004-04",
            "price": "16.37",
            "revenue": 6157517
        },
        "2004-05": {
            "month": "2004-05",
            "price": "14.08",
            "revenue": 6327546
        },
        "2004-06": {
            "month": "2004-06",
            "price": "14.06",
            "revenue": 6780888
        },
        "2004-07": {
            "month": "2004-07",
            "price": "13.50",
            "revenue": 7555412
        },
        "2004-08": {
            "month": "2004-08",
            "price": "12.68",
            "revenue": 7361757
        },
        "2004-09": {
            "month": "2004-09",
            "price": "13.64",
            "revenue": 7115385
        },
        "2004-10": {
            "month": "2004-10",
            "price": "13.84",
            "revenue": 7586934
        },
        "2004-11": {
            "month": "2004-11",
            "price": "14.17",
            "revenue": 7403882
        },
        "2004-12": {
            "month": "2004-12",
            "price": "15.13",
            "revenue": 7560610
        },
        "2005-01": {
            "month": "2005-01",
            "price": "15.46",
            "revenue": 7057893
        },
        "2005-02": {
            "month": "2005-02",
            "price": "15.34",
            "revenue": 6457183
        },
        "2005-03": {
            "month": "2005-03",
            "price": "15.17",
            "revenue": 7011678
        },
        "2005-04": {
            "month": "2005-04",
            "price": "14.05",
            "revenue": 6871068
        },
        "2005-05": {
            "month": "2005-05",
            "price": "15.25",
            "revenue": 6596536
        },
        "2005-06": {
            "month": "2005-06",
            "price": "16.11",
            "revenue": 7179077
        },
        "2005-07": {
            "month": "2005-07",
            "price": "14.97",
            "revenue": 7782200
        },
        "2005-08": {
            "month": "2005-08",
            "price": "14.29",
            "revenue": 7835308
        },
        "2005-09": {
            "month": "2005-09",
            "price": "13.30",
            "revenue": 7501544
        },
        "2005-10": {
            "month": "2005-10",
            "price": "13.17",
            "revenue": 7925133
        },
        "2005-11": {
            "month": "2005-11",
            "price": "13.96",
            "revenue": 7842294
        },
        "2005-12": {
            "month": "2005-12",
            "price": "14.92",
            "revenue": 7956052
        },
        "2006-01": {
            "month": "2006-01",
            "price": "13.99",
            "revenue": 8203813
        },
        "2006-02": {
            "month": "2006-02",
            "price": "13.05",
            "revenue": 6571538
        },
        "2006-03": {
            "month": "2006-03",
            "price": "12.43",
            "revenue": 7874693
        },
        "2006-04": {
            "month": "2006-04",
            "price": "12.98",
            "revenue": 7961212
        },
        "2006-05": {
            "month": "2006-05",
            "price": "14.05",
            "revenue": 7646117
        },
        "2006-06": {
            "month": "2006-06",
            "price": "13.70",
            "revenue": 8245469
        },
        "2006-07": {
            "month": "2006-07",
            "price": "13.17",
            "revenue": 9006349
        },
        "2006-08": {
            "month": "2006-08",
            "price": "12.62",
            "revenue": 8669330
        },
        "2006-09": {
            "month": "2006-09",
            "price": "13.27",
            "revenue": 8327095
        },
        "2006-10": {
            "month": "2006-10",
            "price": "13.30",
            "revenue": 8460238
        },
        "2006-11": {
            "month": "2006-11",
            "price": "13.07",
            "revenue": 8303901
        },
        "2006-12": {
            "month": "2006-12",
            "price": "13.46",
            "revenue": 8520907
        },
        "2007-01": {
            "month": "2007-01",
            "price": "14.12",
            "revenue": 7627752
        },
        "2007-02": {
            "month": "2007-02",
            "price": "14.48",
            "revenue": 7603772
        },
        "2007-03": {
            "month": "2007-03",
            "price": "13.55",
            "revenue": 8290587
        },
        "2007-04": {
            "month": "2007-04",
            "price": "13.42",
            "revenue": 7604403
        },
        "2007-05": {
            "month": "2007-05",
            "price": "12.79",
            "revenue": 7469318
        },
        "2007-06": {
            "month": "2007-06",
            "price": "13.05",
            "revenue": 8252114
        },
        "2007-07": {
            "month": "2007-07",
            "price": "13.91",
            "revenue": 9195318
        },
        "2007-08": {
            "month": "2007-08",
            "price": "12.58",
            "revenue": 8511429
        },
        "2007-09": {
            "month": "2007-09",
            "price": "11.98",
            "revenue": 8270101
        },
        "2007-10": {
            "month": "2007-10",
            "price": "12.84",
            "revenue": 8423386
        },
        "2007-11": {
            "month": "2007-11",
            "price": "13.11",
            "revenue": 8766132
        },
        "2007-12": {
            "month": "2007-12",
            "price": "12.98",
            "revenue": 8920036
        },
        "2008-01": {
            "month": "2008-01",
            "price": "15.33",
            "revenue": 8865115
        },
        "2008-02": {
            "month": "2008-02",
            "price": "16.51",
            "revenue": 7888578
        },
        "2008-03": {
            "month": "2008-03",
            "price": "18.41",
            "revenue": 8914324
        },
        "2008-04": {
            "month": "2008-04",
            "price": "18.60",
            "revenue": 8063575
        },
        "2008-05": {
            "month": "2008-05",
            "price": "16.95",
            "revenue": 7815901
        },
        "2008-06": {
            "month": "2008-06",
            "price": "15.35",
            "revenue": 8121496
        },
        "2008-07": {
            "month": "2008-07",
            "price": "11.53",
            "revenue": 8651147
        },
        "2008-08": {
            "month": "2008-08",
            "price": "11.77",
            "revenue": 8925276
        },
        "2008-09": {
            "month": "2008-09",
            "price": "9.86",
            "revenue": 7985238
        },
        "2008-10": {
            "month": "2008-10",
            "price": "6.75",
            "revenue": 8200796
        },
        "2008-11": {
            "month": "2008-11",
            "price": "7.67",
            "revenue": 7215530
        },
        "2008-12": {
            "month": "2008-12",
            "price": "8.06",
            "revenue": 6783802
        },
        "2009-01": {
            "month": "2009-01",
            "price": "6.98",
            "revenue": 6923855
        },
        "2009-02": {
            "month": "2009-02",
            "price": "6.52",
            "revenue": 5492940
        },
        "2009-03": {
            "month": "2009-03",
            "price": "7.25",
            "revenue": 6064760
        },
        "2009-04": {
            "month": "2009-04",
            "price": "9.88",
            "revenue": 6149837
        },
        "2009-05": {
            "month": "2009-05",
            "price": "9.49",
            "revenue": 5878245
        },
        "2009-06": {
            "month": "2009-06",
            "price": "8.66",
            "revenue": 5970947
        },
        "2009-07": {
            "month": "2009-07",
            "price": "9.00",
            "revenue": 6776303
        },
        "2009-08": {
            "month": "2009-08",
            "price": "8.47",
            "revenue": 7394495
        },
        "2009-09": {
            "month": "2009-09",
            "price": "13.61",
            "revenue": 6788746
        },
        "2009-10": {
            "month": "2009-10",
            "price": "13.00",
            "revenue": 7465326
        },
        "2009-11": {
            "month": "2009-11",
            "price": "12.55",
            "revenue": 8167758
        },
        "2009-12": {
            "month": "2009-12",
            "price": "13.47",
            "revenue": 8530437
        },
        "2010-01": {
            "month": "2010-01",
            "price": "13.57",
            "revenue": 8360442
        },
        "2010-02": {
            "month": "2010-02",
            "price": "12.26",
            "revenue": 7939348
        },
        "2010-03": {
            "month": "2010-03",
            "price": "13.73",
            "revenue": 9022240
        },
        "2010-04": {
            "month": "2010-04",
            "price": "15.14",
            "revenue": 9548896
        },
        "2010-05": {
            "month": "2010-05",
            "price": "16.84",
            "revenue": 9744485
        },
        "2010-06": {
            "month": "2010-06",
            "price": "18.50",
            "revenue": 10226097
        },
        "2010-07": {
            "month": "2010-07",
            "price": "19.84",
            "revenue": 9964204
        },
        "2010-08": {
            "month": "2010-08",
            "price": "22.93",
            "revenue": 11233382
        },
        "2010-09": {
            "month": "2010-09",
            "price": "25.55",
            "revenue": 9954745
        },
        "2010-10": {
            "month": "2010-10",
            "price": "28.89",
            "revenue": 9189301
        },
        "2010-11": {
            "month": "2010-11",
            "price": "32.75",
            "revenue": 8931113
        },
        "2010-12": {
            "month": "2010-12",
            "price": "35.29",
            "revenue": 9494744
        },
        "2011-01": {
            "month": "2011-01",
            "price": "33.77",
            "revenue": 9711957
        },
        "2011-02": {
            "month": "2011-02",
            "price": "28.04",
            "revenue": 7895964
        },
        "2011-03": {
            "month": "2011-03",
            "price": "24.46",
            "revenue": 9466502
        },
        "2011-04": {
            "month": "2011-04",
            "price": "26.29",
            "revenue": 9253970
        },
        "2011-05": {
            "month": "2011-05",
            "price": "28.70",
            "revenue": 9460536
        },
        "2011-06": {
            "month": "2011-06",
            "price": "28.23",
            "revenue": 9967707
        },
        "2011-07": {
            "month": "2011-07",
            "price": "27.57",
            "revenue": 10639030
        },
        "2011-08": {
            "month": "2011-08",
            "price": "22.88",
            "revenue": 10241504
        },
        "2011-09": {
            "month": "2011-09",
            "price": "18.92",
            "revenue": 9537040
        },
        "2011-10": {
            "month": "2011-10",
            "price": "20.02",
            "revenue": 9251759
        },
        "2011-11": {
            "month": "2011-11",
            "price": "19.76",
            "revenue": 8915196
        },
        "2011-12": {
            "month": "2011-12",
            "price": "18.58",
            "revenue": 9222586
        },
        "2012-01": {
            "month": "2012-01",
            "price": "19.52",
            "revenue": 10340279
        },
        "2012-02": {
            "month": "2012-02",
            "price": "20.86",
            "revenue": 8441112
        },
        "2012-03": {
            "month": "2012-03",
            "price": "19.38",
            "revenue": 10077273
        },
        "2012-04": {
            "month": "2012-04",
            "price": "17.33",
            "revenue": 9881874
        },
        "2012-05": {
            "month": "2012-05",
            "price": "17.61",
            "revenue": 9477367
        },
        "2012-06": {
            "month": "2012-06",
            "price": "17.94",
            "revenue": 10346654
        },
        "2012-07": {
            "month": "2012-07",
            "price": "17.37",
            "revenue": 11017317
        },
        "2012-08": {
            "month": "2012-08",
            "price": "17.33",
            "revenue": 11096414
        },
        "2012-09": {
            "month": "2012-09",
            "price": "16.94",
            "revenue": 9627457
        },
        "2012-10": {
            "month": "2012-10",
            "price": "17.58",
            "revenue": 9567967
        },
        "2012-11": {
            "month": "2012-11",
            "price": "16.82",
            "revenue": 9829474
        },
        "2012-12": {
            "month": "2012-12",
            "price": "16.95",
            "revenue": 10447288
        },
        "2013-01": {
            "month": "2013-01",
            "price": "18.21",
            "revenue": 9898463
        },
        "2013-02": {
            "month": "2013-02",
            "price": "18.52",
            "revenue": 9278036
        },
        "2013-03": {
            "month": "2013-03",
            "price": "18.33",
            "revenue": 9945576
        },
        "2013-04": {
            "month": "2013-04",
            "price": "16.93",
            "revenue": 9551414
        },
        "2013-05": {
            "month": "2013-05",
            "price": "17.31",
            "revenue": 9935030
        },
        "2013-06": {
            "month": "2013-06",
            "price": "17.14",
            "revenue": 10767249
        },
        "2013-07": {
            "month": "2013-07",
            "price": "16.91",
            "revenue": 11286423
        },
        "2013-08": {
            "month": "2013-08",
            "price": "16.30",
            "revenue": 11689861
        },
        "2013-09": {
            "month": "2013-09",
            "price": "16.50",
            "revenue": 10268458
        },
        "2013-10": {
            "month": "2013-10",
            "price": "16.43",
            "revenue": 10947790
        },
        "2013-11": {
            "month": "2013-11",
            "price": "16.33",
            "revenue": 10265269
        },
        "2013-12": {
            "month": "2013-12",
            "price": "16.62",
            "revenue": 10328511
        },
        "2014-01": {
            "month": "2014-01",
            "price": "16.50",
            "revenue": 10601117
        },
        "2014-02": {
            "month": "2014-02",
            "price": "15.66",
            "revenue": 9098070
        },
        "2014-03": {
            "month": "2014-03",
            "price": "15.47",
            "revenue": 10692924
        },
        "2014-04": {
            "month": "2014-04",
            "price": "15.56",
            "revenue": 9884497
        },
        "2014-05": {
            "month": "2014-05",
            "price": "15.33",
            "revenue": 10662479
        },
        "2014-06": {
            "month": "2014-06",
            "price": "14.71",
            "revenue": 11391515
        },
        "2014-07": {
            "month": "2014-07",
            "price": "14.80",
            "revenue": 12290661
        },
        "2014-08": {
            "month": "2014-08",
            "price": "14.66",
            "revenue": 12781971
        },
        "2014-09": {
            "month": "2014-09",
            "price": "15.53",
            "revenue": 10747408
        },
        "2014-10": {
            "month": "2014-10",
            "price": "16.44",
            "revenue": 11862896
        },
        "2014-11": {
            "month": "2014-11",
            "price": "18.84",
            "revenue": 11112946
        },
        "2014-12": {
            "month": "2014-12",
            "price": "21.96",
            "revenue": 11963537
        },
        "2015-01": {
            "month": "2015-01",
            "price": "24.00",
            "revenue": 10754312
        },
        "2015-02": {
            "month": "2015-02",
            "price": "22.60",
            "revenue": 10863966
        },
        "2015-03": {
            "month": "2015-03",
            "price": "22.08",
            "revenue": 11756213
        },
        "2015-04": {
            "month": "2015-04",
            "price": "23.91",
            "revenue": 10750328
        },
        "2015-05": {
            "month": "2015-05",
            "price": "22.00",
            "revenue": 10924494
        },
        "2015-06": {
            "month": "2015-06",
            "price": "20.26",
            "revenue": 11011618
        },
        "2015-07": {
            "month": "2015-07",
            "price": "22.35",
            "revenue": 12801306
        },
        "2015-08": {
            "month": "2015-08",
            "price": "21.74",
            "revenue": 12297183
        },
        "2015-09": {
            "month": "2015-09",
            "price": "18.95",
            "revenue": 10915981
        },
        "2015-10": {
            "month": "2015-10",
            "price": "18.96",
            "revenue": 11753620
        },
        "2015-11": {
            "month": "2015-11",
            "price": "18.23",
            "revenue": 11261404
        },
        "2015-12": {
            "month": "2015-12",
            "price": "17.61",
            "revenue": 12078119
        },
        "2016-01": {
            "month": "2016-01",
            "price": "17.83",
            "revenue": 12035821
        },
        "2016-02": {
            "month": "2016-02",
            "price": "17.59",
            "revenue": 11101503
        },
        "2016-03": {
            "month": "2016-03",
            "price": "17.79",
            "revenue": 11768765
        },
        "2016-04": {
            "month": "2016-04",
            "price": "16.86",
            "revenue": 11305731
        },
        "2016-05": {
            "month": "2016-05",
            "price": "14.61",
            "revenue": 11154002
        },
        "2016-06": {
            "month": "2016-06",
            "price": "14.63",
            "revenue": 12008735
        },
        "2016-07": {
            "month": "2016-07",
            "price": "15.04",
            "revenue": 13846077
        },
        "2016-08": {
            "month": "2016-08",
            "price": "15.41",
            "revenue": 13155846
        },
        "2016-09": {
            "month": "2016-09",
            "price": "14.66",
            "revenue": 11885371
        },
        "2016-10": {
            "month": "2016-10",
            "price": "14.66",
            "revenue": 11466962
        },
        "2016-11": {
            "month": "2016-11",
            "price": "15.13",
            "revenue": 11763511
        },
        "2016-12": {
            "month": "2016-12",
            "price": "14.82",
            "revenue": 13187341
        },
        "2017-01": {
            "month": "2017-01",
            "price": "14.94",
            "revenue": 13498481
        },
        "2017-02": {
            "month": "2017-02",
            "price": "15.20",
            "revenue": 11252974
        },
        "2017-03": {
            "month": "2017-03",
            "price": "15.98",
            "revenue": 13313242
        },
        "2017-04": {
            "month": "2017-04",
            "price": "14.84",
            "revenue": 12667257
        },
        "2017-05": {
            "month": "2017-05",
            "price": "14.71",
            "revenue": 13094609
        },
        "2017-06": {
            "month": "2017-06",
            "price": "14.71",
            "revenue": 14438716
        },
        "2017-07": {
            "month": "2017-07",
            "price": "15.16",
            "revenue": 14724625
        },
        "2017-08": {
            "month": "2017-08",
            "price": "15.21",
            "revenue": 15500216
        },
        "2017-09": {
            "month": "2017-09",
            "price": "15.40",
            "revenue": 12941580
        },
        "2017-10": {
            "month": "2017-10",
            "price": "14.89",
            "revenue": 13901245
        },
        "2017-11": {
            "month": "2017-11",
            "price": "14.99",
            "revenue": 13270918
        },
        "2017-12": {
            "month": "2017-12",
            "price": "15.55",
            "revenue": 14957868
        },
        "2018-01": {
            "month": "2018-01",
            "price": "15.88",
            "revenue": 14704050
        },
        "2018-02": {
            "month": "2018-02",
            "price": "15.02",
            "revenue": 12974841
        },
        "2018-03": {
            "month": "2018-03",
            "price": "14.94",
            "revenue": 15199431
        },
        "2018-04": {
            "month": "2018-04",
            "price": "15.30",
            "revenue": 14103464
        },
        "2018-05": {
            "month": "2018-05",
            "price": "15.12",
            "revenue": 14367671
        },
        "2018-06": {
            "month": "2018-06",
            "price": "15.06",
            "revenue": 16083615
        },
        "2018-07": {
            "month": "2018-07",
            "price": "14.86",
            "revenue": 16520164
        },
        "2018-08": {
            "month": "2018-08",
            "price": "15.18",
            "revenue": 16325269
        },
        "2018-09": {
            "month": "2018-09",
            "price": "14.91",
            "revenue": 14533616
        },
        "2018-10": {
            "month": "2018-10",
            "price": "14.11",
            "revenue": 14797468
        },
        "2018-11": {
            "month": "2018-11",
            "price": "14.82",
            "revenue": 14734180
        },
        "2018-12": {
            "month": "2018-12",
            "price": "15.76",
            "revenue": 15563560
        },
        "2019-01": {
            "month": "2019-01",
            "price": "15.20",
            "revenue": 15974709
        },
        "2019-02": {
            "month": "2019-02",
            "price": "15.01",
            "revenue": 13540049
        },
        "2019-03": {
            "month": "2019-03",
            "price": "15.27",
            "revenue": 14797969
        },
        "2019-04": {
            "month": "2019-04",
            "price": "15.34",
            "revenue": 15637518
        },
        "2019-05": {
            "month": "2019-05",
            "price": "15.04",
            "revenue": 14943809
        },
        "2019-06": {
            "month": "2019-06",
            "price": "15.18",
            "revenue": 13283505
        },
        "2019-07": {
            "month": "2019-07",
            "price": "14.82",
            "revenue": 14401262
        },
        "2019-08": {
            "month": "2019-08",
            "price": "14.00",
            "revenue": 16831957
        },
        "2019-09": {
            "month": "2019-09",
            "price": "13.82",
            "revenue": 14294854
        },
        "2019-10": {
            "month": "2019-10",
            "price": "14.07",
            "revenue": 15374504
        },
        "2019-11": {
            "month": "2019-11",
            "price": "14.18",
            "revenue": 15975810
        },
        "2019-12": {
            "month": "2019-12",
            "price": "13.84",
            "revenue": 16219312
        },
        "2020-01": {
            "month": "2020-01",
            "price": "13.48",
            "revenue": 14593152
        },
        "2020-02": {
            "month": "2020-02",
            "price": "12.29",
            "revenue": 8853867
        },
        "2020-03": {
            "month": "2020-03",
            "price": "10.07",
            "revenue": 6786079
        },
        "2020-04": {
            "month": "2020-04",
            "price": "10.13",
            "revenue": 5889579
        },
        "2020-05": {
            "month": "2020-05",
            "price": "11.08",
            "revenue": 7257234
        },
        "2020-06": {
            "month": "2020-06",
            "price": "11.51",
            "revenue": 6142119
        },
        "2020-07": {
            "month": "2020-07",
            "price": "11.11",
            "revenue": 6191888
        },
        "2020-08": {
            "month": "2020-08",
            "price": "11.06",
            "revenue": 6282755
        },
        "2020-09": {
            "month": "2020-09",
            "price": "11.26",
            "revenue": 5928342
        },
        "2020-10": {
            "month": "2020-10",
            "price": "10.78",
            "revenue": 6598385
        },
        "2020-11": {
            "month": "2020-11",
            "price": "12.03",
            "revenue": 7303282
        },
        "2020-12": {
            "month": "2020-12",
            "price": "13.40",
            "revenue": 7222094
        },
        "2021-01": {
            "month": "2021-01",
            "price": "12.54",
            "revenue": 6698039
        },
        "2021-02": {
            "month": "2021-02",
            "price": "13.77",
            "revenue": 5804301
        },
        "2021-03": {
            "month": "2021-03",
            "price": "15.46",
            "revenue": 7176470
        },
        "2021-04": {
            "month": "2021-04",
            "price": "17.53",
            "revenue": 8062232
        },
        "2021-05": {
            "month": "2021-05",
            "price": "15.93",
            "revenue": 8394857
        },
        "2021-06": {
            "month": "2021-06",
            "price": "20.42",
            "revenue": 7705869
        },
        "2021-07": {
            "month": "2021-07",
            "price": "19.33",
            "revenue": 8318797
        },
        "2021-08": {
            "month": "2021-08",
            "price": "18.68",
            "revenue": 8977385
        },
        "2021-09": {
            "month": "2021-09",
            "price": "17.93",
            "revenue": 8517886
        },
        "2021-10": {
            "month": "2021-10",
            "price": "18.46",
            "revenue": 10371565
        },
        "2021-11": {
            "month": "2021-11",
            "price": "25.21",
            "revenue": 11473726
        },
        "2021-12": {
            "month": "2021-12",
            "price": "27.11",
            "revenue": 12371275
        },
        "2022-01": {
            "month": "2022-01",
            "price": "25.67",
            "revenue": 10654527
        },
        "2022-02": {
            "month": "2022-02",
            "price": "31.27",
            "revenue": 8689605
        },
        "2022-03": {
            "month": "2022-03",
            "price": "31.29",
            "revenue": 10746314
        },
        "2022-04": {
            "month": "2022-04",
            "price": "34.81",
            "revenue": 11009595
        },
        "2022-05": {
            "month": "2022-05",
            "price": "33.36",
            "revenue": 11255851
        },
        "2022-06": {
            "month": "2022-06",
            "price": "32.20",
            "revenue": 11065937
        },
        "2022-07": {
            "month": "2022-07",
            "price": "32.91",
            "revenue": 11866739
        },
        "2022-08": {
            "month": "2022-08",
            "price": "32.03",
            "revenue": 12014621
        },
        "2022-09": {
            "month": "2022-09",
            "price": "32.60",
            "revenue": 11323698
        },
        "2022-10": {
            "month": "2022-10",
            "price": "25.32",
            "revenue": 11956731
        },
        "2022-11": {
            "month": "2022-11",
            "price": "25.68",
            "revenue": 12806201
        },
        "2022-12": {
            "month": "2022-12",
            "price": "28.09",
            "revenue": 14678800
        },
        "2023-01": {
            "month": "2023-01",
            "price": "28.40",
            "revenue": 15179020
        },
        "2023-02": {
            "month": "2023-02",
            "price": "29.01",
            "revenue": 12883116
        },
        "2023-03": {
            "month": "2023-03",
            "price": "27.18",
            "revenue": 16363636
        },
        "2023-04": {
            "month": "2023-04",
            "price": "26.49",
            "revenue": 15211083
        }
    }
}
