{
    "summary": {
        "stock_name": "台灣高鐵",
        "stock_id": "2633",
        "category": "航運",
        "main_business": "高速鐵路之經營",
        "website_url": "http://www.thsrc.com.tw",
        "ceo": "鄭光遠",
        "pe_ratio": 34,
        "report_year_from": 2001,
        "report_year_to": 2023,
        "age": 22,
        "eps_negative_percentage": 11,
        "eps_growth_avg": {
            "last_all": 6.87,
            "last_2y": -20.18,
            "last_4y": 2.84,
            "last_8y": null,
            "last_12y": null,
            "last_16y": null,
            "last_20y": null,
            "at_2006_last_3y": null,
            "at_2007_last_3y": null,
            "at_2008_last_3y": null,
            "at_2009_last_3y": null,
            "at_2010_last_3y": null,
            "at_2011_last_3y": null,
            "at_2012_last_3y": null,
            "at_2013_last_3y": null,
            "at_2014_last_3y": null,
            "at_2015_last_3y": null,
            "at_2016_last_3y": null,
            "at_2017_last_3y": null,
            "at_2018_last_3y": null,
            "at_2019_last_3y": 33.92,
            "at_2020_last_3y": 18.75,
            "at_2021_last_3y": 2.38,
            "at_2022_last_3y": -21.45,
            "at_2023_last_3y": -21.45,
            "at_2006_last_all": null,
            "at_2007_last_all": null,
            "at_2008_last_all": null,
            "at_2009_last_all": null,
            "at_2010_last_all": null,
            "at_2011_last_all": null,
            "at_2012_last_all": null,
            "at_2013_last_all": null,
            "at_2014_last_all": null,
            "at_2015_last_all": null,
            "at_2016_last_all": null,
            "at_2017_last_all": 27.03,
            "at_2018_last_all": 63.51,
            "at_2019_last_all": 33.92,
            "at_2020_last_all": 18.75,
            "at_2021_last_all": 7.31,
            "at_2022_last_all": 6.87,
            "at_2023_last_all": 6.87
        },
        "latest_eps": 0.95,
        "latest_price": 32.6,
        "latest_roe": 7.75,
        "latest_gross_margin": 45.94,
        "latest_equity": 69416698,
        "latest_revenue": 12148545,
        "latest_gross_profit": 5580749,
        "latest_net_income": 2126631,
        "latest_debt_ratio": 82.8,
        "latest_current_ratio": 96.33,
        "latest_account_receivable_turnover_ratio": 32.83,
        "latest_inventory_turnover_ratio": 2.52,
        "latest_reinvestment_rate": 0.13,
        "latest_research_to_sale_ratio": null
    },
    "eps_dividends": {
        "2001": {
            "cash": 0,
            "stock": 0,
            "eps": 0
        },
        "2002": {
            "cash": 0,
            "stock": 0,
            "eps": 0
        },
        "2003": {
            "cash": 0,
            "stock": 0,
            "eps": 0
        },
        "2004": {
            "cash": 0,
            "stock": 0,
            "eps": 0
        },
        "2005": {
            "cash": 0,
            "stock": 0,
            "eps": 0
        },
        "2006": {
            "cash": 0,
            "stock": 0,
            "eps": 0
        },
        "2007": {
            "cash": 0,
            "stock": 0,
            "eps": 0
        },
        "2008": {
            "cash": 0,
            "stock": 0,
            "eps": 0
        },
        "2009": {
            "cash": 0,
            "stock": 0,
            "eps": 0
        },
        "2010": {
            "cash": 0,
            "stock": 0,
            "eps": 0
        },
        "2011": {
            "cash": 0,
            "stock": 0,
            "eps": 0
        },
        "2012": {
            "cash": 0,
            "stock": 0,
            "eps": 0
        },
        "2013": {
            "cash": 0,
            "stock": 0,
            "eps": 0
        },
        "2014": {
            "cash": 0,
            "stock": 0,
            "eps": 0
        },
        "2015": {
            "cash": 0,
            "stock": 0,
            "eps": -0.02
        },
        "2016": {
            "cash": 1,
            "stock": 0,
            "eps": 0.74
        },
        "2017": {
            "cash": 1,
            "stock": 0,
            "eps": 0.94
        },
        "2018": {
            "cash": 1,
            "stock": 0,
            "eps": 1.9
        },
        "2019": {
            "cash": 1,
            "stock": 0,
            "eps": 1.42
        },
        "2020": {
            "cash": 1,
            "stock": 0,
            "eps": 1.04
        },
        "2021": {
            "cash": 1,
            "stock": 0,
            "eps": 0.64
        },
        "2022": {
            "cash": 1,
            "stock": 0,
            "eps": 0.67
        },
        "2023": {
            "cash": 1,
            "stock": 0,
            "eps": 0.38
        }
    },
    "dividends": {
        "2016-09-08": {
            "cash": 0.65,
            "stock": 0
        },
        "2017-08-24": {
            "cash": 0.6,
            "stock": 0
        },
        "2018-08-22": {
            "cash": 0.75,
            "stock": 0
        },
        "2019-08-22": {
            "cash": 1.12,
            "stock": 0
        },
        "2020-08-12": {
            "cash": 1.21,
            "stock": 0
        },
        "2021-09-15": {
            "cash": 1.05,
            "stock": 0
        },
        "2022-08-10": {
            "cash": 0.76,
            "stock": 0
        },
        "2023-03-15": {
            "cash": 0.67,
            "stock": 0
        }
    },
    "prices": {
        "200101": "無",
        "200102": "無",
        "200103": "無",
        "200104": "無",
        "200105": "無",
        "200106": "無",
        "200107": "無",
        "200108": "無",
        "200109": "無",
        "200110": "無",
        "200111": "無",
        "200112": "無",
        "200201": "無",
        "200202": "無",
        "200203": "無",
        "200204": "無",
        "200205": "無",
        "200206": "無",
        "200207": "無",
        "200208": "無",
        "200209": "無",
        "200210": "無",
        "200211": "無",
        "200212": "無",
        "200301": "無",
        "200302": "無",
        "200303": "無",
        "200304": "無",
        "200305": "無",
        "200306": "無",
        "200307": "無",
        "200308": "無",
        "200309": "7.48",
        "200310": "7.27",
        "200311": "6.61",
        "200312": "6.71",
        "200401": "6.88",
        "200402": "10.21",
        "200403": "9.82",
        "200404": "9.49",
        "200405": "8.85",
        "200406": "8.67",
        "200407": "8.10",
        "200408": "8.06",
        "200409": "8.13",
        "200410": "8.23",
        "200411": "9.03",
        "200412": "8.56",
        "200501": "8.45",
        "200502": "8.37",
        "200503": "8.30",
        "200504": "8.02",
        "200505": "8.15",
        "200506": "8.10",
        "200507": "7.97",
        "200508": "7.82",
        "200509": "7.09",
        "200510": "7.77",
        "200511": "7.90",
        "200512": "7.56",
        "200601": "6.97",
        "200602": "7.90",
        "200603": "7.70",
        "200604": "7.84",
        "200605": "9.56",
        "200606": "9.66",
        "200607": "9.99",
        "200608": "9.91",
        "200609": "9.68",
        "200610": "10.95",
        "200611": "11.45",
        "200612": "11.39",
        "200701": "10.95",
        "200702": "9.75",
        "200703": "9.22",
        "200704": "9.10",
        "200705": "9.49",
        "200706": "10.12",
        "200707": "10.06",
        "200708": "9.39",
        "200709": "8.97",
        "200710": "8.92",
        "200711": "8.62",
        "200712": "8.09",
        "200801": "8.25",
        "200802": "9.16",
        "200803": "9.05",
        "200804": "9.48",
        "200805": "9.73",
        "200806": "9.31",
        "200807": "8.03",
        "200808": "7.95",
        "200809": "6.68",
        "200810": "5.56",
        "200811": "4.57",
        "200812": "4.24",
        "200901": "4.01",
        "200902": "3.84",
        "200903": "3.13",
        "200904": "3.70",
        "200905": "4.03",
        "200906": "3.62",
        "200907": "3.61",
        "200908": "3.52",
        "200909": "3.85",
        "200910": "4.04",
        "200911": "4.01",
        "200912": "3.77",
        "201001": "4.67",
        "201002": "4.52",
        "201003": "4.54",
        "201004": "4.42",
        "201005": "4.12",
        "201006": "4.12",
        "201007": "4.13",
        "201008": "4.69",
        "201009": "4.96",
        "201010": "5.03",
        "201011": "5.00",
        "201012": "4.99",
        "201101": "5.66",
        "201102": "6.00",
        "201103": "5.36",
        "201104": "5.52",
        "201105": "5.28",
        "201106": "4.98",
        "201107": "5.01",
        "201108": "4.68",
        "201109": "5.21",
        "201110": "5.03",
        "201111": "5.03",
        "201112": "4.98",
        "201201": "5.02",
        "201202": "5.52",
        "201203": "5.66",
        "201204": "5.68",
        "201205": "5.39",
        "201206": "5.10",
        "201207": "5.24",
        "201208": "5.18",
        "201209": "5.17",
        "201210": "5.09",
        "201211": "5.00",
        "201212": "4.97",
        "201301": "5.53",
        "201302": "5.65",
        "201303": "5.54",
        "201304": "5.61",
        "201305": "5.43",
        "201306": "5.20",
        "201307": "5.16",
        "201308": "5.42",
        "201309": "5.48",
        "201310": "5.70",
        "201311": "5.42",
        "201312": "5.50",
        "201401": "5.35",
        "201402": "5.36",
        "201403": "4.96",
        "201404": "4.78",
        "201405": "4.51",
        "201406": "4.34",
        "201407": "4.37",
        "201408": "4.23",
        "201409": "4.32",
        "201410": "4.20",
        "201411": "4.05",
        "201412": "3.91",
        "201501": "3.55",
        "201502": "3.45",
        "201503": "3.92",
        "201504": "4.32",
        "201505": "4.53",
        "201506": "4.46",
        "201507": "4.47",
        "201508": "4.26",
        "201509": "4.08",
        "201510": "4.08",
        "201511": "4.02",
        "201512": "6.46",
        "201601": "10.90",
        "201602": "13.03",
        "201603": "14.21",
        "201604": "15.84",
        "201605": "15.26",
        "201606": "15.35",
        "201607": "15.43",
        "201608": "15.80",
        "201609": "17.18",
        "201610": "19.98",
        "201611": "18.92",
        "201612": "18.59",
        "201701": "19.17",
        "201702": "19.87",
        "201703": "21.07",
        "201704": "22.16",
        "201705": "23.64",
        "201706": "25.72",
        "201707": "25.70",
        "201708": "25.61",
        "201709": "25.18",
        "201710": "24.42",
        "201711": "23.72",
        "201712": "23.40",
        "201801": "23.78",
        "201802": "22.67",
        "201803": "22.58",
        "201804": "22.73",
        "201805": "23.22",
        "201806": "23.65",
        "201807": "24.66",
        "201808": "25.33",
        "201809": "26.53",
        "201810": "29.03",
        "201811": "31.40",
        "201812": "30.56",
        "201901": "30.77",
        "201902": "31.19",
        "201903": "34.88",
        "201904": "36.29",
        "201905": "40.15",
        "201906": "45.98",
        "201907": "43.35",
        "201908": "39.05",
        "201909": "36.84",
        "201910": "35.30",
        "201911": "36.12",
        "201912": "37.01",
        "202001": "38.13",
        "202002": "35.66",
        "202003": "30.52",
        "202004": "31.54",
        "202005": "35.07",
        "202006": "37.54",
        "202007": "35.20",
        "202008": "32.86",
        "202009": "31.90",
        "202010": "30.84",
        "202011": "31.14",
        "202012": "30.98",
        "202101": "29.98",
        "202102": "29.83",
        "202103": "30.75",
        "202104": "31.09",
        "202105": "29.15",
        "202106": "29.71",
        "202107": "30.02",
        "202108": "29.83",
        "202109": "29.77",
        "202110": "29.13",
        "202111": "29.38",
        "202112": "29.53",
        "202201": "29.05",
        "202202": "29.11",
        "202203": "28.89",
        "202204": "28.37",
        "202205": "27.57",
        "202206": "27.87",
        "202207": "28.79",
        "202208": "28.88",
        "202209": "28.59",
        "202210": "27.97",
        "202211": "28.15",
        "202212": "28.74",
        "202301": "28.98",
        "202302": "29.11",
        "202303": "29.82",
        "202304": "30.71",
        "202305": "31.94"
    },
    "quarters": {
        "20011": {
            "year_quarter": 20011,
            "year": 2001,
            "quarter": 1,
            "eps": null,
            "eps_growth_year": null,
            "eps_4q": null,
            "eps_4q_growth_year": null,
            "roe": null,
            "roe_4q": 0,
            "gross_profit": null,
            "gross_margin": null,
            "gross_margin_4q_avg": 0,
            "net_income": null,
            "revenue": null,
            "common_shares": null,
            "book_valuer_per_share": null,
            "book_valuer_per_share_4q_avg": 0,
            "equity": null,
            "current_ratio": null,
            "debt_ratio": null,
            "inventory_turnover_ratio": null,
            "account_receivable_turnover_ratio": null,
            "reinvestment_rate": null,
            "research_to_sale_ratio": null,
            "price_fair": 0,
            "eps_avg_yearly": 0,
            "eps_latest_yearly": 0,
            "eps_growth_yearly": 0
        },
        "20012": {
            "year_quarter": 20012,
            "year": 2001,
            "quarter": 2,
            "eps": null,
            "eps_growth_year": null,
            "eps_4q": null,
            "eps_4q_growth_year": null,
            "roe": null,
            "roe_4q": 0,
            "gross_profit": null,
            "gross_margin": null,
            "gross_margin_4q_avg": 0,
            "net_income": null,
            "revenue": null,
            "common_shares": null,
            "book_valuer_per_share": null,
            "book_valuer_per_share_4q_avg": 0,
            "equity": null,
            "current_ratio": null,
            "debt_ratio": null,
            "inventory_turnover_ratio": null,
            "account_receivable_turnover_ratio": null,
            "reinvestment_rate": null,
            "research_to_sale_ratio": null,
            "price_fair": 0,
            "eps_avg_yearly": 0,
            "eps_latest_yearly": 0,
            "eps_growth_yearly": 0
        },
        "20013": {
            "year_quarter": 20013,
            "year": 2001,
            "quarter": 3,
            "eps": null,
            "eps_growth_year": null,
            "eps_4q": null,
            "eps_4q_growth_year": null,
            "roe": null,
            "roe_4q": 0,
            "gross_profit": null,
            "gross_margin": null,
            "gross_margin_4q_avg": 0,
            "net_income": null,
            "revenue": null,
            "common_shares": null,
            "book_valuer_per_share": null,
            "book_valuer_per_share_4q_avg": 0,
            "equity": null,
            "current_ratio": null,
            "debt_ratio": null,
            "inventory_turnover_ratio": null,
            "account_receivable_turnover_ratio": null,
            "reinvestment_rate": null,
            "research_to_sale_ratio": null,
            "price_fair": 0,
            "eps_avg_yearly": 0,
            "eps_latest_yearly": 0,
            "eps_growth_yearly": 0
        },
        "20014": {
            "year_quarter": 20014,
            "year": 2001,
            "quarter": 4,
            "eps": null,
            "eps_growth_year": null,
            "eps_4q": null,
            "eps_4q_growth_year": null,
            "roe": null,
            "roe_4q": 0,
            "gross_profit": null,
            "gross_margin": null,
            "gross_margin_4q_avg": 0,
            "net_income": null,
            "revenue": null,
            "common_shares": 49999000,
            "book_valuer_per_share": 9.81,
            "book_valuer_per_share_4q_avg": 2.45,
            "equity": 49058090,
            "current_ratio": 54.71,
            "debt_ratio": 38.48,
            "inventory_turnover_ratio": null,
            "account_receivable_turnover_ratio": null,
            "reinvestment_rate": null,
            "research_to_sale_ratio": null,
            "price_fair": 0,
            "eps_avg_yearly": 0,
            "eps_latest_yearly": 0,
            "eps_growth_yearly": 0
        },
        "20021": {
            "year_quarter": 20021,
            "year": 2002,
            "quarter": 1,
            "eps": null,
            "eps_growth_year": null,
            "eps_4q": null,
            "eps_4q_growth_year": null,
            "roe": null,
            "roe_4q": 0,
            "gross_profit": null,
            "gross_margin": null,
            "gross_margin_4q_avg": 0,
            "net_income": null,
            "revenue": null,
            "common_shares": null,
            "book_valuer_per_share": null,
            "book_valuer_per_share_4q_avg": 2.45,
            "equity": null,
            "current_ratio": null,
            "debt_ratio": null,
            "inventory_turnover_ratio": null,
            "account_receivable_turnover_ratio": null,
            "reinvestment_rate": null,
            "research_to_sale_ratio": null,
            "price_fair": 0,
            "eps_avg_yearly": 0,
            "eps_latest_yearly": 0,
            "eps_growth_yearly": 0
        },
        "20022": {
            "year_quarter": 20022,
            "year": 2002,
            "quarter": 2,
            "eps": null,
            "eps_growth_year": null,
            "eps_4q": null,
            "eps_4q_growth_year": null,
            "roe": null,
            "roe_4q": 0,
            "gross_profit": null,
            "gross_margin": null,
            "gross_margin_4q_avg": 0,
            "net_income": null,
            "revenue": null,
            "common_shares": null,
            "book_valuer_per_share": null,
            "book_valuer_per_share_4q_avg": 2.45,
            "equity": null,
            "current_ratio": null,
            "debt_ratio": null,
            "inventory_turnover_ratio": null,
            "account_receivable_turnover_ratio": null,
            "reinvestment_rate": null,
            "research_to_sale_ratio": null,
            "price_fair": 0,
            "eps_avg_yearly": 0,
            "eps_latest_yearly": 0,
            "eps_growth_yearly": 0
        },
        "20023": {
            "year_quarter": 20023,
            "year": 2002,
            "quarter": 3,
            "eps": null,
            "eps_growth_year": null,
            "eps_4q": null,
            "eps_4q_growth_year": null,
            "roe": null,
            "roe_4q": 0,
            "gross_profit": null,
            "gross_margin": null,
            "gross_margin_4q_avg": 0,
            "net_income": null,
            "revenue": null,
            "common_shares": null,
            "book_valuer_per_share": null,
            "book_valuer_per_share_4q_avg": 2.45,
            "equity": null,
            "current_ratio": null,
            "debt_ratio": null,
            "inventory_turnover_ratio": null,
            "account_receivable_turnover_ratio": null,
            "reinvestment_rate": null,
            "research_to_sale_ratio": null,
            "price_fair": 0,
            "eps_avg_yearly": 0,
            "eps_latest_yearly": 0,
            "eps_growth_yearly": 0
        },
        "20024": {
            "year_quarter": 20024,
            "year": 2002,
            "quarter": 4,
            "eps": null,
            "eps_growth_year": null,
            "eps_4q": null,
            "eps_4q_growth_year": null,
            "roe": null,
            "roe_4q": 0,
            "gross_profit": null,
            "gross_margin": null,
            "gross_margin_4q_avg": 0,
            "net_income": null,
            "revenue": null,
            "common_shares": 49999000,
            "book_valuer_per_share": 9.67,
            "book_valuer_per_share_4q_avg": 2.42,
            "equity": 48368382,
            "current_ratio": 70.14,
            "debt_ratio": 67.76,
            "inventory_turnover_ratio": null,
            "account_receivable_turnover_ratio": null,
            "reinvestment_rate": null,
            "research_to_sale_ratio": null,
            "price_fair": 0,
            "eps_avg_yearly": 0,
            "eps_latest_yearly": 0,
            "eps_growth_yearly": 0
        },
        "20031": {
            "year_quarter": 20031,
            "year": 2003,
            "quarter": 1,
            "eps": null,
            "eps_growth_year": null,
            "eps_4q": null,
            "eps_4q_growth_year": null,
            "roe": null,
            "roe_4q": 0,
            "gross_profit": null,
            "gross_margin": null,
            "gross_margin_4q_avg": 0,
            "net_income": null,
            "revenue": null,
            "common_shares": null,
            "book_valuer_per_share": null,
            "book_valuer_per_share_4q_avg": 2.42,
            "equity": null,
            "current_ratio": null,
            "debt_ratio": null,
            "inventory_turnover_ratio": null,
            "account_receivable_turnover_ratio": null,
            "reinvestment_rate": null,
            "research_to_sale_ratio": null,
            "price_fair": 0,
            "eps_avg_yearly": 0,
            "eps_latest_yearly": 0,
            "eps_growth_yearly": 0
        },
        "20032": {
            "year_quarter": 20032,
            "year": 2003,
            "quarter": 2,
            "eps": null,
            "eps_growth_year": null,
            "eps_4q": null,
            "eps_4q_growth_year": null,
            "roe": null,
            "roe_4q": 0,
            "gross_profit": null,
            "gross_margin": null,
            "gross_margin_4q_avg": 0,
            "net_income": null,
            "revenue": null,
            "common_shares": null,
            "book_valuer_per_share": null,
            "book_valuer_per_share_4q_avg": 2.42,
            "equity": null,
            "current_ratio": null,
            "debt_ratio": null,
            "inventory_turnover_ratio": null,
            "account_receivable_turnover_ratio": null,
            "reinvestment_rate": null,
            "research_to_sale_ratio": null,
            "price_fair": 0,
            "eps_avg_yearly": 0,
            "eps_latest_yearly": 0,
            "eps_growth_yearly": 0
        },
        "20033": {
            "year_quarter": 20033,
            "year": 2003,
            "quarter": 3,
            "eps": null,
            "eps_growth_year": null,
            "eps_4q": null,
            "eps_4q_growth_year": null,
            "roe": null,
            "roe_4q": 0,
            "gross_profit": null,
            "gross_margin": null,
            "gross_margin_4q_avg": 0,
            "net_income": null,
            "revenue": null,
            "common_shares": null,
            "book_valuer_per_share": null,
            "book_valuer_per_share_4q_avg": 2.42,
            "equity": null,
            "current_ratio": null,
            "debt_ratio": null,
            "inventory_turnover_ratio": null,
            "account_receivable_turnover_ratio": null,
            "reinvestment_rate": null,
            "research_to_sale_ratio": null,
            "price_fair": 0,
            "eps_avg_yearly": 0,
            "eps_latest_yearly": 0,
            "eps_growth_yearly": 0
        },
        "20034": {
            "year_quarter": 20034,
            "year": 2003,
            "quarter": 4,
            "eps": null,
            "eps_growth_year": null,
            "eps_4q": null,
            "eps_4q_growth_year": null,
            "roe": null,
            "roe_4q": 0,
            "gross_profit": null,
            "gross_margin": null,
            "gross_margin_4q_avg": 0,
            "net_income": null,
            "revenue": null,
            "common_shares": 49999000,
            "book_valuer_per_share": 14.95,
            "book_valuer_per_share_4q_avg": 3.74,
            "equity": 74754352,
            "current_ratio": 55.35,
            "debt_ratio": 68.2,
            "inventory_turnover_ratio": null,
            "account_receivable_turnover_ratio": null,
            "reinvestment_rate": null,
            "research_to_sale_ratio": null,
            "price_fair": 0,
            "eps_avg_yearly": 0,
            "eps_latest_yearly": 0,
            "eps_growth_yearly": 0
        },
        "20041": {
            "year_quarter": 20041,
            "year": 2004,
            "quarter": 1,
            "eps": null,
            "eps_growth_year": null,
            "eps_4q": null,
            "eps_4q_growth_year": null,
            "roe": null,
            "roe_4q": 0,
            "gross_profit": null,
            "gross_margin": null,
            "gross_margin_4q_avg": 0,
            "net_income": null,
            "revenue": null,
            "common_shares": null,
            "book_valuer_per_share": null,
            "book_valuer_per_share_4q_avg": 3.74,
            "equity": null,
            "current_ratio": null,
            "debt_ratio": null,
            "inventory_turnover_ratio": null,
            "account_receivable_turnover_ratio": null,
            "reinvestment_rate": null,
            "research_to_sale_ratio": null,
            "price_fair": 0,
            "eps_avg_yearly": 0,
            "eps_latest_yearly": 0,
            "eps_growth_yearly": 0
        },
        "20042": {
            "year_quarter": 20042,
            "year": 2004,
            "quarter": 2,
            "eps": null,
            "eps_growth_year": null,
            "eps_4q": null,
            "eps_4q_growth_year": null,
            "roe": null,
            "roe_4q": 0,
            "gross_profit": null,
            "gross_margin": null,
            "gross_margin_4q_avg": 0,
            "net_income": null,
            "revenue": null,
            "common_shares": null,
            "book_valuer_per_share": null,
            "book_valuer_per_share_4q_avg": 3.74,
            "equity": null,
            "current_ratio": null,
            "debt_ratio": null,
            "inventory_turnover_ratio": null,
            "account_receivable_turnover_ratio": null,
            "reinvestment_rate": null,
            "research_to_sale_ratio": null,
            "price_fair": 0,
            "eps_avg_yearly": 0,
            "eps_latest_yearly": 0,
            "eps_growth_yearly": 0
        },
        "20043": {
            "year_quarter": 20043,
            "year": 2004,
            "quarter": 3,
            "eps": null,
            "eps_growth_year": null,
            "eps_4q": null,
            "eps_4q_growth_year": null,
            "roe": null,
            "roe_4q": 0,
            "gross_profit": null,
            "gross_margin": null,
            "gross_margin_4q_avg": 0,
            "net_income": null,
            "revenue": null,
            "common_shares": null,
            "book_valuer_per_share": null,
            "book_valuer_per_share_4q_avg": 3.74,
            "equity": null,
            "current_ratio": null,
            "debt_ratio": null,
            "inventory_turnover_ratio": null,
            "account_receivable_turnover_ratio": null,
            "reinvestment_rate": null,
            "research_to_sale_ratio": null,
            "price_fair": 0,
            "eps_avg_yearly": 0,
            "eps_latest_yearly": 0,
            "eps_growth_yearly": 0
        },
        "20044": {
            "year_quarter": 20044,
            "year": 2004,
            "quarter": 4,
            "eps": null,
            "eps_growth_year": null,
            "eps_4q": null,
            "eps_4q_growth_year": null,
            "roe": null,
            "roe_4q": 0,
            "gross_profit": null,
            "gross_margin": null,
            "gross_margin_4q_avg": 0,
            "net_income": null,
            "revenue": null,
            "common_shares": 49999000,
            "book_valuer_per_share": 16.14,
            "book_valuer_per_share_4q_avg": 4.04,
            "equity": 80708649,
            "current_ratio": 36.3,
            "debt_ratio": 74.47,
            "inventory_turnover_ratio": null,
            "account_receivable_turnover_ratio": null,
            "reinvestment_rate": null,
            "research_to_sale_ratio": null,
            "price_fair": 0,
            "eps_avg_yearly": 0,
            "eps_latest_yearly": 0,
            "eps_growth_yearly": 0
        },
        "20051": {
            "year_quarter": 20051,
            "year": 2005,
            "quarter": 1,
            "eps": null,
            "eps_growth_year": null,
            "eps_4q": null,
            "eps_4q_growth_year": null,
            "roe": null,
            "roe_4q": 0,
            "gross_profit": null,
            "gross_margin": null,
            "gross_margin_4q_avg": 0,
            "net_income": null,
            "revenue": null,
            "common_shares": null,
            "book_valuer_per_share": null,
            "book_valuer_per_share_4q_avg": 4.04,
            "equity": null,
            "current_ratio": null,
            "debt_ratio": null,
            "inventory_turnover_ratio": null,
            "account_receivable_turnover_ratio": null,
            "reinvestment_rate": null,
            "research_to_sale_ratio": null,
            "price_fair": 0,
            "eps_avg_yearly": 0,
            "eps_latest_yearly": 0,
            "eps_growth_yearly": 0
        },
        "20052": {
            "year_quarter": 20052,
            "year": 2005,
            "quarter": 2,
            "eps": null,
            "eps_growth_year": null,
            "eps_4q": null,
            "eps_4q_growth_year": null,
            "roe": null,
            "roe_4q": 0,
            "gross_profit": null,
            "gross_margin": null,
            "gross_margin_4q_avg": 0,
            "net_income": null,
            "revenue": null,
            "common_shares": null,
            "book_valuer_per_share": null,
            "book_valuer_per_share_4q_avg": 4.04,
            "equity": null,
            "current_ratio": null,
            "debt_ratio": null,
            "inventory_turnover_ratio": null,
            "account_receivable_turnover_ratio": null,
            "reinvestment_rate": null,
            "research_to_sale_ratio": null,
            "price_fair": 0,
            "eps_avg_yearly": 0,
            "eps_latest_yearly": 0,
            "eps_growth_yearly": 0
        },
        "20053": {
            "year_quarter": 20053,
            "year": 2005,
            "quarter": 3,
            "eps": null,
            "eps_growth_year": null,
            "eps_4q": null,
            "eps_4q_growth_year": null,
            "roe": null,
            "roe_4q": 0,
            "gross_profit": null,
            "gross_margin": null,
            "gross_margin_4q_avg": 0,
            "net_income": null,
            "revenue": null,
            "common_shares": null,
            "book_valuer_per_share": null,
            "book_valuer_per_share_4q_avg": 4.04,
            "equity": null,
            "current_ratio": null,
            "debt_ratio": null,
            "inventory_turnover_ratio": null,
            "account_receivable_turnover_ratio": null,
            "reinvestment_rate": null,
            "research_to_sale_ratio": null,
            "price_fair": 0,
            "eps_avg_yearly": 0,
            "eps_latest_yearly": 0,
            "eps_growth_yearly": 0
        },
        "20054": {
            "year_quarter": 20054,
            "year": 2005,
            "quarter": 4,
            "eps": null,
            "eps_growth_year": null,
            "eps_4q": null,
            "eps_4q_growth_year": null,
            "roe": null,
            "roe_4q": 0,
            "gross_profit": null,
            "gross_margin": null,
            "gross_margin_4q_avg": 0,
            "net_income": null,
            "revenue": null,
            "common_shares": 49999000,
            "book_valuer_per_share": 17.81,
            "book_valuer_per_share_4q_avg": 4.45,
            "equity": 89069311,
            "current_ratio": 8.61,
            "debt_ratio": 76.35,
            "inventory_turnover_ratio": null,
            "account_receivable_turnover_ratio": null,
            "reinvestment_rate": null,
            "research_to_sale_ratio": null,
            "price_fair": 0,
            "eps_avg_yearly": 0,
            "eps_latest_yearly": 0,
            "eps_growth_yearly": 0
        },
        "20061": {
            "year_quarter": 20061,
            "year": 2006,
            "quarter": 1,
            "eps": null,
            "eps_growth_year": null,
            "eps_4q": null,
            "eps_4q_growth_year": null,
            "roe": null,
            "roe_4q": 0,
            "gross_profit": null,
            "gross_margin": null,
            "gross_margin_4q_avg": 0,
            "net_income": null,
            "revenue": null,
            "common_shares": null,
            "book_valuer_per_share": null,
            "book_valuer_per_share_4q_avg": 4.45,
            "equity": null,
            "current_ratio": null,
            "debt_ratio": null,
            "inventory_turnover_ratio": null,
            "account_receivable_turnover_ratio": null,
            "reinvestment_rate": null,
            "research_to_sale_ratio": null,
            "price_fair": 0,
            "eps_avg_yearly": 0,
            "eps_latest_yearly": 0,
            "eps_growth_yearly": 0
        },
        "20062": {
            "year_quarter": 20062,
            "year": 2006,
            "quarter": 2,
            "eps": null,
            "eps_growth_year": null,
            "eps_4q": null,
            "eps_4q_growth_year": null,
            "roe": null,
            "roe_4q": 0,
            "gross_profit": null,
            "gross_margin": null,
            "gross_margin_4q_avg": 0,
            "net_income": null,
            "revenue": null,
            "common_shares": null,
            "book_valuer_per_share": null,
            "book_valuer_per_share_4q_avg": 4.45,
            "equity": null,
            "current_ratio": null,
            "debt_ratio": null,
            "inventory_turnover_ratio": null,
            "account_receivable_turnover_ratio": null,
            "reinvestment_rate": null,
            "research_to_sale_ratio": null,
            "price_fair": 0,
            "eps_avg_yearly": 0,
            "eps_latest_yearly": 0,
            "eps_growth_yearly": 0
        },
        "20063": {
            "year_quarter": 20063,
            "year": 2006,
            "quarter": 3,
            "eps": null,
            "eps_growth_year": null,
            "eps_4q": null,
            "eps_4q_growth_year": null,
            "roe": null,
            "roe_4q": 0,
            "gross_profit": null,
            "gross_margin": null,
            "gross_margin_4q_avg": 0,
            "net_income": null,
            "revenue": null,
            "common_shares": null,
            "book_valuer_per_share": null,
            "book_valuer_per_share_4q_avg": 4.45,
            "equity": null,
            "current_ratio": null,
            "debt_ratio": null,
            "inventory_turnover_ratio": null,
            "account_receivable_turnover_ratio": null,
            "reinvestment_rate": null,
            "research_to_sale_ratio": null,
            "price_fair": 0,
            "eps_avg_yearly": 0,
            "eps_latest_yearly": 0,
            "eps_growth_yearly": 0
        },
        "20064": {
            "year_quarter": 20064,
            "year": 2006,
            "quarter": 4,
            "eps": null,
            "eps_growth_year": null,
            "eps_4q": null,
            "eps_4q_growth_year": null,
            "roe": null,
            "roe_4q": 0,
            "gross_profit": null,
            "gross_margin": null,
            "gross_margin_4q_avg": 0,
            "net_income": null,
            "revenue": null,
            "common_shares": 50509000,
            "book_valuer_per_share": 16.32,
            "book_valuer_per_share_4q_avg": 4.08,
            "equity": 82416335,
            "current_ratio": 5.31,
            "debt_ratio": 80.72,
            "inventory_turnover_ratio": null,
            "account_receivable_turnover_ratio": null,
            "reinvestment_rate": null,
            "research_to_sale_ratio": null,
            "price_fair": 0,
            "eps_avg_yearly": 0,
            "eps_latest_yearly": 0,
            "eps_growth_yearly": 0
        },
        "20071": {
            "year_quarter": 20071,
            "year": 2007,
            "quarter": 1,
            "eps": null,
            "eps_growth_year": null,
            "eps_4q": null,
            "eps_4q_growth_year": null,
            "roe": null,
            "roe_4q": 0,
            "gross_profit": null,
            "gross_margin": null,
            "gross_margin_4q_avg": 0,
            "net_income": null,
            "revenue": null,
            "common_shares": null,
            "book_valuer_per_share": null,
            "book_valuer_per_share_4q_avg": 4.08,
            "equity": null,
            "current_ratio": null,
            "debt_ratio": null,
            "inventory_turnover_ratio": null,
            "account_receivable_turnover_ratio": null,
            "reinvestment_rate": null,
            "research_to_sale_ratio": null,
            "price_fair": 0,
            "eps_avg_yearly": 0,
            "eps_latest_yearly": 0,
            "eps_growth_yearly": 0
        },
        "20072": {
            "year_quarter": 20072,
            "year": 2007,
            "quarter": 2,
            "eps": null,
            "eps_growth_year": null,
            "eps_4q": null,
            "eps_4q_growth_year": null,
            "roe": null,
            "roe_4q": 0,
            "gross_profit": null,
            "gross_margin": null,
            "gross_margin_4q_avg": 0,
            "net_income": null,
            "revenue": null,
            "common_shares": null,
            "book_valuer_per_share": null,
            "book_valuer_per_share_4q_avg": 4.08,
            "equity": null,
            "current_ratio": null,
            "debt_ratio": null,
            "inventory_turnover_ratio": null,
            "account_receivable_turnover_ratio": null,
            "reinvestment_rate": null,
            "research_to_sale_ratio": null,
            "price_fair": 0,
            "eps_avg_yearly": 0,
            "eps_latest_yearly": 0,
            "eps_growth_yearly": 0
        },
        "20073": {
            "year_quarter": 20073,
            "year": 2007,
            "quarter": 3,
            "eps": null,
            "eps_growth_year": null,
            "eps_4q": null,
            "eps_4q_growth_year": null,
            "roe": null,
            "roe_4q": 0,
            "gross_profit": null,
            "gross_margin": null,
            "gross_margin_4q_avg": 0,
            "net_income": null,
            "revenue": null,
            "common_shares": null,
            "book_valuer_per_share": null,
            "book_valuer_per_share_4q_avg": 4.08,
            "equity": null,
            "current_ratio": null,
            "debt_ratio": null,
            "inventory_turnover_ratio": null,
            "account_receivable_turnover_ratio": null,
            "reinvestment_rate": null,
            "research_to_sale_ratio": null,
            "price_fair": 0,
            "eps_avg_yearly": 0,
            "eps_latest_yearly": 0,
            "eps_growth_yearly": 0
        },
        "20074": {
            "year_quarter": 20074,
            "year": 2007,
            "quarter": 4,
            "eps": null,
            "eps_growth_year": null,
            "eps_4q": null,
            "eps_4q_growth_year": null,
            "roe": null,
            "roe_4q": 0,
            "gross_profit": null,
            "gross_margin": null,
            "gross_margin_4q_avg": 0,
            "net_income": null,
            "revenue": null,
            "common_shares": 56724834,
            "book_valuer_per_share": 9.59,
            "book_valuer_per_share_4q_avg": 2.4,
            "equity": 54406471,
            "current_ratio": 19.76,
            "debt_ratio": 87.63,
            "inventory_turnover_ratio": null,
            "account_receivable_turnover_ratio": null,
            "reinvestment_rate": null,
            "research_to_sale_ratio": null,
            "price_fair": 0,
            "eps_avg_yearly": 0,
            "eps_latest_yearly": 0,
            "eps_growth_yearly": 0
        },
        "20081": {
            "year_quarter": 20081,
            "year": 2008,
            "quarter": 1,
            "eps": null,
            "eps_growth_year": null,
            "eps_4q": null,
            "eps_4q_growth_year": null,
            "roe": null,
            "roe_4q": 0,
            "gross_profit": null,
            "gross_margin": null,
            "gross_margin_4q_avg": 0,
            "net_income": null,
            "revenue": null,
            "common_shares": null,
            "book_valuer_per_share": null,
            "book_valuer_per_share_4q_avg": 2.4,
            "equity": null,
            "current_ratio": null,
            "debt_ratio": null,
            "inventory_turnover_ratio": null,
            "account_receivable_turnover_ratio": null,
            "reinvestment_rate": null,
            "research_to_sale_ratio": null,
            "price_fair": 0,
            "eps_avg_yearly": 0,
            "eps_latest_yearly": 0,
            "eps_growth_yearly": 0
        },
        "20082": {
            "year_quarter": 20082,
            "year": 2008,
            "quarter": 2,
            "eps": null,
            "eps_growth_year": null,
            "eps_4q": null,
            "eps_4q_growth_year": null,
            "roe": null,
            "roe_4q": 0,
            "gross_profit": null,
            "gross_margin": null,
            "gross_margin_4q_avg": 0,
            "net_income": null,
            "revenue": null,
            "common_shares": null,
            "book_valuer_per_share": null,
            "book_valuer_per_share_4q_avg": 2.4,
            "equity": null,
            "current_ratio": null,
            "debt_ratio": null,
            "inventory_turnover_ratio": null,
            "account_receivable_turnover_ratio": null,
            "reinvestment_rate": null,
            "research_to_sale_ratio": null,
            "price_fair": 0,
            "eps_avg_yearly": 0,
            "eps_latest_yearly": 0,
            "eps_growth_yearly": 0
        },
        "20083": {
            "year_quarter": 20083,
            "year": 2008,
            "quarter": 3,
            "eps": null,
            "eps_growth_year": null,
            "eps_4q": null,
            "eps_4q_growth_year": null,
            "roe": null,
            "roe_4q": 0,
            "gross_profit": null,
            "gross_margin": null,
            "gross_margin_4q_avg": 0,
            "net_income": null,
            "revenue": null,
            "common_shares": null,
            "book_valuer_per_share": null,
            "book_valuer_per_share_4q_avg": 2.4,
            "equity": null,
            "current_ratio": null,
            "debt_ratio": null,
            "inventory_turnover_ratio": null,
            "account_receivable_turnover_ratio": null,
            "reinvestment_rate": null,
            "research_to_sale_ratio": null,
            "price_fair": 0,
            "eps_avg_yearly": 0,
            "eps_latest_yearly": 0,
            "eps_growth_yearly": 0
        },
        "20084": {
            "year_quarter": 20084,
            "year": 2008,
            "quarter": 4,
            "eps": null,
            "eps_growth_year": null,
            "eps_4q": null,
            "eps_4q_growth_year": null,
            "roe": null,
            "roe_4q": 0,
            "gross_profit": null,
            "gross_margin": null,
            "gross_margin_4q_avg": 0,
            "net_income": null,
            "revenue": null,
            "common_shares": 58978626,
            "book_valuer_per_share": 5.01,
            "book_valuer_per_share_4q_avg": 1.25,
            "equity": 29575396,
            "current_ratio": 45.8,
            "debt_ratio": 93.04,
            "inventory_turnover_ratio": null,
            "account_receivable_turnover_ratio": null,
            "reinvestment_rate": null,
            "research_to_sale_ratio": null,
            "price_fair": 0,
            "eps_avg_yearly": 0,
            "eps_latest_yearly": 0,
            "eps_growth_yearly": 0
        },
        "20091": {
            "year_quarter": 20091,
            "year": 2009,
            "quarter": 1,
            "eps": null,
            "eps_growth_year": null,
            "eps_4q": null,
            "eps_4q_growth_year": null,
            "roe": null,
            "roe_4q": 0,
            "gross_profit": null,
            "gross_margin": null,
            "gross_margin_4q_avg": 0,
            "net_income": null,
            "revenue": null,
            "common_shares": null,
            "book_valuer_per_share": null,
            "book_valuer_per_share_4q_avg": 1.25,
            "equity": null,
            "current_ratio": null,
            "debt_ratio": null,
            "inventory_turnover_ratio": null,
            "account_receivable_turnover_ratio": null,
            "reinvestment_rate": null,
            "research_to_sale_ratio": null,
            "price_fair": 0,
            "eps_avg_yearly": 0,
            "eps_latest_yearly": 0,
            "eps_growth_yearly": 0
        },
        "20092": {
            "year_quarter": 20092,
            "year": 2009,
            "quarter": 2,
            "eps": null,
            "eps_growth_year": null,
            "eps_4q": null,
            "eps_4q_growth_year": null,
            "roe": null,
            "roe_4q": 0,
            "gross_profit": null,
            "gross_margin": null,
            "gross_margin_4q_avg": 0,
            "net_income": null,
            "revenue": null,
            "common_shares": 58978626,
            "book_valuer_per_share": null,
            "book_valuer_per_share_4q_avg": 1.25,
            "equity": 26880186,
            "current_ratio": null,
            "debt_ratio": null,
            "inventory_turnover_ratio": null,
            "account_receivable_turnover_ratio": null,
            "reinvestment_rate": null,
            "research_to_sale_ratio": null,
            "price_fair": 0,
            "eps_avg_yearly": 0,
            "eps_latest_yearly": 0,
            "eps_growth_yearly": 0
        },
        "20093": {
            "year_quarter": 20093,
            "year": 2009,
            "quarter": 3,
            "eps": null,
            "eps_growth_year": null,
            "eps_4q": null,
            "eps_4q_growth_year": null,
            "roe": null,
            "roe_4q": 0,
            "gross_profit": null,
            "gross_margin": null,
            "gross_margin_4q_avg": 0,
            "net_income": null,
            "revenue": null,
            "common_shares": null,
            "book_valuer_per_share": null,
            "book_valuer_per_share_4q_avg": 1.25,
            "equity": null,
            "current_ratio": null,
            "debt_ratio": null,
            "inventory_turnover_ratio": null,
            "account_receivable_turnover_ratio": null,
            "reinvestment_rate": null,
            "research_to_sale_ratio": null,
            "price_fair": 0,
            "eps_avg_yearly": 0,
            "eps_latest_yearly": 0,
            "eps_growth_yearly": 0
        },
        "20094": {
            "year_quarter": 20094,
            "year": 2009,
            "quarter": 4,
            "eps": null,
            "eps_growth_year": null,
            "eps_4q": null,
            "eps_4q_growth_year": null,
            "roe": null,
            "roe_4q": 0,
            "gross_profit": null,
            "gross_margin": null,
            "gross_margin_4q_avg": 0,
            "net_income": null,
            "revenue": null,
            "common_shares": 65032326,
            "book_valuer_per_share": 2.35,
            "book_valuer_per_share_4q_avg": 0.59,
            "equity": 24786400,
            "current_ratio": 17.91,
            "debt_ratio": 94.01,
            "inventory_turnover_ratio": null,
            "account_receivable_turnover_ratio": null,
            "reinvestment_rate": null,
            "research_to_sale_ratio": null,
            "price_fair": 0,
            "eps_avg_yearly": 0,
            "eps_latest_yearly": 0,
            "eps_growth_yearly": 0
        },
        "20101": {
            "year_quarter": 20101,
            "year": 2010,
            "quarter": 1,
            "eps": null,
            "eps_growth_year": null,
            "eps_4q": null,
            "eps_4q_growth_year": null,
            "roe": null,
            "roe_4q": 0,
            "gross_profit": null,
            "gross_margin": null,
            "gross_margin_4q_avg": 0,
            "net_income": null,
            "revenue": null,
            "common_shares": null,
            "book_valuer_per_share": null,
            "book_valuer_per_share_4q_avg": 0.59,
            "equity": null,
            "current_ratio": null,
            "debt_ratio": null,
            "inventory_turnover_ratio": null,
            "account_receivable_turnover_ratio": null,
            "reinvestment_rate": null,
            "research_to_sale_ratio": null,
            "price_fair": 0,
            "eps_avg_yearly": 0,
            "eps_latest_yearly": 0,
            "eps_growth_yearly": 0
        },
        "20102": {
            "year_quarter": 20102,
            "year": 2010,
            "quarter": 2,
            "eps": null,
            "eps_growth_year": null,
            "eps_4q": null,
            "eps_4q_growth_year": null,
            "roe": null,
            "roe_4q": 0,
            "gross_profit": null,
            "gross_margin": null,
            "gross_margin_4q_avg": 0,
            "net_income": null,
            "revenue": null,
            "common_shares": 65132326,
            "book_valuer_per_share": 2.13,
            "book_valuer_per_share_4q_avg": 1.12,
            "equity": 22484023,
            "current_ratio": 63.21,
            "debt_ratio": 94.59,
            "inventory_turnover_ratio": null,
            "account_receivable_turnover_ratio": null,
            "reinvestment_rate": null,
            "research_to_sale_ratio": null,
            "price_fair": 0,
            "eps_avg_yearly": 0,
            "eps_latest_yearly": 0,
            "eps_growth_yearly": 0
        },
        "20103": {
            "year_quarter": 20103,
            "year": 2010,
            "quarter": 3,
            "eps": null,
            "eps_growth_year": null,
            "eps_4q": null,
            "eps_4q_growth_year": null,
            "roe": null,
            "roe_4q": 0,
            "gross_profit": null,
            "gross_margin": null,
            "gross_margin_4q_avg": 0,
            "net_income": null,
            "revenue": null,
            "common_shares": null,
            "book_valuer_per_share": null,
            "book_valuer_per_share_4q_avg": 1.12,
            "equity": null,
            "current_ratio": null,
            "debt_ratio": null,
            "inventory_turnover_ratio": null,
            "account_receivable_turnover_ratio": null,
            "reinvestment_rate": null,
            "research_to_sale_ratio": null,
            "price_fair": 0,
            "eps_avg_yearly": 0,
            "eps_latest_yearly": 0,
            "eps_growth_yearly": 0
        },
        "20104": {
            "year_quarter": 20104,
            "year": 2010,
            "quarter": 4,
            "eps": null,
            "eps_growth_year": null,
            "eps_4q": null,
            "eps_4q_growth_year": null,
            "roe": null,
            "roe_4q": 0,
            "gross_profit": null,
            "gross_margin": null,
            "gross_margin_4q_avg": 0,
            "net_income": null,
            "revenue": null,
            "common_shares": 65132326,
            "book_valuer_per_share": 2.24,
            "book_valuer_per_share_4q_avg": 1.09,
            "equity": 23576615,
            "current_ratio": 68.09,
            "debt_ratio": 94.36,
            "inventory_turnover_ratio": null,
            "account_receivable_turnover_ratio": null,
            "reinvestment_rate": null,
            "research_to_sale_ratio": null,
            "price_fair": 0,
            "eps_avg_yearly": 0,
            "eps_latest_yearly": 0,
            "eps_growth_yearly": 0
        },
        "20111": {
            "year_quarter": 20111,
            "year": 2011,
            "quarter": 1,
            "eps": null,
            "eps_growth_year": null,
            "eps_4q": null,
            "eps_4q_growth_year": null,
            "roe": null,
            "roe_4q": 0,
            "gross_profit": null,
            "gross_margin": null,
            "gross_margin_4q_avg": 0,
            "net_income": null,
            "revenue": null,
            "common_shares": null,
            "book_valuer_per_share": null,
            "book_valuer_per_share_4q_avg": 1.09,
            "equity": null,
            "current_ratio": null,
            "debt_ratio": null,
            "inventory_turnover_ratio": null,
            "account_receivable_turnover_ratio": null,
            "reinvestment_rate": null,
            "research_to_sale_ratio": null,
            "price_fair": 0,
            "eps_avg_yearly": 0,
            "eps_latest_yearly": 0,
            "eps_growth_yearly": 0
        },
        "20112": {
            "year_quarter": 20112,
            "year": 2011,
            "quarter": 2,
            "eps": null,
            "eps_growth_year": null,
            "eps_4q": null,
            "eps_4q_growth_year": null,
            "roe": null,
            "roe_4q": 0,
            "gross_profit": null,
            "gross_margin": null,
            "gross_margin_4q_avg": 0,
            "net_income": null,
            "revenue": null,
            "common_shares": 65132326,
            "book_valuer_per_share": 2.4,
            "book_valuer_per_share_4q_avg": 1.16,
            "equity": 25320541,
            "current_ratio": 66.48,
            "debt_ratio": 93.97,
            "inventory_turnover_ratio": null,
            "account_receivable_turnover_ratio": null,
            "reinvestment_rate": null,
            "research_to_sale_ratio": null,
            "price_fair": 0,
            "eps_avg_yearly": 0,
            "eps_latest_yearly": 0,
            "eps_growth_yearly": 0
        },
        "20113": {
            "year_quarter": 20113,
            "year": 2011,
            "quarter": 3,
            "eps": null,
            "eps_growth_year": null,
            "eps_4q": null,
            "eps_4q_growth_year": null,
            "roe": null,
            "roe_4q": 0,
            "gross_profit": null,
            "gross_margin": null,
            "gross_margin_4q_avg": 0,
            "net_income": null,
            "revenue": null,
            "common_shares": null,
            "book_valuer_per_share": null,
            "book_valuer_per_share_4q_avg": 1.16,
            "equity": null,
            "current_ratio": null,
            "debt_ratio": null,
            "inventory_turnover_ratio": null,
            "account_receivable_turnover_ratio": null,
            "reinvestment_rate": null,
            "research_to_sale_ratio": null,
            "price_fair": 0,
            "eps_avg_yearly": 0,
            "eps_latest_yearly": 0,
            "eps_growth_yearly": 0
        },
        "20114": {
            "year_quarter": 20114,
            "year": 2011,
            "quarter": 4,
            "eps": null,
            "eps_growth_year": null,
            "eps_4q": null,
            "eps_4q_growth_year": null,
            "roe": null,
            "roe_4q": 0,
            "gross_profit": null,
            "gross_margin": null,
            "gross_margin_4q_avg": 0,
            "net_income": null,
            "revenue": null,
            "common_shares": 65132326,
            "book_valuer_per_share": 2.74,
            "book_valuer_per_share_4q_avg": 1.29,
            "equity": 28806655,
            "current_ratio": 196.18,
            "debt_ratio": 93.22,
            "inventory_turnover_ratio": null,
            "account_receivable_turnover_ratio": null,
            "reinvestment_rate": null,
            "research_to_sale_ratio": null,
            "price_fair": 0,
            "eps_avg_yearly": 0,
            "eps_latest_yearly": 0,
            "eps_growth_yearly": 0
        },
        "20121": {
            "year_quarter": 20121,
            "year": 2012,
            "quarter": 1,
            "eps": null,
            "eps_growth_year": null,
            "eps_4q": null,
            "eps_4q_growth_year": null,
            "roe": null,
            "roe_4q": 0,
            "gross_profit": null,
            "gross_margin": null,
            "gross_margin_4q_avg": 0,
            "net_income": null,
            "revenue": null,
            "common_shares": null,
            "book_valuer_per_share": null,
            "book_valuer_per_share_4q_avg": 1.29,
            "equity": null,
            "current_ratio": null,
            "debt_ratio": null,
            "inventory_turnover_ratio": null,
            "account_receivable_turnover_ratio": null,
            "reinvestment_rate": null,
            "research_to_sale_ratio": null,
            "price_fair": 0,
            "eps_avg_yearly": 0,
            "eps_latest_yearly": 0,
            "eps_growth_yearly": 0
        },
        "20122": {
            "year_quarter": 20122,
            "year": 2012,
            "quarter": 2,
            "eps": null,
            "eps_growth_year": null,
            "eps_4q": null,
            "eps_4q_growth_year": null,
            "roe": null,
            "roe_4q": 0,
            "gross_profit": null,
            "gross_margin": null,
            "gross_margin_4q_avg": 0,
            "net_income": null,
            "revenue": null,
            "common_shares": 65132326,
            "book_valuer_per_share": 2.89,
            "book_valuer_per_share_4q_avg": 1.41,
            "equity": 30488631,
            "current_ratio": 272.78,
            "debt_ratio": 92.79,
            "inventory_turnover_ratio": null,
            "account_receivable_turnover_ratio": null,
            "reinvestment_rate": null,
            "research_to_sale_ratio": null,
            "price_fair": 0,
            "eps_avg_yearly": 0,
            "eps_latest_yearly": 0,
            "eps_growth_yearly": 0
        },
        "20123": {
            "year_quarter": 20123,
            "year": 2012,
            "quarter": 3,
            "eps": null,
            "eps_growth_year": null,
            "eps_4q": null,
            "eps_4q_growth_year": null,
            "roe": null,
            "roe_4q": 0,
            "gross_profit": null,
            "gross_margin": null,
            "gross_margin_4q_avg": 0,
            "net_income": null,
            "revenue": null,
            "common_shares": null,
            "book_valuer_per_share": null,
            "book_valuer_per_share_4q_avg": 1.41,
            "equity": null,
            "current_ratio": null,
            "debt_ratio": null,
            "inventory_turnover_ratio": null,
            "account_receivable_turnover_ratio": null,
            "reinvestment_rate": null,
            "research_to_sale_ratio": null,
            "price_fair": 0,
            "eps_avg_yearly": 0,
            "eps_latest_yearly": 0,
            "eps_growth_yearly": 0
        },
        "20124": {
            "year_quarter": 20124,
            "year": 2012,
            "quarter": 4,
            "eps": null,
            "eps_growth_year": null,
            "eps_4q": null,
            "eps_4q_growth_year": null,
            "roe": null,
            "roe_4q": 0,
            "gross_profit": null,
            "gross_margin": null,
            "gross_margin_4q_avg": 0,
            "net_income": null,
            "revenue": null,
            "common_shares": 65132326,
            "book_valuer_per_share": 3.07,
            "book_valuer_per_share_4q_avg": 1.49,
            "equity": 32384292,
            "current_ratio": 506.18,
            "debt_ratio": 92.25,
            "inventory_turnover_ratio": null,
            "account_receivable_turnover_ratio": null,
            "reinvestment_rate": null,
            "research_to_sale_ratio": null,
            "price_fair": 0,
            "eps_avg_yearly": 0,
            "eps_latest_yearly": 0,
            "eps_growth_yearly": 0
        },
        "20131": {
            "year_quarter": 20131,
            "year": 2013,
            "quarter": 1,
            "eps": null,
            "eps_growth_year": null,
            "eps_4q": null,
            "eps_4q_growth_year": null,
            "roe": null,
            "roe_4q": 0,
            "gross_profit": null,
            "gross_margin": null,
            "gross_margin_4q_avg": 0,
            "net_income": null,
            "revenue": null,
            "common_shares": null,
            "book_valuer_per_share": null,
            "book_valuer_per_share_4q_avg": 1.49,
            "equity": null,
            "current_ratio": null,
            "debt_ratio": null,
            "inventory_turnover_ratio": null,
            "account_receivable_turnover_ratio": null,
            "reinvestment_rate": null,
            "research_to_sale_ratio": null,
            "price_fair": 0,
            "eps_avg_yearly": 0,
            "eps_latest_yearly": 0,
            "eps_growth_yearly": 0
        },
        "20132": {
            "year_quarter": 20132,
            "year": 2013,
            "quarter": 2,
            "eps": null,
            "eps_growth_year": null,
            "eps_4q": null,
            "eps_4q_growth_year": null,
            "roe": null,
            "roe_4q": 0,
            "gross_profit": null,
            "gross_margin": null,
            "gross_margin_4q_avg": 0,
            "net_income": null,
            "revenue": null,
            "common_shares": 65132326,
            "book_valuer_per_share": 3.97,
            "book_valuer_per_share_4q_avg": 1.76,
            "equity": 41840800,
            "current_ratio": 546.64,
            "debt_ratio": 91.59,
            "inventory_turnover_ratio": null,
            "account_receivable_turnover_ratio": null,
            "reinvestment_rate": null,
            "research_to_sale_ratio": null,
            "price_fair": 0,
            "eps_avg_yearly": 0,
            "eps_latest_yearly": 0,
            "eps_growth_yearly": 0
        },
        "20133": {
            "year_quarter": 20133,
            "year": 2013,
            "quarter": 3,
            "eps": null,
            "eps_growth_year": null,
            "eps_4q": null,
            "eps_4q_growth_year": null,
            "roe": null,
            "roe_4q": 0,
            "gross_profit": null,
            "gross_margin": null,
            "gross_margin_4q_avg": 0,
            "net_income": null,
            "revenue": null,
            "common_shares": null,
            "book_valuer_per_share": null,
            "book_valuer_per_share_4q_avg": 1.76,
            "equity": null,
            "current_ratio": null,
            "debt_ratio": null,
            "inventory_turnover_ratio": null,
            "account_receivable_turnover_ratio": null,
            "reinvestment_rate": null,
            "research_to_sale_ratio": null,
            "price_fair": 0,
            "eps_avg_yearly": 0,
            "eps_latest_yearly": 0,
            "eps_growth_yearly": 0
        },
        "20134": {
            "year_quarter": 20134,
            "year": 2013,
            "quarter": 4,
            "eps": null,
            "eps_growth_year": null,
            "eps_4q": null,
            "eps_4q_growth_year": null,
            "roe": null,
            "roe_4q": 0,
            "gross_profit": null,
            "gross_margin": null,
            "gross_margin_4q_avg": 0,
            "net_income": null,
            "revenue": null,
            "common_shares": 65132326,
            "book_valuer_per_share": 4.09,
            "book_valuer_per_share_4q_avg": 2.02,
            "equity": 43128730,
            "current_ratio": 531.02,
            "debt_ratio": 91.38,
            "inventory_turnover_ratio": null,
            "account_receivable_turnover_ratio": null,
            "reinvestment_rate": null,
            "research_to_sale_ratio": null,
            "price_fair": 0,
            "eps_avg_yearly": 0,
            "eps_latest_yearly": 0,
            "eps_growth_yearly": 0
        },
        "20141": {
            "year_quarter": 20141,
            "year": 2014,
            "quarter": 1,
            "eps": null,
            "eps_growth_year": null,
            "eps_4q": null,
            "eps_4q_growth_year": null,
            "roe": null,
            "roe_4q": 0,
            "gross_profit": null,
            "gross_margin": null,
            "gross_margin_4q_avg": 0,
            "net_income": null,
            "revenue": null,
            "common_shares": null,
            "book_valuer_per_share": null,
            "book_valuer_per_share_4q_avg": 2.02,
            "equity": null,
            "current_ratio": null,
            "debt_ratio": null,
            "inventory_turnover_ratio": null,
            "account_receivable_turnover_ratio": null,
            "reinvestment_rate": null,
            "research_to_sale_ratio": null,
            "price_fair": 0,
            "eps_avg_yearly": 0,
            "eps_latest_yearly": 0,
            "eps_growth_yearly": 0
        },
        "20142": {
            "year_quarter": 20142,
            "year": 2014,
            "quarter": 2,
            "eps": null,
            "eps_growth_year": null,
            "eps_4q": null,
            "eps_4q_growth_year": null,
            "roe": null,
            "roe_4q": 0,
            "gross_profit": null,
            "gross_margin": null,
            "gross_margin_4q_avg": 0,
            "net_income": null,
            "revenue": null,
            "common_shares": 65132326,
            "book_valuer_per_share": 4.58,
            "book_valuer_per_share_4q_avg": 2.17,
            "equity": 48207673,
            "current_ratio": 702.84,
            "debt_ratio": 90.38,
            "inventory_turnover_ratio": null,
            "account_receivable_turnover_ratio": null,
            "reinvestment_rate": null,
            "research_to_sale_ratio": null,
            "price_fair": 0,
            "eps_avg_yearly": 0,
            "eps_latest_yearly": 0,
            "eps_growth_yearly": 0
        },
        "20143": {
            "year_quarter": 20143,
            "year": 2014,
            "quarter": 3,
            "eps": null,
            "eps_growth_year": null,
            "eps_4q": null,
            "eps_4q_growth_year": null,
            "roe": null,
            "roe_4q": 0,
            "gross_profit": null,
            "gross_margin": null,
            "gross_margin_4q_avg": 0,
            "net_income": null,
            "revenue": null,
            "common_shares": null,
            "book_valuer_per_share": null,
            "book_valuer_per_share_4q_avg": 2.17,
            "equity": null,
            "current_ratio": null,
            "debt_ratio": null,
            "inventory_turnover_ratio": null,
            "account_receivable_turnover_ratio": null,
            "reinvestment_rate": null,
            "research_to_sale_ratio": null,
            "price_fair": 0,
            "eps_avg_yearly": 0,
            "eps_latest_yearly": 0,
            "eps_growth_yearly": 0
        },
        "20144": {
            "year_quarter": 20144,
            "year": 2014,
            "quarter": 4,
            "eps": null,
            "eps_growth_year": null,
            "eps_4q": null,
            "eps_4q_growth_year": null,
            "roe": null,
            "roe_4q": 0,
            "gross_profit": null,
            "gross_margin": null,
            "gross_margin_4q_avg": 0,
            "net_income": null,
            "revenue": null,
            "common_shares": 65132326,
            "book_valuer_per_share": 4.28,
            "book_valuer_per_share_4q_avg": 2.22,
            "equity": 45049032,
            "current_ratio": 521.35,
            "debt_ratio": 91.02,
            "inventory_turnover_ratio": null,
            "account_receivable_turnover_ratio": null,
            "reinvestment_rate": null,
            "research_to_sale_ratio": null,
            "price_fair": 0,
            "eps_avg_yearly": 0,
            "eps_latest_yearly": 0,
            "eps_growth_yearly": 0
        },
        "20151": {
            "year_quarter": 20151,
            "year": 2015,
            "quarter": 1,
            "eps": null,
            "eps_growth_year": null,
            "eps_4q": null,
            "eps_4q_growth_year": null,
            "roe": null,
            "roe_4q": 0,
            "gross_profit": 2466144,
            "gross_margin": null,
            "gross_margin_4q_avg": 0,
            "net_income": -408814,
            "revenue": 9928542,
            "common_shares": 65132326,
            "book_valuer_per_share": 6.43,
            "book_valuer_per_share_4q_avg": 3.82,
            "equity": 41863300,
            "current_ratio": 463.47,
            "debt_ratio": 91.65,
            "inventory_turnover_ratio": null,
            "account_receivable_turnover_ratio": null,
            "reinvestment_rate": null,
            "research_to_sale_ratio": null,
            "price_fair": 0,
            "eps_avg_yearly": 0,
            "eps_latest_yearly": 0,
            "eps_growth_yearly": 0
        },
        "20152": {
            "year_quarter": 20152,
            "year": 2015,
            "quarter": 2,
            "eps": -0.02,
            "eps_growth_year": null,
            "eps_4q": null,
            "eps_4q_growth_year": null,
            "roe": -0.37,
            "roe_4q": -0.37,
            "gross_profit": 2360204,
            "gross_margin": 23.58,
            "gross_margin_4q_avg": 5.9,
            "net_income": -152544,
            "revenue": 10009926,
            "common_shares": 65132326,
            "book_valuer_per_share": 3.79,
            "book_valuer_per_share_4q_avg": 3.63,
            "equity": 39873419,
            "current_ratio": 301.9,
            "debt_ratio": 92.04,
            "inventory_turnover_ratio": 2.76,
            "account_receivable_turnover_ratio": 98.41,
            "reinvestment_rate": null,
            "research_to_sale_ratio": null,
            "price_fair": 0,
            "eps_avg_yearly": 0,
            "eps_latest_yearly": 0,
            "eps_growth_yearly": 0
        },
        "20153": {
            "year_quarter": 20153,
            "year": 2015,
            "quarter": 3,
            "eps": null,
            "eps_growth_year": null,
            "eps_4q": null,
            "eps_4q_growth_year": null,
            "roe": null,
            "roe_4q": -0.37,
            "gross_profit": 2186779,
            "gross_margin": null,
            "gross_margin_4q_avg": 5.9,
            "net_income": -229533,
            "revenue": 9902742,
            "common_shares": 65132326,
            "book_valuer_per_share": 1.32,
            "book_valuer_per_share_4q_avg": 3.96,
            "equity": 8586950,
            "current_ratio": 203.95,
            "debt_ratio": 98.14,
            "inventory_turnover_ratio": null,
            "account_receivable_turnover_ratio": null,
            "reinvestment_rate": null,
            "research_to_sale_ratio": null,
            "price_fair": 0,
            "eps_avg_yearly": 0,
            "eps_latest_yearly": 0,
            "eps_growth_yearly": 0
        },
        "20154": {
            "year_quarter": 20154,
            "year": 2015,
            "quarter": 4,
            "eps": null,
            "eps_growth_year": null,
            "eps_4q": null,
            "eps_4q_growth_year": null,
            "roe": null,
            "roe_4q": -0.37,
            "gross_profit": 14388805,
            "gross_margin": null,
            "gross_margin_4q_avg": 5.9,
            "net_income": 21663521,
            "revenue": 22060182,
            "common_shares": 56052930,
            "book_valuer_per_share": 10.74,
            "book_valuer_per_share_4q_avg": 5.57,
            "equity": 60202722,
            "current_ratio": 166.37,
            "debt_ratio": 88.12,
            "inventory_turnover_ratio": null,
            "account_receivable_turnover_ratio": null,
            "reinvestment_rate": null,
            "research_to_sale_ratio": null,
            "price_fair": 0,
            "eps_avg_yearly": 0,
            "eps_latest_yearly": 0,
            "eps_growth_yearly": 0
        },
        "20161": {
            "year_quarter": 20161,
            "year": 2016,
            "quarter": 1,
            "eps": 0.2,
            "eps_growth_year": null,
            "eps_4q": 0.17,
            "eps_4q_growth_year": null,
            "roe": 1.83,
            "roe_4q": 1.46,
            "gross_profit": 3797841,
            "gross_margin": 38.04,
            "gross_margin_4q_avg": 15.41,
            "net_income": 1113706,
            "revenue": 9983118,
            "common_shares": 56052930,
            "book_valuer_per_share": 10.94,
            "book_valuer_per_share_4q_avg": 6.7,
            "equity": 61316895,
            "current_ratio": 127.56,
            "debt_ratio": 87.57,
            "inventory_turnover_ratio": 2.82,
            "account_receivable_turnover_ratio": 45.4,
            "reinvestment_rate": null,
            "research_to_sale_ratio": null,
            "price_fair": 0,
            "eps_avg_yearly": 0,
            "eps_latest_yearly": 0,
            "eps_growth_yearly": 0
        },
        "20162": {
            "year_quarter": 20162,
            "year": 2016,
            "quarter": 2,
            "eps": 0.2,
            "eps_growth_year": null,
            "eps_4q": 0.4,
            "eps_4q_growth_year": null,
            "roe": 1.84,
            "roe_4q": 3.67,
            "gross_profit": 3768565,
            "gross_margin": 37.45,
            "gross_margin_4q_avg": 18.87,
            "net_income": 1107636,
            "revenue": 10062867,
            "common_shares": 56052930,
            "book_valuer_per_share": 10.49,
            "book_valuer_per_share_4q_avg": 8.37,
            "equity": 58781552,
            "current_ratio": 113.52,
            "debt_ratio": 87.44,
            "inventory_turnover_ratio": 2.79,
            "account_receivable_turnover_ratio": 46.75,
            "reinvestment_rate": null,
            "research_to_sale_ratio": null,
            "price_fair": 8,
            "eps_avg_yearly": 0.8,
            "eps_latest_yearly": 0.8,
            "eps_growth_yearly": 0
        },
        "20163": {
            "year_quarter": 20163,
            "year": 2016,
            "quarter": 3,
            "eps": 0.16,
            "eps_growth_year": null,
            "eps_4q": 0.56,
            "eps_4q_growth_year": null,
            "roe": 1.53,
            "roe_4q": 5.2,
            "gross_profit": 3369166,
            "gross_margin": 33.64,
            "gross_margin_4q_avg": 27.28,
            "net_income": 906121,
            "revenue": 10016203,
            "common_shares": 56052930,
            "book_valuer_per_share": 10.65,
            "book_valuer_per_share_4q_avg": 10.71,
            "equity": 59687133,
            "current_ratio": 145.23,
            "debt_ratio": 87.13,
            "inventory_turnover_ratio": 2.96,
            "account_receivable_turnover_ratio": 45.58,
            "reinvestment_rate": null,
            "research_to_sale_ratio": null,
            "price_fair": 2.16,
            "eps_avg_yearly": 0.72,
            "eps_latest_yearly": 0.64,
            "eps_growth_yearly": -40
        },
        "20164": {
            "year_quarter": 20164,
            "year": 2016,
            "quarter": 4,
            "eps": 0.18,
            "eps_growth_year": null,
            "eps_4q": 0.74,
            "eps_4q_growth_year": null,
            "roe": 1.69,
            "roe_4q": 6.89,
            "gross_profit": 3702161,
            "gross_margin": 35.1,
            "gross_margin_4q_avg": 36.06,
            "net_income": 1021635,
            "revenue": 10548718,
            "common_shares": 56282930,
            "book_valuer_per_share": 10.85,
            "book_valuer_per_share_4q_avg": 10.73,
            "equity": 61063681,
            "current_ratio": 144.98,
            "debt_ratio": 86.76,
            "inventory_turnover_ratio": 3.25,
            "account_receivable_turnover_ratio": 26.75,
            "reinvestment_rate": null,
            "research_to_sale_ratio": null,
            "price_fair": 2.16,
            "eps_avg_yearly": 0.72,
            "eps_latest_yearly": 0.72,
            "eps_growth_yearly": -10
        },
        "20171": {
            "year_quarter": 20171,
            "year": 2017,
            "quarter": 1,
            "eps": 0.29,
            "eps_growth_year": 45,
            "eps_4q": 0.83,
            "eps_4q_growth_year": 382.42,
            "roe": 2.62,
            "roe_4q": 7.680000000000001,
            "gross_profit": 4937518,
            "gross_margin": 45.7,
            "gross_margin_4q_avg": 37.97,
            "net_income": 1620516,
            "revenue": 10805132,
            "common_shares": 56282930,
            "book_valuer_per_share": 11.14,
            "book_valuer_per_share_4q_avg": 10.78,
            "equity": 62684461,
            "current_ratio": 338.54,
            "debt_ratio": 86.34,
            "inventory_turnover_ratio": 2.76,
            "account_receivable_turnover_ratio": 27.29,
            "reinvestment_rate": null,
            "research_to_sale_ratio": null,
            "price_fair": 29.05,
            "eps_avg_yearly": 0.83,
            "eps_latest_yearly": 1.16,
            "eps_growth_yearly": 53.61
        },
        "20172": {
            "year_quarter": 20172,
            "year": 2017,
            "quarter": 2,
            "eps": 0.23,
            "eps_growth_year": 15,
            "eps_4q": 0.86,
            "eps_4q_growth_year": 116.99,
            "roe": 2.1,
            "roe_4q": 7.94,
            "gross_profit": 4670407,
            "gross_margin": 44.03,
            "gross_margin_4q_avg": 39.62,
            "net_income": 1291677,
            "revenue": 10607187,
            "common_shares": 56282930,
            "book_valuer_per_share": 10.77,
            "book_valuer_per_share_4q_avg": 10.85,
            "equity": 60598715,
            "current_ratio": 109.53,
            "debt_ratio": 86.75,
            "inventory_turnover_ratio": 2.6,
            "account_receivable_turnover_ratio": 45.5,
            "reinvestment_rate": null,
            "research_to_sale_ratio": null,
            "price_fair": 29.68,
            "eps_avg_yearly": 0.85,
            "eps_latest_yearly": 0.92,
            "eps_growth_yearly": 26.34
        },
        "20173": {
            "year_quarter": 20173,
            "year": 2017,
            "quarter": 3,
            "eps": 0.2,
            "eps_growth_year": 25,
            "eps_4q": 0.91,
            "eps_4q_growth_year": 62.37,
            "roe": 1.9,
            "roe_4q": 8.31,
            "gross_profit": 4411465,
            "gross_margin": 41.56,
            "gross_margin_4q_avg": 41.6,
            "net_income": 1165033,
            "revenue": 10613824,
            "common_shares": 56282930,
            "book_valuer_per_share": 10.97,
            "book_valuer_per_share_4q_avg": 10.93,
            "equity": 61764073,
            "current_ratio": 247.5,
            "debt_ratio": 85.84,
            "inventory_turnover_ratio": 2.81,
            "account_receivable_turnover_ratio": 45.47,
            "reinvestment_rate": null,
            "research_to_sale_ratio": null,
            "price_fair": 19.53,
            "eps_avg_yearly": 0.84,
            "eps_latest_yearly": 0.8,
            "eps_growth_yearly": 13.25
        },
        "20174": {
            "year_quarter": 20174,
            "year": 2017,
            "quarter": 4,
            "eps": 0.22,
            "eps_growth_year": 23.59,
            "eps_4q": 0.95,
            "eps_4q_growth_year": 28.7,
            "roe": 2.02,
            "roe_4q": 8.64,
            "gross_profit": 4802007,
            "gross_margin": 42.09,
            "gross_margin_4q_avg": 43.35,
            "net_income": 1262679,
            "revenue": 11408899,
            "common_shares": 56282930,
            "book_valuer_per_share": 11.2,
            "book_valuer_per_share_4q_avg": 11.02,
            "equity": 63018349,
            "current_ratio": 306.76,
            "debt_ratio": 85.68,
            "inventory_turnover_ratio": 3.27,
            "account_receivable_turnover_ratio": 38.7,
            "reinvestment_rate": null,
            "research_to_sale_ratio": null,
            "price_fair": 22.9,
            "eps_avg_yearly": 0.85,
            "eps_latest_yearly": 0.88,
            "eps_growth_yearly": 17.07
        },
        "20181": {
            "year_quarter": 20181,
            "year": 2018,
            "quarter": 1,
            "eps": 0.43,
            "eps_growth_year": 48.28,
            "eps_4q": 1.09,
            "eps_4q_growth_year": 31.41,
            "roe": 3.74,
            "roe_4q": 9.76,
            "gross_profit": 5035219,
            "gross_margin": 45.61,
            "gross_margin_4q_avg": 43.32,
            "net_income": 2399112,
            "revenue": 11038999,
            "common_shares": 56282930,
            "book_valuer_per_share": 11.62,
            "book_valuer_per_share_4q_avg": 11.14,
            "equity": 65420020,
            "current_ratio": 118.12,
            "debt_ratio": 85.15,
            "inventory_turnover_ratio": 2.93,
            "account_receivable_turnover_ratio": 39.25,
            "reinvestment_rate": null,
            "research_to_sale_ratio": null,
            "price_fair": 33.43,
            "eps_avg_yearly": 0.96,
            "eps_latest_yearly": 1.72,
            "eps_growth_yearly": 62.67
        },
        "20182": {
            "year_quarter": 20182,
            "year": 2018,
            "quarter": 2,
            "eps": 0.74,
            "eps_growth_year": 221.74,
            "eps_4q": 1.6,
            "eps_4q_growth_year": 85.63,
            "roe": 6.36,
            "roe_4q": 14.020000000000001,
            "gross_profit": 5146231,
            "gross_margin": 45.43,
            "gross_margin_4q_avg": 43.67,
            "net_income": 4157754,
            "revenue": 11327598,
            "common_shares": 56282930,
            "book_valuer_per_share": 11.61,
            "book_valuer_per_share_4q_avg": 11.35,
            "equity": 65356554,
            "current_ratio": 90.18,
            "debt_ratio": 85.26,
            "inventory_turnover_ratio": 2.81,
            "account_receivable_turnover_ratio": 41.52,
            "reinvestment_rate": null,
            "research_to_sale_ratio": null,
            "price_fair": 41.22,
            "eps_avg_yearly": 1.18,
            "eps_latest_yearly": 2.96,
            "eps_growth_yearly": 87.74
        },
        "20183": {
            "year_quarter": 20183,
            "year": 2018,
            "quarter": 3,
            "eps": 0.37,
            "eps_growth_year": 85,
            "eps_4q": 1.76,
            "eps_4q_growth_year": 94.7,
            "roe": 3.17,
            "roe_4q": 15.290000000000001,
            "gross_profit": 4982718,
            "gross_margin": 44.08,
            "gross_margin_4q_avg": 44.3,
            "net_income": 2107837,
            "revenue": 11304722,
            "common_shares": 56282930,
            "book_valuer_per_share": 11.99,
            "book_valuer_per_share_4q_avg": 11.61,
            "equity": 67464391,
            "current_ratio": 124.46,
            "debt_ratio": 84.24,
            "inventory_turnover_ratio": 2.87,
            "account_receivable_turnover_ratio": 29.81,
            "reinvestment_rate": null,
            "research_to_sale_ratio": null,
            "price_fair": 42.28,
            "eps_avg_yearly": 1.21,
            "eps_latest_yearly": 1.48,
            "eps_growth_yearly": 58.97
        },
        "20184": {
            "year_quarter": 20184,
            "year": 2018,
            "quarter": 4,
            "eps": 0.36,
            "eps_growth_year": 60.9,
            "eps_4q": 1.9,
            "eps_4q_growth_year": 100.31,
            "roe": 2.97,
            "roe_4q": 16.240000000000002,
            "gross_profit": 5169445,
            "gross_margin": 44.02,
            "gross_margin_4q_avg": 44.79,
            "net_income": 2031678,
            "revenue": 11743688,
            "common_shares": 56282930,
            "book_valuer_per_share": 12.33,
            "book_valuer_per_share_4q_avg": 11.89,
            "equity": 69413013,
            "current_ratio": 165.02,
            "debt_ratio": 83.97,
            "inventory_turnover_ratio": 3.12,
            "account_receivable_turnover_ratio": 25.16,
            "reinvestment_rate": 0.06,
            "research_to_sale_ratio": null,
            "price_fair": 43.02,
            "eps_avg_yearly": 1.23,
            "eps_latest_yearly": 1.44,
            "eps_growth_yearly": 52.63
        },
        "20191": {
            "year_quarter": 20191,
            "year": 2019,
            "quarter": 1,
            "eps": 0.41,
            "eps_growth_year": -4.65,
            "eps_4q": 1.88,
            "eps_4q_growth_year": 73,
            "roe": 3.24,
            "roe_4q": 15.740000000000002,
            "gross_profit": 5534653,
            "gross_margin": 47.05,
            "gross_margin_4q_avg": 45.15,
            "net_income": 2287744,
            "revenue": 11762190,
            "common_shares": 56282930,
            "book_valuer_per_share": 12.74,
            "book_valuer_per_share_4q_avg": 12.17,
            "equity": 71700757,
            "current_ratio": 382.09,
            "debt_ratio": 83.3,
            "inventory_turnover_ratio": 2.82,
            "account_receivable_turnover_ratio": 24.25,
            "reinvestment_rate": 0.06,
            "research_to_sale_ratio": null,
            "price_fair": 44.22,
            "eps_avg_yearly": 1.26,
            "eps_latest_yearly": 1.64,
            "eps_growth_yearly": 52.87
        },
        "20192": {
            "year_quarter": 20192,
            "year": 2019,
            "quarter": 2,
            "eps": 0.34,
            "eps_growth_year": -54.05,
            "eps_4q": 1.49,
            "eps_4q_growth_year": -6.78,
            "roe": 2.8,
            "roe_4q": 12.18,
            "gross_profit": 5511424,
            "gross_margin": 46.45,
            "gross_margin_4q_avg": 45.4,
            "net_income": 1948051,
            "revenue": 11866527,
            "common_shares": 56282930,
            "book_valuer_per_share": 11.97,
            "book_valuer_per_share_4q_avg": 12.26,
            "equity": 67345120,
            "current_ratio": 224.94,
            "debt_ratio": 84.44,
            "inventory_turnover_ratio": 2.66,
            "account_receivable_turnover_ratio": 25.58,
            "reinvestment_rate": 0.06,
            "research_to_sale_ratio": null,
            "price_fair": 44.48,
            "eps_avg_yearly": 1.27,
            "eps_latest_yearly": 1.36,
            "eps_growth_yearly": 43.55
        },
        "20193": {
            "year_quarter": 20193,
            "year": 2019,
            "quarter": 3,
            "eps": 0.34,
            "eps_growth_year": -8.11,
            "eps_4q": 1.45,
            "eps_4q_growth_year": -17.56,
            "roe": 2.81,
            "roe_4q": 11.82,
            "gross_profit": 5228677,
            "gross_margin": 44.77,
            "gross_margin_4q_avg": 45.57,
            "net_income": 1916344,
            "revenue": 11678882,
            "common_shares": 56282930,
            "book_valuer_per_share": 12.31,
            "book_valuer_per_share_4q_avg": 12.34,
            "equity": 69261464,
            "current_ratio": 273.37,
            "debt_ratio": 83.88,
            "inventory_turnover_ratio": 2.75,
            "account_receivable_turnover_ratio": 22.62,
            "reinvestment_rate": 0.06,
            "research_to_sale_ratio": null,
            "price_fair": 44.7,
            "eps_avg_yearly": 1.28,
            "eps_latest_yearly": 1.36,
            "eps_growth_yearly": 40.44
        },
        "20194": {
            "year_quarter": 20194,
            "year": 2019,
            "quarter": 4,
            "eps": 0.33,
            "eps_growth_year": -8.7,
            "eps_4q": 1.42,
            "eps_4q_growth_year": -25.14,
            "roe": 2.64,
            "roe_4q": 11.49,
            "gross_profit": 5469949,
            "gross_margin": 44.84,
            "gross_margin_4q_avg": 45.78,
            "net_income": 1854894,
            "revenue": 12199791,
            "common_shares": 56282930,
            "book_valuer_per_share": 12.63,
            "book_valuer_per_share_4q_avg": 12.41,
            "equity": 71077269,
            "current_ratio": 321.64,
            "debt_ratio": 83.96,
            "inventory_turnover_ratio": 3.09,
            "account_receivable_turnover_ratio": 27.05,
            "reinvestment_rate": 0.19,
            "research_to_sale_ratio": null,
            "price_fair": 44.8,
            "eps_avg_yearly": 1.28,
            "eps_latest_yearly": 1.32,
            "eps_growth_yearly": 36.96
        },
        "20201": {
            "year_quarter": 20201,
            "year": 2020,
            "quarter": 1,
            "eps": 0.2,
            "eps_growth_year": -51.22,
            "eps_4q": 1.22,
            "eps_4q_growth_year": -35.3,
            "roe": 1.58,
            "roe_4q": 9.830000000000002,
            "gross_profit": 3287270,
            "gross_margin": 34.24,
            "gross_margin_4q_avg": 42.58,
            "net_income": 1129522,
            "revenue": 9600283,
            "common_shares": 56282930,
            "book_valuer_per_share": 12.83,
            "book_valuer_per_share_4q_avg": 12.44,
            "equity": 72206791,
            "current_ratio": 315.79,
            "debt_ratio": 83.41,
            "inventory_turnover_ratio": 2.81,
            "account_receivable_turnover_ratio": 37.01,
            "reinvestment_rate": 0.19,
            "research_to_sale_ratio": null,
            "price_fair": 43.5,
            "eps_avg_yearly": 1.25,
            "eps_latest_yearly": 0.8,
            "eps_growth_yearly": 24.8
        },
        "20202": {
            "year_quarter": 20202,
            "year": 2020,
            "quarter": 2,
            "eps": 0.08,
            "eps_growth_year": -76.47,
            "eps_4q": 0.95,
            "eps_4q_growth_year": -36.26,
            "roe": 0.63,
            "roe_4q": 7.66,
            "gross_profit": 1271054,
            "gross_margin": 16.71,
            "gross_margin_4q_avg": 35.14,
            "net_income": 437528,
            "revenue": 7605298,
            "common_shares": 56282930,
            "book_valuer_per_share": 11.7,
            "book_valuer_per_share_4q_avg": 12.37,
            "equity": 65833522,
            "current_ratio": 140.16,
            "debt_ratio": 84.81,
            "inventory_turnover_ratio": 2.59,
            "account_receivable_turnover_ratio": 34.01,
            "reinvestment_rate": 0.18,
            "research_to_sale_ratio": null,
            "price_fair": 24.16,
            "eps_avg_yearly": 1.22,
            "eps_latest_yearly": 0.32,
            "eps_growth_yearly": 9.8
        },
        "20203": {
            "year_quarter": 20203,
            "year": 2020,
            "quarter": 3,
            "eps": 0.3,
            "eps_growth_year": -11.76,
            "eps_4q": 0.91,
            "eps_4q_growth_year": -37.31,
            "roe": 2.56,
            "roe_4q": 7.41,
            "gross_profit": 3699915,
            "gross_margin": 35.5,
            "gross_margin_4q_avg": 32.82,
            "net_income": 1708722,
            "revenue": 10423442,
            "common_shares": 56282930,
            "book_valuer_per_share": 12,
            "book_valuer_per_share_4q_avg": 12.29,
            "equity": 67542244,
            "current_ratio": 600.2,
            "debt_ratio": 84.04,
            "inventory_turnover_ratio": 2.88,
            "account_receivable_turnover_ratio": 38.56,
            "reinvestment_rate": 0.16,
            "research_to_sale_ratio": null,
            "price_fair": 43.93,
            "eps_avg_yearly": 1.26,
            "eps_latest_yearly": 1.2,
            "eps_growth_yearly": 83.55
        },
        "20204": {
            "year_quarter": 20204,
            "year": 2020,
            "quarter": 4,
            "eps": 0.46,
            "eps_growth_year": 38.41,
            "eps_4q": 1.04,
            "eps_4q_growth_year": -27.03,
            "roe": 3.73,
            "roe_4q": 8.5,
            "gross_profit": 4783912,
            "gross_margin": 41.57,
            "gross_margin_4q_avg": 32.01,
            "net_income": 2567265,
            "revenue": 11508182,
            "common_shares": 56282930,
            "book_valuer_per_share": 12.45,
            "book_valuer_per_share_4q_avg": 12.25,
            "equity": 70086656,
            "current_ratio": 546.48,
            "debt_ratio": 83.61,
            "inventory_turnover_ratio": 3.14,
            "account_receivable_turnover_ratio": 46.29,
            "reinvestment_rate": 0.15,
            "research_to_sale_ratio": null,
            "price_fair": 46.38,
            "eps_avg_yearly": 1.33,
            "eps_latest_yearly": 1.84,
            "eps_growth_yearly": 93.76
        },
        "20211": {
            "year_quarter": 20211,
            "year": 2021,
            "quarter": 1,
            "eps": 0.24,
            "eps_growth_year": 20,
            "eps_4q": 1.08,
            "eps_4q_growth_year": -11.11,
            "roe": 1.94,
            "roe_4q": 8.860000000000001,
            "gross_profit": 3458449,
            "gross_margin": 35.05,
            "gross_margin_4q_avg": 32.21,
            "net_income": 1374085,
            "revenue": 9867362,
            "common_shares": 56282930,
            "book_valuer_per_share": 12.7,
            "book_valuer_per_share_4q_avg": 12.21,
            "equity": 71460741,
            "current_ratio": 650.12,
            "debt_ratio": 83.36,
            "inventory_turnover_ratio": 2.91,
            "account_receivable_turnover_ratio": 42.04,
            "reinvestment_rate": 0.15,
            "research_to_sale_ratio": null,
            "price_fair": 45.94,
            "eps_avg_yearly": 1.31,
            "eps_latest_yearly": 0.96,
            "eps_growth_yearly": 66.52
        },
        "20212": {
            "year_quarter": 20212,
            "year": 2021,
            "quarter": 2,
            "eps": 0.09,
            "eps_growth_year": 12.5,
            "eps_4q": 1.09,
            "eps_4q_growth_year": 15.08,
            "roe": 0.72,
            "roe_4q": 8.950000000000001,
            "gross_profit": -358248,
            "gross_margin": -5.87,
            "gross_margin_4q_avg": 26.56,
            "net_income": 493284,
            "revenue": 6101721,
            "common_shares": 56282930,
            "book_valuer_per_share": 11.73,
            "book_valuer_per_share_4q_avg": 12.22,
            "equity": 66044317,
            "current_ratio": 224.75,
            "debt_ratio": 84.47,
            "inventory_turnover_ratio": 2.76,
            "account_receivable_turnover_ratio": 41.25,
            "reinvestment_rate": -0.02,
            "research_to_sale_ratio": null,
            "price_fair": 44.71,
            "eps_avg_yearly": 1.28,
            "eps_latest_yearly": 0.36,
            "eps_growth_yearly": 56.07
        },
        "20213": {
            "year_quarter": 20213,
            "year": 2021,
            "quarter": 3,
            "eps": 0.15,
            "eps_growth_year": -50,
            "eps_4q": 0.94,
            "eps_4q_growth_year": 2.77,
            "roe": 1.26,
            "roe_4q": 7.65,
            "gross_profit": -1744898,
            "gross_margin": -37.86,
            "gross_margin_4q_avg": 8.22,
            "net_income": 838058,
            "revenue": 4608398,
            "common_shares": 56282930,
            "book_valuer_per_share": 11.88,
            "book_valuer_per_share_4q_avg": 12.19,
            "equity": 66882375,
            "current_ratio": 213.34,
            "debt_ratio": 84.81,
            "inventory_turnover_ratio": 2.66,
            "account_receivable_turnover_ratio": 34.53,
            "reinvestment_rate": -0.04,
            "research_to_sale_ratio": null,
            "price_fair": 44.28,
            "eps_avg_yearly": 1.27,
            "eps_latest_yearly": 0.6,
            "eps_growth_yearly": 76
        },
        "20214": {
            "year_quarter": 20214,
            "year": 2021,
            "quarter": 4,
            "eps": 0.16,
            "eps_growth_year": -64.73,
            "eps_4q": 0.64,
            "eps_4q_growth_year": -38.2,
            "roe": 1.34,
            "roe_4q": 5.26,
            "gross_profit": 3170254,
            "gross_margin": 32.85,
            "gross_margin_4q_avg": 6.04,
            "net_income": 905495,
            "revenue": 9650406,
            "common_shares": 56282930,
            "book_valuer_per_share": 12.04,
            "book_valuer_per_share_4q_avg": 12.09,
            "equity": 67777971,
            "current_ratio": 166.44,
            "debt_ratio": 84.16,
            "inventory_turnover_ratio": 2.71,
            "account_receivable_turnover_ratio": 21.73,
            "reinvestment_rate": 0.01,
            "research_to_sale_ratio": null,
            "price_fair": 43.75,
            "eps_avg_yearly": 1.25,
            "eps_latest_yearly": 0.64,
            "eps_growth_yearly": 75.17
        },
        "20221": {
            "year_quarter": 20221,
            "year": 2022,
            "quarter": 1,
            "eps": 0.1,
            "eps_growth_year": -58.33,
            "eps_4q": 0.5,
            "eps_4q_growth_year": -54.09,
            "roe": 0.82,
            "roe_4q": 4.14,
            "gross_profit": 2740261,
            "gross_margin": 30.48,
            "gross_margin_4q_avg": 4.9,
            "net_income": 558024,
            "revenue": 8990342,
            "common_shares": 56282930,
            "book_valuer_per_share": 12.14,
            "book_valuer_per_share_4q_avg": 11.95,
            "equity": 68335995,
            "current_ratio": 95.51,
            "debt_ratio": 84.05,
            "inventory_turnover_ratio": 2.49,
            "account_receivable_turnover_ratio": 20,
            "reinvestment_rate": 0.02,
            "research_to_sale_ratio": null,
            "price_fair": 40.86,
            "eps_avg_yearly": 1.17,
            "eps_latest_yearly": 0.4,
            "eps_growth_yearly": 41.93
        },
        "20222": {
            "year_quarter": 20222,
            "year": 2022,
            "quarter": 2,
            "eps": 0.05,
            "eps_growth_year": -44.44,
            "eps_4q": 0.46,
            "eps_4q_growth_year": -58.01,
            "roe": 0.42,
            "roe_4q": 3.84,
            "gross_profit": 335727,
            "gross_margin": 5.04,
            "gross_margin_4q_avg": 7.63,
            "net_income": 277851,
            "revenue": 6665611,
            "common_shares": 56282930,
            "book_valuer_per_share": 11.43,
            "book_valuer_per_share_4q_avg": 11.87,
            "equity": 64347600,
            "current_ratio": 83.92,
            "debt_ratio": 83.89,
            "inventory_turnover_ratio": 2.38,
            "account_receivable_turnover_ratio": 31.37,
            "reinvestment_rate": 0.13,
            "research_to_sale_ratio": null,
            "price_fair": 21.3,
            "eps_avg_yearly": 1,
            "eps_latest_yearly": 0.2,
            "eps_growth_yearly": 11.4
        },
        "20223": {
            "year_quarter": 20223,
            "year": 2022,
            "quarter": 3,
            "eps": 0.23,
            "eps_growth_year": 53.33,
            "eps_4q": 0.54,
            "eps_4q_growth_year": -42.17,
            "roe": 2.01,
            "roe_4q": 4.59,
            "gross_profit": 3106618,
            "gross_margin": 31.76,
            "gross_margin_4q_avg": 25.03,
            "net_income": 1307808,
            "revenue": 9780204,
            "common_shares": 56282930,
            "book_valuer_per_share": 11.67,
            "book_valuer_per_share_4q_avg": 11.82,
            "equity": 65655408,
            "current_ratio": 94.84,
            "debt_ratio": 83.47,
            "inventory_turnover_ratio": 2.58,
            "account_receivable_turnover_ratio": 41.77,
            "reinvestment_rate": 0.2,
            "research_to_sale_ratio": null,
            "price_fair": 33.6,
            "eps_avg_yearly": 0.96,
            "eps_latest_yearly": 0.92,
            "eps_growth_yearly": 113.9
        },
        "20224": {
            "year_quarter": 20224,
            "year": 2022,
            "quarter": 4,
            "eps": 0.29,
            "eps_growth_year": 79.53,
            "eps_4q": 0.67,
            "eps_4q_growth_year": 4.39,
            "roe": 2.45,
            "roe_4q": 5.7,
            "gross_profit": 5060524,
            "gross_margin": 43.26,
            "gross_margin_4q_avg": 27.64,
            "net_income": 1625654,
            "revenue": 11697076,
            "common_shares": 56282930,
            "book_valuer_per_share": 11.96,
            "book_valuer_per_share_4q_avg": 11.8,
            "equity": 67290067,
            "current_ratio": 111.01,
            "debt_ratio": 83.2,
            "inventory_turnover_ratio": 2.67,
            "account_receivable_turnover_ratio": 33.89,
            "reinvestment_rate": 0.14,
            "research_to_sale_ratio": null,
            "price_fair": 32.99,
            "eps_avg_yearly": 0.94,
            "eps_latest_yearly": 1.16,
            "eps_growth_yearly": 121.1
        },
        "20231": {
            "year_quarter": 20231,
            "year": 2023,
            "quarter": 1,
            "eps": 0.38,
            "eps_growth_year": 280,
            "eps_4q": 0.95,
            "eps_4q_growth_year": 90.99,
            "roe": 3.11,
            "roe_4q": 7.99,
            "gross_profit": 5580749,
            "gross_margin": 45.94,
            "gross_margin_4q_avg": 31.5,
            "net_income": 2126631,
            "revenue": 12148545,
            "common_shares": 56282930,
            "book_valuer_per_share": 12.33,
            "book_valuer_per_share_4q_avg": 11.85,
            "equity": 69416698,
            "current_ratio": 96.33,
            "debt_ratio": 82.8,
            "inventory_turnover_ratio": 2.52,
            "account_receivable_turnover_ratio": 32.83,
            "reinvestment_rate": 0.13,
            "research_to_sale_ratio": null,
            "price_fair": 32.73,
            "eps_avg_yearly": 0.94,
            "eps_latest_yearly": 1.52,
            "eps_growth_yearly": 125.39
        }
    },
    "months": {
        "2003-09": {
            "month": "2003-09",
            "price": "7.48",
            "revenue": 0
        },
        "2003-10": {
            "month": "2003-10",
            "price": "7.27",
            "revenue": 0
        },
        "2003-11": {
            "month": "2003-11",
            "price": "6.61",
            "revenue": 0
        },
        "2003-12": {
            "month": "2003-12",
            "price": "6.71",
            "revenue": 0
        },
        "2004-01": {
            "month": "2004-01",
            "price": "6.88",
            "revenue": 0
        },
        "2004-02": {
            "month": "2004-02",
            "price": "10.21",
            "revenue": 0
        },
        "2004-03": {
            "month": "2004-03",
            "price": "9.82",
            "revenue": 0
        },
        "2004-04": {
            "month": "2004-04",
            "price": "9.49",
            "revenue": 0
        },
        "2004-05": {
            "month": "2004-05",
            "price": "8.85",
            "revenue": 0
        },
        "2004-06": {
            "month": "2004-06",
            "price": "8.67",
            "revenue": 0
        },
        "2004-07": {
            "month": "2004-07",
            "price": "8.10",
            "revenue": 0
        },
        "2004-08": {
            "month": "2004-08",
            "price": "8.06",
            "revenue": 0
        },
        "2004-09": {
            "month": "2004-09",
            "price": "8.13",
            "revenue": 0
        },
        "2004-10": {
            "month": "2004-10",
            "price": "8.23",
            "revenue": 0
        },
        "2004-11": {
            "month": "2004-11",
            "price": "9.03",
            "revenue": 0
        },
        "2004-12": {
            "month": "2004-12",
            "price": "8.56",
            "revenue": 0
        },
        "2005-01": {
            "month": "2005-01",
            "price": "8.45",
            "revenue": 0
        },
        "2005-02": {
            "month": "2005-02",
            "price": "8.37",
            "revenue": 0
        },
        "2005-03": {
            "month": "2005-03",
            "price": "8.30",
            "revenue": 0
        },
        "2005-04": {
            "month": "2005-04",
            "price": "8.02",
            "revenue": 0
        },
        "2005-05": {
            "month": "2005-05",
            "price": "8.15",
            "revenue": 0
        },
        "2005-06": {
            "month": "2005-06",
            "price": "8.10",
            "revenue": 0
        },
        "2005-07": {
            "month": "2005-07",
            "price": "7.97",
            "revenue": 0
        },
        "2005-08": {
            "month": "2005-08",
            "price": "7.82",
            "revenue": 0
        },
        "2005-09": {
            "month": "2005-09",
            "price": "7.09",
            "revenue": 0
        },
        "2005-10": {
            "month": "2005-10",
            "price": "7.77",
            "revenue": 0
        },
        "2005-11": {
            "month": "2005-11",
            "price": "7.90",
            "revenue": 0
        },
        "2005-12": {
            "month": "2005-12",
            "price": "7.56",
            "revenue": 0
        },
        "2006-01": {
            "month": "2006-01",
            "price": "6.97",
            "revenue": 0
        },
        "2006-02": {
            "month": "2006-02",
            "price": "7.90",
            "revenue": 0
        },
        "2006-03": {
            "month": "2006-03",
            "price": "7.70",
            "revenue": 0
        },
        "2006-04": {
            "month": "2006-04",
            "price": "7.84",
            "revenue": 0
        },
        "2006-05": {
            "month": "2006-05",
            "price": "9.56",
            "revenue": 0
        },
        "2006-06": {
            "month": "2006-06",
            "price": "9.66",
            "revenue": 0
        },
        "2006-07": {
            "month": "2006-07",
            "price": "9.99",
            "revenue": 0
        },
        "2006-08": {
            "month": "2006-08",
            "price": "9.91",
            "revenue": 0
        },
        "2006-09": {
            "month": "2006-09",
            "price": "9.68",
            "revenue": 0
        },
        "2006-10": {
            "month": "2006-10",
            "price": "10.95",
            "revenue": 0
        },
        "2006-11": {
            "month": "2006-11",
            "price": "11.45",
            "revenue": 0
        },
        "2006-12": {
            "month": "2006-12",
            "price": "11.39",
            "revenue": 0
        },
        "2007-01": {
            "month": "2007-01",
            "price": "10.95",
            "revenue": 599263
        },
        "2007-02": {
            "month": "2007-02",
            "price": "9.75",
            "revenue": 669273
        },
        "2007-03": {
            "month": "2007-03",
            "price": "9.22",
            "revenue": 867659
        },
        "2007-04": {
            "month": "2007-04",
            "price": "9.10",
            "revenue": 1030259
        },
        "2007-05": {
            "month": "2007-05",
            "price": "9.49",
            "revenue": 1078242
        },
        "2007-06": {
            "month": "2007-06",
            "price": "10.12",
            "revenue": 1135954
        },
        "2007-07": {
            "month": "2007-07",
            "price": "10.06",
            "revenue": 1282161
        },
        "2007-08": {
            "month": "2007-08",
            "price": "9.39",
            "revenue": 1258984
        },
        "2007-09": {
            "month": "2007-09",
            "price": "8.97",
            "revenue": 1268284
        },
        "2007-10": {
            "month": "2007-10",
            "price": "8.92",
            "revenue": 1320430
        },
        "2007-11": {
            "month": "2007-11",
            "price": "8.62",
            "revenue": 1413973
        },
        "2007-12": {
            "month": "2007-12",
            "price": "8.09",
            "revenue": 1578305
        },
        "2008-01": {
            "month": "2008-01",
            "price": "8.25",
            "revenue": 1550991
        },
        "2008-02": {
            "month": "2008-02",
            "price": "9.16",
            "revenue": 1728569
        },
        "2008-03": {
            "month": "2008-03",
            "price": "9.05",
            "revenue": 1903876
        },
        "2008-04": {
            "month": "2008-04",
            "price": "9.48",
            "revenue": 1900028
        },
        "2008-05": {
            "month": "2008-05",
            "price": "9.73",
            "revenue": 1935023
        },
        "2008-06": {
            "month": "2008-06",
            "price": "9.31",
            "revenue": 1875924
        },
        "2008-07": {
            "month": "2008-07",
            "price": "8.03",
            "revenue": 2038358
        },
        "2008-08": {
            "month": "2008-08",
            "price": "7.95",
            "revenue": 2168552
        },
        "2008-09": {
            "month": "2008-09",
            "price": "6.68",
            "revenue": 1816059
        },
        "2008-10": {
            "month": "2008-10",
            "price": "5.56",
            "revenue": 2109892
        },
        "2008-11": {
            "month": "2008-11",
            "price": "4.57",
            "revenue": 2028733
        },
        "2008-12": {
            "month": "2008-12",
            "price": "4.24",
            "revenue": 1991578
        },
        "2009-01": {
            "month": "2009-01",
            "price": "4.01",
            "revenue": 2230886
        },
        "2009-02": {
            "month": "2009-02",
            "price": "3.84",
            "revenue": 1735106
        },
        "2009-03": {
            "month": "2009-03",
            "price": "3.13",
            "revenue": 1908816
        },
        "2009-04": {
            "month": "2009-04",
            "price": "3.70",
            "revenue": 1856083
        },
        "2009-05": {
            "month": "2009-05",
            "price": "4.03",
            "revenue": 2040365
        },
        "2009-06": {
            "month": "2009-06",
            "price": "3.62",
            "revenue": 1736616
        },
        "2009-07": {
            "month": "2009-07",
            "price": "3.61",
            "revenue": 2091261
        },
        "2009-08": {
            "month": "2009-08",
            "price": "3.52",
            "revenue": 1841884
        },
        "2009-09": {
            "month": "2009-09",
            "price": "3.85",
            "revenue": 1718129
        },
        "2009-10": {
            "month": "2009-10",
            "price": "4.04",
            "revenue": 2024968
        },
        "2009-11": {
            "month": "2009-11",
            "price": "4.01",
            "revenue": 2029018
        },
        "2009-12": {
            "month": "2009-12",
            "price": "3.77",
            "revenue": 2110578
        },
        "2010-01": {
            "month": "2010-01",
            "price": "4.67",
            "revenue": 2060422
        },
        "2010-02": {
            "month": "2010-02",
            "price": "4.52",
            "revenue": 2328338
        },
        "2010-03": {
            "month": "2010-03",
            "price": "4.54",
            "revenue": 2015350
        },
        "2010-04": {
            "month": "2010-04",
            "price": "4.42",
            "revenue": 2213826
        },
        "2010-05": {
            "month": "2010-05",
            "price": "4.12",
            "revenue": 2245413
        },
        "2010-06": {
            "month": "2010-06",
            "price": "4.12",
            "revenue": 2117016
        },
        "2010-07": {
            "month": "2010-07",
            "price": "4.13",
            "revenue": 2476521
        },
        "2010-08": {
            "month": "2010-08",
            "price": "4.69",
            "revenue": 2491887
        },
        "2010-09": {
            "month": "2010-09",
            "price": "4.96",
            "revenue": 2220521
        },
        "2010-10": {
            "month": "2010-10",
            "price": "5.03",
            "revenue": 2432697
        },
        "2010-11": {
            "month": "2010-11",
            "price": "5.00",
            "revenue": 2432320
        },
        "2010-12": {
            "month": "2010-12",
            "price": "4.99",
            "revenue": 2601041
        },
        "2011-01": {
            "month": "2011-01",
            "price": "5.66",
            "revenue": 2499519
        },
        "2011-02": {
            "month": "2011-02",
            "price": "6.00",
            "revenue": 2827284
        },
        "2011-03": {
            "month": "2011-03",
            "price": "5.36",
            "revenue": 2531724
        },
        "2011-04": {
            "month": "2011-04",
            "price": "5.52",
            "revenue": 2722990
        },
        "2011-05": {
            "month": "2011-05",
            "price": "5.28",
            "revenue": 2574634
        },
        "2011-06": {
            "month": "2011-06",
            "price": "4.98",
            "revenue": 2641965
        },
        "2011-07": {
            "month": "2011-07",
            "price": "5.01",
            "revenue": 2837344
        },
        "2011-08": {
            "month": "2011-08",
            "price": "4.68",
            "revenue": 2677281
        },
        "2011-09": {
            "month": "2011-09",
            "price": "5.21",
            "revenue": 2665335
        },
        "2011-10": {
            "month": "2011-10",
            "price": "5.03",
            "revenue": 2827836
        },
        "2011-11": {
            "month": "2011-11",
            "price": "5.03",
            "revenue": 2672717
        },
        "2011-12": {
            "month": "2011-12",
            "price": "4.98",
            "revenue": 2757876
        },
        "2012-01": {
            "month": "2012-01",
            "price": "5.02",
            "revenue": 3174558
        },
        "2012-02": {
            "month": "2012-02",
            "price": "5.52",
            "revenue": 2609317
        },
        "2012-03": {
            "month": "2012-03",
            "price": "5.66",
            "revenue": 2745728
        },
        "2012-04": {
            "month": "2012-04",
            "price": "5.68",
            "revenue": 2719617
        },
        "2012-05": {
            "month": "2012-05",
            "price": "5.39",
            "revenue": 2735566
        },
        "2012-06": {
            "month": "2012-06",
            "price": "5.10",
            "revenue": 2639432
        },
        "2012-07": {
            "month": "2012-07",
            "price": "5.24",
            "revenue": 2972731
        },
        "2012-08": {
            "month": "2012-08",
            "price": "5.18",
            "revenue": 2820150
        },
        "2012-09": {
            "month": "2012-09",
            "price": "5.17",
            "revenue": 2808465
        },
        "2012-10": {
            "month": "2012-10",
            "price": "5.09",
            "revenue": 2885563
        },
        "2012-11": {
            "month": "2012-11",
            "price": "5.00",
            "revenue": 2833443
        },
        "2012-12": {
            "month": "2012-12",
            "price": "4.97",
            "revenue": 3039567
        },
        "2013-01": {
            "month": "2013-01",
            "price": "5.53",
            "revenue": 2734717
        },
        "2013-02": {
            "month": "2013-02",
            "price": "5.65",
            "revenue": 3049601
        },
        "2013-03": {
            "month": "2013-03",
            "price": "5.54",
            "revenue": 3054625
        },
        "2013-04": {
            "month": "2013-04",
            "price": "5.61",
            "revenue": 2964657
        },
        "2013-05": {
            "month": "2013-05",
            "price": "5.43",
            "revenue": 2918900
        },
        "2013-06": {
            "month": "2013-06",
            "price": "5.20",
            "revenue": 2920689
        },
        "2013-07": {
            "month": "2013-07",
            "price": "5.16",
            "revenue": 3021398
        },
        "2013-08": {
            "month": "2013-08",
            "price": "5.42",
            "revenue": 3071752
        },
        "2013-09": {
            "month": "2013-09",
            "price": "5.48",
            "revenue": 3017255
        },
        "2013-10": {
            "month": "2013-10",
            "price": "5.70",
            "revenue": 3049055
        },
        "2013-11": {
            "month": "2013-11",
            "price": "5.42",
            "revenue": 3084827
        },
        "2013-12": {
            "month": "2013-12",
            "price": "5.50",
            "revenue": 3213690
        },
        "2014-01": {
            "month": "2014-01",
            "price": "5.35",
            "revenue": 3112859
        },
        "2014-02": {
            "month": "2014-02",
            "price": "5.36",
            "revenue": 3195004
        },
        "2014-03": {
            "month": "2014-03",
            "price": "4.96",
            "revenue": 3204579
        },
        "2014-04": {
            "month": "2014-04",
            "price": "4.78",
            "revenue": 3215376
        },
        "2014-05": {
            "month": "2014-05",
            "price": "4.51",
            "revenue": 3239896
        },
        "2014-06": {
            "month": "2014-06",
            "price": "4.34",
            "revenue": 3148816
        },
        "2014-07": {
            "month": "2014-07",
            "price": "4.37",
            "revenue": 3247045
        },
        "2014-08": {
            "month": "2014-08",
            "price": "4.23",
            "revenue": 3272218
        },
        "2014-09": {
            "month": "2014-09",
            "price": "4.32",
            "revenue": 3140301
        },
        "2014-10": {
            "month": "2014-10",
            "price": "4.20",
            "revenue": 3303973
        },
        "2014-11": {
            "month": "2014-11",
            "price": "4.05",
            "revenue": 3185575
        },
        "2014-12": {
            "month": "2014-12",
            "price": "3.91",
            "revenue": 3243142
        },
        "2015-01": {
            "month": "2015-01",
            "price": "3.55",
            "revenue": 3156175
        },
        "2015-02": {
            "month": "2015-02",
            "price": "3.45",
            "revenue": 3475895
        },
        "2015-03": {
            "month": "2015-03",
            "price": "3.92",
            "revenue": 3296472
        },
        "2015-04": {
            "month": "2015-04",
            "price": "4.32",
            "revenue": 3366831
        },
        "2015-05": {
            "month": "2015-05",
            "price": "4.53",
            "revenue": 3367012
        },
        "2015-06": {
            "month": "2015-06",
            "price": "4.46",
            "revenue": 3276083
        },
        "2015-07": {
            "month": "2015-07",
            "price": "4.47",
            "revenue": 3346962
        },
        "2015-08": {
            "month": "2015-08",
            "price": "4.26",
            "revenue": 3321483
        },
        "2015-09": {
            "month": "2015-09",
            "price": "4.08",
            "revenue": 3234297
        },
        "2015-10": {
            "month": "2015-10",
            "price": "4.08",
            "revenue": 15413833
        },
        "2015-11": {
            "month": "2015-11",
            "price": "4.02",
            "revenue": 3285040
        },
        "2015-12": {
            "month": "2015-12",
            "price": "6.46",
            "revenue": 3361309
        },
        "2016-01": {
            "month": "2016-01",
            "price": "10.90",
            "revenue": 3338386
        },
        "2016-02": {
            "month": "2016-02",
            "price": "13.03",
            "revenue": 3461579
        },
        "2016-03": {
            "month": "2016-03",
            "price": "14.21",
            "revenue": 3183153
        },
        "2016-04": {
            "month": "2016-04",
            "price": "15.84",
            "revenue": 3396678
        },
        "2016-05": {
            "month": "2016-05",
            "price": "15.26",
            "revenue": 3329769
        },
        "2016-06": {
            "month": "2016-06",
            "price": "15.35",
            "revenue": 3336420
        },
        "2016-07": {
            "month": "2016-07",
            "price": "15.43",
            "revenue": 3404769
        },
        "2016-08": {
            "month": "2016-08",
            "price": "15.80",
            "revenue": 3411317
        },
        "2016-09": {
            "month": "2016-09",
            "price": "17.18",
            "revenue": 3200117
        },
        "2016-10": {
            "month": "2016-10",
            "price": "19.98",
            "revenue": 3539989
        },
        "2016-11": {
            "month": "2016-11",
            "price": "18.92",
            "revenue": 3356414
        },
        "2016-12": {
            "month": "2016-12",
            "price": "18.59",
            "revenue": 3652315
        },
        "2017-01": {
            "month": "2017-01",
            "price": "19.17",
            "revenue": 3877568
        },
        "2017-02": {
            "month": "2017-02",
            "price": "19.87",
            "revenue": 3373203
        },
        "2017-03": {
            "month": "2017-03",
            "price": "21.07",
            "revenue": 3554361
        },
        "2017-04": {
            "month": "2017-04",
            "price": "22.16",
            "revenue": 3631455
        },
        "2017-05": {
            "month": "2017-05",
            "price": "23.64",
            "revenue": 3709198
        },
        "2017-06": {
            "month": "2017-06",
            "price": "25.72",
            "revenue": 3266544
        },
        "2017-07": {
            "month": "2017-07",
            "price": "25.70",
            "revenue": 3550116
        },
        "2017-08": {
            "month": "2017-08",
            "price": "25.61",
            "revenue": 3740170
        },
        "2017-09": {
            "month": "2017-09",
            "price": "25.18",
            "revenue": 3323538
        },
        "2017-10": {
            "month": "2017-10",
            "price": "24.42",
            "revenue": 3898314
        },
        "2017-11": {
            "month": "2017-11",
            "price": "23.72",
            "revenue": 3572094
        },
        "2017-12": {
            "month": "2017-12",
            "price": "23.40",
            "revenue": 3938491
        },
        "2018-01": {
            "month": "2018-01",
            "price": "23.78",
            "revenue": 3490621
        },
        "2018-02": {
            "month": "2018-02",
            "price": "22.67",
            "revenue": 3826420
        },
        "2018-03": {
            "month": "2018-03",
            "price": "22.58",
            "revenue": 3721958
        },
        "2018-04": {
            "month": "2018-04",
            "price": "22.73",
            "revenue": 3943891
        },
        "2018-05": {
            "month": "2018-05",
            "price": "23.22",
            "revenue": 3681882
        },
        "2018-06": {
            "month": "2018-06",
            "price": "23.65",
            "revenue": 3701825
        },
        "2018-07": {
            "month": "2018-07",
            "price": "24.66",
            "revenue": 3743140
        },
        "2018-08": {
            "month": "2018-08",
            "price": "25.33",
            "revenue": 3809773
        },
        "2018-09": {
            "month": "2018-09",
            "price": "26.53",
            "revenue": 3751809
        },
        "2018-10": {
            "month": "2018-10",
            "price": "29.03",
            "revenue": 3722142
        },
        "2018-11": {
            "month": "2018-11",
            "price": "31.40",
            "revenue": 3923322
        },
        "2018-12": {
            "month": "2018-12",
            "price": "30.56",
            "revenue": 4098224
        },
        "2019-01": {
            "month": "2019-01",
            "price": "30.77",
            "revenue": 3768062
        },
        "2019-02": {
            "month": "2019-02",
            "price": "31.19",
            "revenue": 4012567
        },
        "2019-03": {
            "month": "2019-03",
            "price": "34.88",
            "revenue": 3981561
        },
        "2019-04": {
            "month": "2019-04",
            "price": "36.29",
            "revenue": 4054767
        },
        "2019-05": {
            "month": "2019-05",
            "price": "40.15",
            "revenue": 3841864
        },
        "2019-06": {
            "month": "2019-06",
            "price": "45.98",
            "revenue": 3969896
        },
        "2019-07": {
            "month": "2019-07",
            "price": "43.35",
            "revenue": 3922972
        },
        "2019-08": {
            "month": "2019-08",
            "price": "39.05",
            "revenue": 3879227
        },
        "2019-09": {
            "month": "2019-09",
            "price": "36.84",
            "revenue": 3876683
        },
        "2019-10": {
            "month": "2019-10",
            "price": "35.30",
            "revenue": 4044502
        },
        "2019-11": {
            "month": "2019-11",
            "price": "36.12",
            "revenue": 3952094
        },
        "2019-12": {
            "month": "2019-12",
            "price": "37.01",
            "revenue": 4203195
        },
        "2020-01": {
            "month": "2020-01",
            "price": "38.13",
            "revenue": 4488704
        },
        "2020-02": {
            "month": "2020-02",
            "price": "35.66",
            "revenue": 2733939
        },
        "2020-03": {
            "month": "2020-03",
            "price": "30.52",
            "revenue": 2377640
        },
        "2020-04": {
            "month": "2020-04",
            "price": "31.54",
            "revenue": 2034083
        },
        "2020-05": {
            "month": "2020-05",
            "price": "35.07",
            "revenue": 2468406
        },
        "2020-06": {
            "month": "2020-06",
            "price": "37.54",
            "revenue": 3102809
        },
        "2020-07": {
            "month": "2020-07",
            "price": "35.20",
            "revenue": 3364502
        },
        "2020-08": {
            "month": "2020-08",
            "price": "32.86",
            "revenue": 3694189
        },
        "2020-09": {
            "month": "2020-09",
            "price": "31.90",
            "revenue": 3364751
        },
        "2020-10": {
            "month": "2020-10",
            "price": "30.84",
            "revenue": 3897049
        },
        "2020-11": {
            "month": "2020-11",
            "price": "31.14",
            "revenue": 3677230
        },
        "2020-12": {
            "month": "2020-12",
            "price": "30.98",
            "revenue": 3933903
        },
        "2021-01": {
            "month": "2021-01",
            "price": "29.98",
            "revenue": 3148933
        },
        "2021-02": {
            "month": "2021-02",
            "price": "29.83",
            "revenue": 3247104
        },
        "2021-03": {
            "month": "2021-03",
            "price": "30.75",
            "revenue": 3471325
        },
        "2021-04": {
            "month": "2021-04",
            "price": "31.09",
            "revenue": 3798528
        },
        "2021-05": {
            "month": "2021-05",
            "price": "29.15",
            "revenue": 1901903
        },
        "2021-06": {
            "month": "2021-06",
            "price": "29.71",
            "revenue": 401290
        },
        "2021-07": {
            "month": "2021-07",
            "price": "30.02",
            "revenue": 840306
        },
        "2021-08": {
            "month": "2021-08",
            "price": "29.83",
            "revenue": 1621143
        },
        "2021-09": {
            "month": "2021-09",
            "price": "29.77",
            "revenue": 2146949
        },
        "2021-10": {
            "month": "2021-10",
            "price": "29.13",
            "revenue": 2832491
        },
        "2021-11": {
            "month": "2021-11",
            "price": "29.38",
            "revenue": 3068202
        },
        "2021-12": {
            "month": "2021-12",
            "price": "29.53",
            "revenue": 3749713
        },
        "2022-01": {
            "month": "2022-01",
            "price": "29.05",
            "revenue": 2950990
        },
        "2022-02": {
            "month": "2022-02",
            "price": "29.11",
            "revenue": 2817257
        },
        "2022-03": {
            "month": "2022-03",
            "price": "28.89",
            "revenue": 3222095
        },
        "2022-04": {
            "month": "2022-04",
            "price": "28.37",
            "revenue": 2748579
        },
        "2022-05": {
            "month": "2022-05",
            "price": "27.57",
            "revenue": 1790496
        },
        "2022-06": {
            "month": "2022-06",
            "price": "27.87",
            "revenue": 2126536
        },
        "2022-07": {
            "month": "2022-07",
            "price": "28.79",
            "revenue": 2991101
        },
        "2022-08": {
            "month": "2022-08",
            "price": "28.88",
            "revenue": 3366023
        },
        "2022-09": {
            "month": "2022-09",
            "price": "28.59",
            "revenue": 3423080
        },
        "2022-10": {
            "month": "2022-10",
            "price": "27.97",
            "revenue": 3697609
        },
        "2022-11": {
            "month": "2022-11",
            "price": "28.15",
            "revenue": 3753298
        },
        "2022-12": {
            "month": "2022-12",
            "price": "28.74",
            "revenue": 4246169
        },
        "2023-01": {
            "month": "2023-01",
            "price": "28.98",
            "revenue": 4344539
        },
        "2023-02": {
            "month": "2023-02",
            "price": "29.11",
            "revenue": 3729498
        },
        "2023-03": {
            "month": "2023-03",
            "price": "29.82",
            "revenue": 4074508
        },
        "2023-04": {
            "month": "2023-04",
            "price": "30.71",
            "revenue": 4294450
        }
    }
}
