{
    "summary": {
        "stock_name": "漢翔",
        "stock_id": "2634",
        "category": "航運",
        "main_business": "國內外軍用、民用航空及相關工業產品之發展、製造、裝修及銷售。<br>協助國內航空工業建立中心衛星體系與制度。<br>提供對航空工業系統之規劃、製造、整合、發展及管理之技術服務。",
        "website_url": "http://www.aidc.com.tw",
        "ceo": "馬萬鈞",
        "pe_ratio": 20,
        "report_year_from": 2001,
        "report_year_to": 2023,
        "age": 23,
        "eps_negative_percentage": 0,
        "eps_growth_avg": {
            "last_all": 12.68,
            "last_2y": 53.57,
            "last_4y": 14.29,
            "last_8y": 12.68,
            "last_12y": null,
            "last_16y": null,
            "last_20y": null,
            "at_2006_last_3y": null,
            "at_2007_last_3y": null,
            "at_2008_last_3y": null,
            "at_2009_last_3y": null,
            "at_2010_last_3y": null,
            "at_2011_last_3y": null,
            "at_2012_last_3y": null,
            "at_2013_last_3y": null,
            "at_2014_last_3y": null,
            "at_2015_last_3y": null,
            "at_2016_last_3y": null,
            "at_2017_last_3y": null,
            "at_2018_last_3y": 10.66,
            "at_2019_last_3y": -1.77,
            "at_2020_last_3y": -22.17,
            "at_2021_last_3y": -7.36,
            "at_2022_last_3y": 12.81,
            "at_2023_last_3y": 20.45,
            "at_2024_last_3y": 20.45,
            "at_2006_last_all": null,
            "at_2007_last_all": null,
            "at_2008_last_all": null,
            "at_2009_last_all": null,
            "at_2010_last_all": null,
            "at_2011_last_all": null,
            "at_2012_last_all": null,
            "at_2013_last_all": null,
            "at_2014_last_all": null,
            "at_2015_last_all": null,
            "at_2016_last_all": 21.03,
            "at_2017_last_all": 7.76,
            "at_2018_last_all": 10.66,
            "at_2019_last_all": 6.46,
            "at_2020_last_all": -7.77,
            "at_2021_last_all": -0.88,
            "at_2022_last_all": 11.73,
            "at_2023_last_all": 12.68,
            "at_2024_last_all": 12.68
        },
        "latest_eps": 2.35,
        "latest_price": 47.1,
        "latest_roe": 13.64,
        "latest_gross_margin": 9.83,
        "latest_equity": 16882316,
        "latest_revenue": 9978883,
        "latest_gross_profit": 980658,
        "latest_net_income": 659660,
        "latest_debt_ratio": 67.22,
        "latest_current_ratio": 134.4,
        "latest_account_receivable_turnover_ratio": 0.84,
        "latest_inventory_turnover_ratio": 0.55,
        "latest_reinvestment_rate": 17.64,
        "latest_research_to_sale_ratio": 1.87
    },
    "eps_dividends": {
        "2001": {
            "cash": 0,
            "stock": 0,
            "eps": 0
        },
        "2002": {
            "cash": 0,
            "stock": 0,
            "eps": 0
        },
        "2003": {
            "cash": 0,
            "stock": 0,
            "eps": 0
        },
        "2004": {
            "cash": 0,
            "stock": 0,
            "eps": 0
        },
        "2005": {
            "cash": 0,
            "stock": 0,
            "eps": 0
        },
        "2006": {
            "cash": 0,
            "stock": 0,
            "eps": 0
        },
        "2007": {
            "cash": 0,
            "stock": 0,
            "eps": 0
        },
        "2008": {
            "cash": 0,
            "stock": 0,
            "eps": 0
        },
        "2009": {
            "cash": 0,
            "stock": 0,
            "eps": 0
        },
        "2010": {
            "cash": 0,
            "stock": 0,
            "eps": 0
        },
        "2011": {
            "cash": 0,
            "stock": 0,
            "eps": 0
        },
        "2012": {
            "cash": 0,
            "stock": 0,
            "eps": 0
        },
        "2013": {
            "cash": 0,
            "stock": 0,
            "eps": 0
        },
        "2014": {
            "cash": 0,
            "stock": 0,
            "eps": 1.6
        },
        "2015": {
            "cash": 0.92,
            "stock": 0,
            "eps": 2.23
        },
        "2016": {
            "cash": 1.36,
            "stock": 0,
            "eps": 2.29
        },
        "2017": {
            "cash": 1,
            "stock": 0.37,
            "eps": 1.86
        },
        "2018": {
            "cash": 1.13,
            "stock": 0,
            "eps": 2.22
        },
        "2019": {
            "cash": 1.34,
            "stock": 0,
            "eps": 1.99
        },
        "2020": {
            "cash": 1.19,
            "stock": 0,
            "eps": 0.42
        },
        "2021": {
            "cash": 0.2,
            "stock": 0,
            "eps": 0.59
        },
        "2022": {
            "cash": 0.35,
            "stock": 0,
            "eps": 1.73
        },
        "2023": {
            "cash": 1.08,
            "stock": 0,
            "eps": 2.08
        }
    },
    "dividends": {
        "2015-08-11": {
            "cash": 0.92,
            "stock": 0
        },
        "2016-08-08": {
            "cash": 1.36,
            "stock": 0
        },
        "2017-08-10": {
            "cash": 1,
            "stock": 0.37
        },
        "2018-08-24": {
            "cash": 1.13,
            "stock": 0
        },
        "2019-08-02": {
            "cash": 1.34,
            "stock": 0
        },
        "2020-08-03": {
            "cash": 1.19,
            "stock": 0
        },
        "2021-09-30": {
            "cash": 0.2,
            "stock": 0
        },
        "2022-08-04": {
            "cash": 0.35,
            "stock": 0
        },
        "2023-08-09": {
            "cash": 1.08,
            "stock": 0
        }
    },
    "prices": {
        "200101": "無",
        "200102": "無",
        "200103": "無",
        "200104": "無",
        "200105": "無",
        "200106": "無",
        "200107": "無",
        "200108": "無",
        "200109": "無",
        "200110": "無",
        "200111": "無",
        "200112": "無",
        "200201": "無",
        "200202": "無",
        "200203": "無",
        "200204": "無",
        "200205": "無",
        "200206": "無",
        "200207": "無",
        "200208": "無",
        "200209": "無",
        "200210": "無",
        "200211": "無",
        "200212": "無",
        "200301": "無",
        "200302": "無",
        "200303": "無",
        "200304": "無",
        "200305": "無",
        "200306": "無",
        "200307": "無",
        "200308": "無",
        "200309": "無",
        "200310": "無",
        "200311": "無",
        "200312": "無",
        "200401": "無",
        "200402": "無",
        "200403": "無",
        "200404": "無",
        "200405": "無",
        "200406": "無",
        "200407": "無",
        "200408": "無",
        "200409": "無",
        "200410": "無",
        "200411": "無",
        "200412": "無",
        "200501": "無",
        "200502": "無",
        "200503": "無",
        "200504": "無",
        "200505": "無",
        "200506": "無",
        "200507": "無",
        "200508": "無",
        "200509": "無",
        "200510": "無",
        "200511": "無",
        "200512": "無",
        "200601": "無",
        "200602": "無",
        "200603": "無",
        "200604": "無",
        "200605": "無",
        "200606": "無",
        "200607": "無",
        "200608": "無",
        "200609": "無",
        "200610": "無",
        "200611": "無",
        "200612": "無",
        "200701": "無",
        "200702": "無",
        "200703": "無",
        "200704": "無",
        "200705": "無",
        "200706": "無",
        "200707": "無",
        "200708": "無",
        "200709": "無",
        "200710": "無",
        "200711": "無",
        "200712": "無",
        "200801": "無",
        "200802": "無",
        "200803": "無",
        "200804": "無",
        "200805": "無",
        "200806": "無",
        "200807": "無",
        "200808": "無",
        "200809": "無",
        "200810": "無",
        "200811": "無",
        "200812": "無",
        "200901": "無",
        "200902": "無",
        "200903": "無",
        "200904": "無",
        "200905": "無",
        "200906": "無",
        "200907": "無",
        "200908": "無",
        "200909": "無",
        "200910": "無",
        "200911": "無",
        "200912": "無",
        "201001": "無",
        "201002": "無",
        "201003": "無",
        "201004": "無",
        "201005": "無",
        "201006": "無",
        "201007": "無",
        "201008": "無",
        "201009": "無",
        "201010": "無",
        "201011": "無",
        "201012": "無",
        "201101": "無",
        "201102": "無",
        "201103": "無",
        "201104": "無",
        "201105": "無",
        "201106": "無",
        "201107": "無",
        "201108": "無",
        "201109": "無",
        "201110": "無",
        "201111": "無",
        "201112": "無",
        "201201": "無",
        "201202": "無",
        "201203": "無",
        "201204": "無",
        "201205": "無",
        "201206": "無",
        "201207": "無",
        "201208": "無",
        "201209": "無",
        "201210": "無",
        "201211": "無",
        "201212": "無",
        "201301": "無",
        "201302": "無",
        "201303": "無",
        "201304": "無",
        "201305": "無",
        "201306": "無",
        "201307": "無",
        "201308": "無",
        "201309": "無",
        "201310": "無",
        "201311": "無",
        "201312": "無",
        "201401": "無",
        "201402": "無",
        "201403": "無",
        "201404": "無",
        "201405": "無",
        "201406": "無",
        "201407": "無",
        "201408": "35.14",
        "201409": "36.65",
        "201410": "33.91",
        "201411": "34.28",
        "201412": "36.87",
        "201501": "36.35",
        "201502": "36.66",
        "201503": "36.70",
        "201504": "38.92",
        "201505": "42.15",
        "201506": "42.69",
        "201507": "40.43",
        "201508": "36.88",
        "201509": "37.12",
        "201510": "40.85",
        "201511": "41.11",
        "201512": "39.94",
        "201601": "38.22",
        "201602": "38.67",
        "201603": "40.49",
        "201604": "43.18",
        "201605": "44.40",
        "201606": "44.69",
        "201607": "43.55",
        "201608": "43.62",
        "201609": "43.86",
        "201610": "40.66",
        "201611": "39.93",
        "201612": "39.38",
        "201701": "38.86",
        "201702": "39.41",
        "201703": "38.54",
        "201704": "36.85",
        "201705": "35.45",
        "201706": "35.49",
        "201707": "35.47",
        "201708": "34.15",
        "201709": "33.68",
        "201710": "33.58",
        "201711": "34.95",
        "201712": "36.99",
        "201801": "36.26",
        "201802": "34.21",
        "201803": "34.01",
        "201804": "34.63",
        "201805": "33.76",
        "201806": "32.13",
        "201807": "30.73",
        "201808": "30.23",
        "201809": "30.36",
        "201810": "29.68",
        "201811": "29.16",
        "201812": "30.20",
        "201901": "32.01",
        "201902": "33.79",
        "201903": "32.66",
        "201904": "31.52",
        "201905": "31.41",
        "201906": "33.04",
        "201907": "32.96",
        "201908": "32.03",
        "201909": "32.07",
        "201910": "31.79",
        "201911": "31.83",
        "201912": "32.03",
        "202001": "34.62",
        "202002": "32.67",
        "202003": "28.19",
        "202004": "27.54",
        "202005": "28.26",
        "202006": "29.67",
        "202007": "28.15",
        "202008": "28.04",
        "202009": "29.57",
        "202010": "28.10",
        "202011": "28.44",
        "202012": "28.70",
        "202101": "28.08",
        "202102": "28.05",
        "202103": "29.36",
        "202104": "29.73",
        "202105": "27.49",
        "202106": "29.10",
        "202107": "29.12",
        "202108": "29.61",
        "202109": "28.13",
        "202110": "28.20",
        "202111": "29.45",
        "202112": "29.36",
        "202201": "29.65",
        "202202": "29.69",
        "202203": "29.52",
        "202204": "32.18",
        "202205": "32.96",
        "202206": "33.37",
        "202207": "34.68",
        "202208": "36.15",
        "202209": "35.55",
        "202210": "32.15",
        "202211": "31.75",
        "202212": "34.82",
        "202301": "34.84",
        "202302": "37.20",
        "202303": "40.57",
        "202304": "52.51",
        "202305": "55.60",
        "202306": "58.80",
        "202307": "56.48",
        "202308": "57.43",
        "202309": "58.29",
        "202310": "51.64",
        "202311": "50.46",
        "202312": "52.47"
    },
    "quarters": {
        "20011": {
            "year_quarter": 20011,
            "year": 2001,
            "quarter": 1,
            "eps": null,
            "eps_growth_year": null,
            "eps_4q": null,
            "eps_4q_growth_year": null,
            "roe": null,
            "roe_4q": 0,
            "gross_profit": null,
            "gross_margin": null,
            "gross_margin_4q_avg": 0,
            "net_income": null,
            "net_income_4q": null,
            "revenue": null,
            "revenue_4q": null,
            "common_shares": null,
            "book_valuer_per_share": null,
            "book_valuer_per_share_4q_avg": 0,
            "equity": null,
            "current_ratio": null,
            "debt_ratio": null,
            "inventory_turnover_ratio": null,
            "account_receivable_turnover_ratio": null,
            "reinvestment_rate": null,
            "research_to_sale_ratio": null,
            "price_fair": 0,
            "eps_avg_yearly": 0,
            "eps_latest_yearly": 0,
            "eps_growth_yearly": 0
        },
        "20012": {
            "year_quarter": 20012,
            "year": 2001,
            "quarter": 2,
            "eps": null,
            "eps_growth_year": null,
            "eps_4q": null,
            "eps_4q_growth_year": null,
            "roe": null,
            "roe_4q": 0,
            "gross_profit": null,
            "gross_margin": null,
            "gross_margin_4q_avg": 0,
            "net_income": null,
            "net_income_4q": null,
            "revenue": null,
            "revenue_4q": null,
            "common_shares": null,
            "book_valuer_per_share": null,
            "book_valuer_per_share_4q_avg": 0,
            "equity": null,
            "current_ratio": null,
            "debt_ratio": null,
            "inventory_turnover_ratio": null,
            "account_receivable_turnover_ratio": null,
            "reinvestment_rate": null,
            "research_to_sale_ratio": null,
            "price_fair": 0,
            "eps_avg_yearly": 0,
            "eps_latest_yearly": 0,
            "eps_growth_yearly": 0
        },
        "20013": {
            "year_quarter": 20013,
            "year": 2001,
            "quarter": 3,
            "eps": null,
            "eps_growth_year": null,
            "eps_4q": null,
            "eps_4q_growth_year": null,
            "roe": null,
            "roe_4q": 0,
            "gross_profit": null,
            "gross_margin": null,
            "gross_margin_4q_avg": 0,
            "net_income": null,
            "net_income_4q": null,
            "revenue": null,
            "revenue_4q": null,
            "common_shares": null,
            "book_valuer_per_share": null,
            "book_valuer_per_share_4q_avg": 0,
            "equity": null,
            "current_ratio": null,
            "debt_ratio": null,
            "inventory_turnover_ratio": null,
            "account_receivable_turnover_ratio": null,
            "reinvestment_rate": null,
            "research_to_sale_ratio": null,
            "price_fair": 0,
            "eps_avg_yearly": 0,
            "eps_latest_yearly": 0,
            "eps_growth_yearly": 0
        },
        "20014": {
            "year_quarter": 20014,
            "year": 2001,
            "quarter": 4,
            "eps": null,
            "eps_growth_year": null,
            "eps_4q": null,
            "eps_4q_growth_year": null,
            "roe": null,
            "roe_4q": 0,
            "gross_profit": null,
            "gross_margin": null,
            "gross_margin_4q_avg": 0,
            "net_income": null,
            "net_income_4q": null,
            "revenue": null,
            "revenue_4q": null,
            "common_shares": 9082615,
            "book_valuer_per_share": 12.51,
            "book_valuer_per_share_4q_avg": 3.13,
            "equity": 11363716,
            "current_ratio": 103.45,
            "debt_ratio": 61.72,
            "inventory_turnover_ratio": null,
            "account_receivable_turnover_ratio": null,
            "reinvestment_rate": null,
            "research_to_sale_ratio": null,
            "price_fair": 0,
            "eps_avg_yearly": 0,
            "eps_latest_yearly": 0,
            "eps_growth_yearly": 0
        },
        "20021": {
            "year_quarter": 20021,
            "year": 2002,
            "quarter": 1,
            "eps": null,
            "eps_growth_year": null,
            "eps_4q": null,
            "eps_4q_growth_year": null,
            "roe": null,
            "roe_4q": 0,
            "gross_profit": null,
            "gross_margin": null,
            "gross_margin_4q_avg": 0,
            "net_income": null,
            "net_income_4q": null,
            "revenue": null,
            "revenue_4q": null,
            "common_shares": null,
            "book_valuer_per_share": null,
            "book_valuer_per_share_4q_avg": 3.13,
            "equity": null,
            "current_ratio": null,
            "debt_ratio": null,
            "inventory_turnover_ratio": null,
            "account_receivable_turnover_ratio": null,
            "reinvestment_rate": null,
            "research_to_sale_ratio": null,
            "price_fair": 0,
            "eps_avg_yearly": 0,
            "eps_latest_yearly": 0,
            "eps_growth_yearly": 0
        },
        "20022": {
            "year_quarter": 20022,
            "year": 2002,
            "quarter": 2,
            "eps": null,
            "eps_growth_year": null,
            "eps_4q": null,
            "eps_4q_growth_year": null,
            "roe": null,
            "roe_4q": 0,
            "gross_profit": null,
            "gross_margin": null,
            "gross_margin_4q_avg": 0,
            "net_income": null,
            "net_income_4q": null,
            "revenue": null,
            "revenue_4q": null,
            "common_shares": null,
            "book_valuer_per_share": null,
            "book_valuer_per_share_4q_avg": 3.13,
            "equity": null,
            "current_ratio": null,
            "debt_ratio": null,
            "inventory_turnover_ratio": null,
            "account_receivable_turnover_ratio": null,
            "reinvestment_rate": null,
            "research_to_sale_ratio": null,
            "price_fair": 0,
            "eps_avg_yearly": 0,
            "eps_latest_yearly": 0,
            "eps_growth_yearly": 0
        },
        "20023": {
            "year_quarter": 20023,
            "year": 2002,
            "quarter": 3,
            "eps": null,
            "eps_growth_year": null,
            "eps_4q": null,
            "eps_4q_growth_year": null,
            "roe": null,
            "roe_4q": 0,
            "gross_profit": null,
            "gross_margin": null,
            "gross_margin_4q_avg": 0,
            "net_income": null,
            "net_income_4q": null,
            "revenue": null,
            "revenue_4q": null,
            "common_shares": null,
            "book_valuer_per_share": null,
            "book_valuer_per_share_4q_avg": 3.13,
            "equity": null,
            "current_ratio": null,
            "debt_ratio": null,
            "inventory_turnover_ratio": null,
            "account_receivable_turnover_ratio": null,
            "reinvestment_rate": null,
            "research_to_sale_ratio": null,
            "price_fair": 0,
            "eps_avg_yearly": 0,
            "eps_latest_yearly": 0,
            "eps_growth_yearly": 0
        },
        "20024": {
            "year_quarter": 20024,
            "year": 2002,
            "quarter": 4,
            "eps": null,
            "eps_growth_year": null,
            "eps_4q": null,
            "eps_4q_growth_year": null,
            "roe": null,
            "roe_4q": 0,
            "gross_profit": null,
            "gross_margin": null,
            "gross_margin_4q_avg": 0,
            "net_income": null,
            "net_income_4q": null,
            "revenue": null,
            "revenue_4q": null,
            "common_shares": 9082615,
            "book_valuer_per_share": 12.54,
            "book_valuer_per_share_4q_avg": 3.14,
            "equity": 11386087,
            "current_ratio": 105.57,
            "debt_ratio": 58.92,
            "inventory_turnover_ratio": null,
            "account_receivable_turnover_ratio": null,
            "reinvestment_rate": null,
            "research_to_sale_ratio": null,
            "price_fair": 0,
            "eps_avg_yearly": 0,
            "eps_latest_yearly": 0,
            "eps_growth_yearly": 0
        },
        "20031": {
            "year_quarter": 20031,
            "year": 2003,
            "quarter": 1,
            "eps": null,
            "eps_growth_year": null,
            "eps_4q": null,
            "eps_4q_growth_year": null,
            "roe": null,
            "roe_4q": 0,
            "gross_profit": null,
            "gross_margin": null,
            "gross_margin_4q_avg": 0,
            "net_income": null,
            "net_income_4q": null,
            "revenue": null,
            "revenue_4q": null,
            "common_shares": null,
            "book_valuer_per_share": null,
            "book_valuer_per_share_4q_avg": 3.14,
            "equity": null,
            "current_ratio": null,
            "debt_ratio": null,
            "inventory_turnover_ratio": null,
            "account_receivable_turnover_ratio": null,
            "reinvestment_rate": null,
            "research_to_sale_ratio": null,
            "price_fair": 0,
            "eps_avg_yearly": 0,
            "eps_latest_yearly": 0,
            "eps_growth_yearly": 0
        },
        "20032": {
            "year_quarter": 20032,
            "year": 2003,
            "quarter": 2,
            "eps": null,
            "eps_growth_year": null,
            "eps_4q": null,
            "eps_4q_growth_year": null,
            "roe": null,
            "roe_4q": 0,
            "gross_profit": null,
            "gross_margin": null,
            "gross_margin_4q_avg": 0,
            "net_income": null,
            "net_income_4q": null,
            "revenue": null,
            "revenue_4q": null,
            "common_shares": null,
            "book_valuer_per_share": null,
            "book_valuer_per_share_4q_avg": 3.14,
            "equity": null,
            "current_ratio": null,
            "debt_ratio": null,
            "inventory_turnover_ratio": null,
            "account_receivable_turnover_ratio": null,
            "reinvestment_rate": null,
            "research_to_sale_ratio": null,
            "price_fair": 0,
            "eps_avg_yearly": 0,
            "eps_latest_yearly": 0,
            "eps_growth_yearly": 0
        },
        "20033": {
            "year_quarter": 20033,
            "year": 2003,
            "quarter": 3,
            "eps": null,
            "eps_growth_year": null,
            "eps_4q": null,
            "eps_4q_growth_year": null,
            "roe": null,
            "roe_4q": 0,
            "gross_profit": null,
            "gross_margin": null,
            "gross_margin_4q_avg": 0,
            "net_income": null,
            "net_income_4q": null,
            "revenue": null,
            "revenue_4q": null,
            "common_shares": null,
            "book_valuer_per_share": null,
            "book_valuer_per_share_4q_avg": 3.14,
            "equity": null,
            "current_ratio": null,
            "debt_ratio": null,
            "inventory_turnover_ratio": null,
            "account_receivable_turnover_ratio": null,
            "reinvestment_rate": null,
            "research_to_sale_ratio": null,
            "price_fair": 0,
            "eps_avg_yearly": 0,
            "eps_latest_yearly": 0,
            "eps_growth_yearly": 0
        },
        "20034": {
            "year_quarter": 20034,
            "year": 2003,
            "quarter": 4,
            "eps": null,
            "eps_growth_year": null,
            "eps_4q": null,
            "eps_4q_growth_year": null,
            "roe": null,
            "roe_4q": 0,
            "gross_profit": null,
            "gross_margin": null,
            "gross_margin_4q_avg": 0,
            "net_income": null,
            "net_income_4q": null,
            "revenue": null,
            "revenue_4q": null,
            "common_shares": 9082615,
            "book_valuer_per_share": 6.44,
            "book_valuer_per_share_4q_avg": 1.61,
            "equity": 5853245,
            "current_ratio": 99.68,
            "debt_ratio": 68.52,
            "inventory_turnover_ratio": null,
            "account_receivable_turnover_ratio": null,
            "reinvestment_rate": null,
            "research_to_sale_ratio": null,
            "price_fair": 0,
            "eps_avg_yearly": 0,
            "eps_latest_yearly": 0,
            "eps_growth_yearly": 0
        },
        "20041": {
            "year_quarter": 20041,
            "year": 2004,
            "quarter": 1,
            "eps": null,
            "eps_growth_year": null,
            "eps_4q": null,
            "eps_4q_growth_year": null,
            "roe": null,
            "roe_4q": 0,
            "gross_profit": null,
            "gross_margin": null,
            "gross_margin_4q_avg": 0,
            "net_income": null,
            "net_income_4q": null,
            "revenue": null,
            "revenue_4q": null,
            "common_shares": null,
            "book_valuer_per_share": null,
            "book_valuer_per_share_4q_avg": 1.61,
            "equity": null,
            "current_ratio": null,
            "debt_ratio": null,
            "inventory_turnover_ratio": null,
            "account_receivable_turnover_ratio": null,
            "reinvestment_rate": null,
            "research_to_sale_ratio": null,
            "price_fair": 0,
            "eps_avg_yearly": 0,
            "eps_latest_yearly": 0,
            "eps_growth_yearly": 0
        },
        "20042": {
            "year_quarter": 20042,
            "year": 2004,
            "quarter": 2,
            "eps": null,
            "eps_growth_year": null,
            "eps_4q": null,
            "eps_4q_growth_year": null,
            "roe": null,
            "roe_4q": 0,
            "gross_profit": null,
            "gross_margin": null,
            "gross_margin_4q_avg": 0,
            "net_income": null,
            "net_income_4q": null,
            "revenue": null,
            "revenue_4q": null,
            "common_shares": null,
            "book_valuer_per_share": null,
            "book_valuer_per_share_4q_avg": 1.61,
            "equity": null,
            "current_ratio": null,
            "debt_ratio": null,
            "inventory_turnover_ratio": null,
            "account_receivable_turnover_ratio": null,
            "reinvestment_rate": null,
            "research_to_sale_ratio": null,
            "price_fair": 0,
            "eps_avg_yearly": 0,
            "eps_latest_yearly": 0,
            "eps_growth_yearly": 0
        },
        "20043": {
            "year_quarter": 20043,
            "year": 2004,
            "quarter": 3,
            "eps": null,
            "eps_growth_year": null,
            "eps_4q": null,
            "eps_4q_growth_year": null,
            "roe": null,
            "roe_4q": 0,
            "gross_profit": null,
            "gross_margin": null,
            "gross_margin_4q_avg": 0,
            "net_income": null,
            "net_income_4q": null,
            "revenue": null,
            "revenue_4q": null,
            "common_shares": null,
            "book_valuer_per_share": null,
            "book_valuer_per_share_4q_avg": 1.61,
            "equity": null,
            "current_ratio": null,
            "debt_ratio": null,
            "inventory_turnover_ratio": null,
            "account_receivable_turnover_ratio": null,
            "reinvestment_rate": null,
            "research_to_sale_ratio": null,
            "price_fair": 0,
            "eps_avg_yearly": 0,
            "eps_latest_yearly": 0,
            "eps_growth_yearly": 0
        },
        "20044": {
            "year_quarter": 20044,
            "year": 2004,
            "quarter": 4,
            "eps": null,
            "eps_growth_year": null,
            "eps_4q": null,
            "eps_4q_growth_year": null,
            "roe": null,
            "roe_4q": 0,
            "gross_profit": null,
            "gross_margin": null,
            "gross_margin_4q_avg": 0,
            "net_income": null,
            "net_income_4q": null,
            "revenue": null,
            "revenue_4q": null,
            "common_shares": 9082615,
            "book_valuer_per_share": 7,
            "book_valuer_per_share_4q_avg": 1.75,
            "equity": 6353362,
            "current_ratio": 112.04,
            "debt_ratio": 64.63,
            "inventory_turnover_ratio": null,
            "account_receivable_turnover_ratio": null,
            "reinvestment_rate": null,
            "research_to_sale_ratio": null,
            "price_fair": 0,
            "eps_avg_yearly": 0,
            "eps_latest_yearly": 0,
            "eps_growth_yearly": 0
        },
        "20051": {
            "year_quarter": 20051,
            "year": 2005,
            "quarter": 1,
            "eps": null,
            "eps_growth_year": null,
            "eps_4q": null,
            "eps_4q_growth_year": null,
            "roe": null,
            "roe_4q": 0,
            "gross_profit": null,
            "gross_margin": null,
            "gross_margin_4q_avg": 0,
            "net_income": null,
            "net_income_4q": null,
            "revenue": null,
            "revenue_4q": null,
            "common_shares": null,
            "book_valuer_per_share": null,
            "book_valuer_per_share_4q_avg": 1.75,
            "equity": null,
            "current_ratio": null,
            "debt_ratio": null,
            "inventory_turnover_ratio": null,
            "account_receivable_turnover_ratio": null,
            "reinvestment_rate": null,
            "research_to_sale_ratio": null,
            "price_fair": 0,
            "eps_avg_yearly": 0,
            "eps_latest_yearly": 0,
            "eps_growth_yearly": 0
        },
        "20052": {
            "year_quarter": 20052,
            "year": 2005,
            "quarter": 2,
            "eps": null,
            "eps_growth_year": null,
            "eps_4q": null,
            "eps_4q_growth_year": null,
            "roe": null,
            "roe_4q": 0,
            "gross_profit": null,
            "gross_margin": null,
            "gross_margin_4q_avg": 0,
            "net_income": null,
            "net_income_4q": null,
            "revenue": null,
            "revenue_4q": null,
            "common_shares": null,
            "book_valuer_per_share": null,
            "book_valuer_per_share_4q_avg": 1.75,
            "equity": null,
            "current_ratio": null,
            "debt_ratio": null,
            "inventory_turnover_ratio": null,
            "account_receivable_turnover_ratio": null,
            "reinvestment_rate": null,
            "research_to_sale_ratio": null,
            "price_fair": 0,
            "eps_avg_yearly": 0,
            "eps_latest_yearly": 0,
            "eps_growth_yearly": 0
        },
        "20053": {
            "year_quarter": 20053,
            "year": 2005,
            "quarter": 3,
            "eps": null,
            "eps_growth_year": null,
            "eps_4q": null,
            "eps_4q_growth_year": null,
            "roe": null,
            "roe_4q": 0,
            "gross_profit": null,
            "gross_margin": null,
            "gross_margin_4q_avg": 0,
            "net_income": null,
            "net_income_4q": null,
            "revenue": null,
            "revenue_4q": null,
            "common_shares": null,
            "book_valuer_per_share": null,
            "book_valuer_per_share_4q_avg": 1.75,
            "equity": null,
            "current_ratio": null,
            "debt_ratio": null,
            "inventory_turnover_ratio": null,
            "account_receivable_turnover_ratio": null,
            "reinvestment_rate": null,
            "research_to_sale_ratio": null,
            "price_fair": 0,
            "eps_avg_yearly": 0,
            "eps_latest_yearly": 0,
            "eps_growth_yearly": 0
        },
        "20054": {
            "year_quarter": 20054,
            "year": 2005,
            "quarter": 4,
            "eps": null,
            "eps_growth_year": null,
            "eps_4q": null,
            "eps_4q_growth_year": null,
            "roe": null,
            "roe_4q": 0,
            "gross_profit": null,
            "gross_margin": null,
            "gross_margin_4q_avg": 0,
            "net_income": null,
            "net_income_4q": null,
            "revenue": null,
            "revenue_4q": null,
            "common_shares": 9082615,
            "book_valuer_per_share": 5.76,
            "book_valuer_per_share_4q_avg": 1.44,
            "equity": 5228086,
            "current_ratio": 117.5,
            "debt_ratio": 72.61,
            "inventory_turnover_ratio": null,
            "account_receivable_turnover_ratio": null,
            "reinvestment_rate": null,
            "research_to_sale_ratio": null,
            "price_fair": 0,
            "eps_avg_yearly": 0,
            "eps_latest_yearly": 0,
            "eps_growth_yearly": 0
        },
        "20061": {
            "year_quarter": 20061,
            "year": 2006,
            "quarter": 1,
            "eps": null,
            "eps_growth_year": null,
            "eps_4q": null,
            "eps_4q_growth_year": null,
            "roe": null,
            "roe_4q": 0,
            "gross_profit": null,
            "gross_margin": null,
            "gross_margin_4q_avg": 0,
            "net_income": null,
            "net_income_4q": null,
            "revenue": null,
            "revenue_4q": null,
            "common_shares": null,
            "book_valuer_per_share": null,
            "book_valuer_per_share_4q_avg": 1.44,
            "equity": null,
            "current_ratio": null,
            "debt_ratio": null,
            "inventory_turnover_ratio": null,
            "account_receivable_turnover_ratio": null,
            "reinvestment_rate": null,
            "research_to_sale_ratio": null,
            "price_fair": 0,
            "eps_avg_yearly": 0,
            "eps_latest_yearly": 0,
            "eps_growth_yearly": 0
        },
        "20062": {
            "year_quarter": 20062,
            "year": 2006,
            "quarter": 2,
            "eps": null,
            "eps_growth_year": null,
            "eps_4q": null,
            "eps_4q_growth_year": null,
            "roe": null,
            "roe_4q": 0,
            "gross_profit": null,
            "gross_margin": null,
            "gross_margin_4q_avg": 0,
            "net_income": null,
            "net_income_4q": null,
            "revenue": null,
            "revenue_4q": null,
            "common_shares": null,
            "book_valuer_per_share": null,
            "book_valuer_per_share_4q_avg": 1.44,
            "equity": null,
            "current_ratio": null,
            "debt_ratio": null,
            "inventory_turnover_ratio": null,
            "account_receivable_turnover_ratio": null,
            "reinvestment_rate": null,
            "research_to_sale_ratio": null,
            "price_fair": 0,
            "eps_avg_yearly": 0,
            "eps_latest_yearly": 0,
            "eps_growth_yearly": 0
        },
        "20063": {
            "year_quarter": 20063,
            "year": 2006,
            "quarter": 3,
            "eps": null,
            "eps_growth_year": null,
            "eps_4q": null,
            "eps_4q_growth_year": null,
            "roe": null,
            "roe_4q": 0,
            "gross_profit": null,
            "gross_margin": null,
            "gross_margin_4q_avg": 0,
            "net_income": null,
            "net_income_4q": null,
            "revenue": null,
            "revenue_4q": null,
            "common_shares": null,
            "book_valuer_per_share": null,
            "book_valuer_per_share_4q_avg": 1.44,
            "equity": null,
            "current_ratio": null,
            "debt_ratio": null,
            "inventory_turnover_ratio": null,
            "account_receivable_turnover_ratio": null,
            "reinvestment_rate": null,
            "research_to_sale_ratio": null,
            "price_fair": 0,
            "eps_avg_yearly": 0,
            "eps_latest_yearly": 0,
            "eps_growth_yearly": 0
        },
        "20064": {
            "year_quarter": 20064,
            "year": 2006,
            "quarter": 4,
            "eps": null,
            "eps_growth_year": null,
            "eps_4q": null,
            "eps_4q_growth_year": null,
            "roe": null,
            "roe_4q": 0,
            "gross_profit": null,
            "gross_margin": null,
            "gross_margin_4q_avg": 0,
            "net_income": null,
            "net_income_4q": null,
            "revenue": null,
            "revenue_4q": null,
            "common_shares": 9082615,
            "book_valuer_per_share": 4.37,
            "book_valuer_per_share_4q_avg": 1.09,
            "equity": 3972669,
            "current_ratio": 115.35,
            "debt_ratio": 80.32,
            "inventory_turnover_ratio": null,
            "account_receivable_turnover_ratio": null,
            "reinvestment_rate": null,
            "research_to_sale_ratio": null,
            "price_fair": 0,
            "eps_avg_yearly": 0,
            "eps_latest_yearly": 0,
            "eps_growth_yearly": 0
        },
        "20071": {
            "year_quarter": 20071,
            "year": 2007,
            "quarter": 1,
            "eps": null,
            "eps_growth_year": null,
            "eps_4q": null,
            "eps_4q_growth_year": null,
            "roe": null,
            "roe_4q": 0,
            "gross_profit": null,
            "gross_margin": null,
            "gross_margin_4q_avg": 0,
            "net_income": null,
            "net_income_4q": null,
            "revenue": null,
            "revenue_4q": null,
            "common_shares": null,
            "book_valuer_per_share": null,
            "book_valuer_per_share_4q_avg": 1.09,
            "equity": null,
            "current_ratio": null,
            "debt_ratio": null,
            "inventory_turnover_ratio": null,
            "account_receivable_turnover_ratio": null,
            "reinvestment_rate": null,
            "research_to_sale_ratio": null,
            "price_fair": 0,
            "eps_avg_yearly": 0,
            "eps_latest_yearly": 0,
            "eps_growth_yearly": 0
        },
        "20072": {
            "year_quarter": 20072,
            "year": 2007,
            "quarter": 2,
            "eps": null,
            "eps_growth_year": null,
            "eps_4q": null,
            "eps_4q_growth_year": null,
            "roe": null,
            "roe_4q": 0,
            "gross_profit": null,
            "gross_margin": null,
            "gross_margin_4q_avg": 0,
            "net_income": null,
            "net_income_4q": null,
            "revenue": null,
            "revenue_4q": null,
            "common_shares": null,
            "book_valuer_per_share": null,
            "book_valuer_per_share_4q_avg": 1.09,
            "equity": null,
            "current_ratio": null,
            "debt_ratio": null,
            "inventory_turnover_ratio": null,
            "account_receivable_turnover_ratio": null,
            "reinvestment_rate": null,
            "research_to_sale_ratio": null,
            "price_fair": 0,
            "eps_avg_yearly": 0,
            "eps_latest_yearly": 0,
            "eps_growth_yearly": 0
        },
        "20073": {
            "year_quarter": 20073,
            "year": 2007,
            "quarter": 3,
            "eps": null,
            "eps_growth_year": null,
            "eps_4q": null,
            "eps_4q_growth_year": null,
            "roe": null,
            "roe_4q": 0,
            "gross_profit": null,
            "gross_margin": null,
            "gross_margin_4q_avg": 0,
            "net_income": null,
            "net_income_4q": null,
            "revenue": null,
            "revenue_4q": null,
            "common_shares": null,
            "book_valuer_per_share": null,
            "book_valuer_per_share_4q_avg": 1.09,
            "equity": null,
            "current_ratio": null,
            "debt_ratio": null,
            "inventory_turnover_ratio": null,
            "account_receivable_turnover_ratio": null,
            "reinvestment_rate": null,
            "research_to_sale_ratio": null,
            "price_fair": 0,
            "eps_avg_yearly": 0,
            "eps_latest_yearly": 0,
            "eps_growth_yearly": 0
        },
        "20074": {
            "year_quarter": 20074,
            "year": 2007,
            "quarter": 4,
            "eps": null,
            "eps_growth_year": null,
            "eps_4q": null,
            "eps_4q_growth_year": null,
            "roe": null,
            "roe_4q": 0,
            "gross_profit": null,
            "gross_margin": null,
            "gross_margin_4q_avg": 0,
            "net_income": null,
            "net_income_4q": null,
            "revenue": null,
            "revenue_4q": null,
            "common_shares": 9082615,
            "book_valuer_per_share": 4.52,
            "book_valuer_per_share_4q_avg": 1.13,
            "equity": 4106740,
            "current_ratio": 124.58,
            "debt_ratio": 79.32,
            "inventory_turnover_ratio": null,
            "account_receivable_turnover_ratio": null,
            "reinvestment_rate": null,
            "research_to_sale_ratio": null,
            "price_fair": 0,
            "eps_avg_yearly": 0,
            "eps_latest_yearly": 0,
            "eps_growth_yearly": 0
        },
        "20081": {
            "year_quarter": 20081,
            "year": 2008,
            "quarter": 1,
            "eps": null,
            "eps_growth_year": null,
            "eps_4q": null,
            "eps_4q_growth_year": null,
            "roe": null,
            "roe_4q": 0,
            "gross_profit": null,
            "gross_margin": null,
            "gross_margin_4q_avg": 0,
            "net_income": null,
            "net_income_4q": null,
            "revenue": null,
            "revenue_4q": null,
            "common_shares": null,
            "book_valuer_per_share": null,
            "book_valuer_per_share_4q_avg": 1.13,
            "equity": null,
            "current_ratio": null,
            "debt_ratio": null,
            "inventory_turnover_ratio": null,
            "account_receivable_turnover_ratio": null,
            "reinvestment_rate": null,
            "research_to_sale_ratio": null,
            "price_fair": 0,
            "eps_avg_yearly": 0,
            "eps_latest_yearly": 0,
            "eps_growth_yearly": 0
        },
        "20082": {
            "year_quarter": 20082,
            "year": 2008,
            "quarter": 2,
            "eps": null,
            "eps_growth_year": null,
            "eps_4q": null,
            "eps_4q_growth_year": null,
            "roe": null,
            "roe_4q": 0,
            "gross_profit": null,
            "gross_margin": null,
            "gross_margin_4q_avg": 0,
            "net_income": null,
            "net_income_4q": null,
            "revenue": null,
            "revenue_4q": null,
            "common_shares": null,
            "book_valuer_per_share": null,
            "book_valuer_per_share_4q_avg": 1.13,
            "equity": null,
            "current_ratio": null,
            "debt_ratio": null,
            "inventory_turnover_ratio": null,
            "account_receivable_turnover_ratio": null,
            "reinvestment_rate": null,
            "research_to_sale_ratio": null,
            "price_fair": 0,
            "eps_avg_yearly": 0,
            "eps_latest_yearly": 0,
            "eps_growth_yearly": 0
        },
        "20083": {
            "year_quarter": 20083,
            "year": 2008,
            "quarter": 3,
            "eps": null,
            "eps_growth_year": null,
            "eps_4q": null,
            "eps_4q_growth_year": null,
            "roe": null,
            "roe_4q": 0,
            "gross_profit": null,
            "gross_margin": null,
            "gross_margin_4q_avg": 0,
            "net_income": null,
            "net_income_4q": null,
            "revenue": null,
            "revenue_4q": null,
            "common_shares": null,
            "book_valuer_per_share": null,
            "book_valuer_per_share_4q_avg": 1.13,
            "equity": null,
            "current_ratio": null,
            "debt_ratio": null,
            "inventory_turnover_ratio": null,
            "account_receivable_turnover_ratio": null,
            "reinvestment_rate": null,
            "research_to_sale_ratio": null,
            "price_fair": 0,
            "eps_avg_yearly": 0,
            "eps_latest_yearly": 0,
            "eps_growth_yearly": 0
        },
        "20084": {
            "year_quarter": 20084,
            "year": 2008,
            "quarter": 4,
            "eps": null,
            "eps_growth_year": null,
            "eps_4q": null,
            "eps_4q_growth_year": null,
            "roe": null,
            "roe_4q": 0,
            "gross_profit": null,
            "gross_margin": null,
            "gross_margin_4q_avg": 0,
            "net_income": null,
            "net_income_4q": null,
            "revenue": null,
            "revenue_4q": null,
            "common_shares": 9082615,
            "book_valuer_per_share": 4.61,
            "book_valuer_per_share_4q_avg": 1.15,
            "equity": 4185237,
            "current_ratio": 121.76,
            "debt_ratio": 78.56,
            "inventory_turnover_ratio": null,
            "account_receivable_turnover_ratio": null,
            "reinvestment_rate": null,
            "research_to_sale_ratio": null,
            "price_fair": 0,
            "eps_avg_yearly": 0,
            "eps_latest_yearly": 0,
            "eps_growth_yearly": 0
        },
        "20091": {
            "year_quarter": 20091,
            "year": 2009,
            "quarter": 1,
            "eps": null,
            "eps_growth_year": null,
            "eps_4q": null,
            "eps_4q_growth_year": null,
            "roe": null,
            "roe_4q": 0,
            "gross_profit": null,
            "gross_margin": null,
            "gross_margin_4q_avg": 0,
            "net_income": null,
            "net_income_4q": null,
            "revenue": null,
            "revenue_4q": null,
            "common_shares": null,
            "book_valuer_per_share": null,
            "book_valuer_per_share_4q_avg": 1.15,
            "equity": null,
            "current_ratio": null,
            "debt_ratio": null,
            "inventory_turnover_ratio": null,
            "account_receivable_turnover_ratio": null,
            "reinvestment_rate": null,
            "research_to_sale_ratio": null,
            "price_fair": 0,
            "eps_avg_yearly": 0,
            "eps_latest_yearly": 0,
            "eps_growth_yearly": 0
        },
        "20092": {
            "year_quarter": 20092,
            "year": 2009,
            "quarter": 2,
            "eps": null,
            "eps_growth_year": null,
            "eps_4q": null,
            "eps_4q_growth_year": null,
            "roe": null,
            "roe_4q": 0,
            "gross_profit": null,
            "gross_margin": null,
            "gross_margin_4q_avg": 0,
            "net_income": null,
            "net_income_4q": null,
            "revenue": null,
            "revenue_4q": null,
            "common_shares": null,
            "book_valuer_per_share": null,
            "book_valuer_per_share_4q_avg": 1.15,
            "equity": null,
            "current_ratio": null,
            "debt_ratio": null,
            "inventory_turnover_ratio": null,
            "account_receivable_turnover_ratio": null,
            "reinvestment_rate": null,
            "research_to_sale_ratio": null,
            "price_fair": 0,
            "eps_avg_yearly": 0,
            "eps_latest_yearly": 0,
            "eps_growth_yearly": 0
        },
        "20093": {
            "year_quarter": 20093,
            "year": 2009,
            "quarter": 3,
            "eps": null,
            "eps_growth_year": null,
            "eps_4q": null,
            "eps_4q_growth_year": null,
            "roe": null,
            "roe_4q": 0,
            "gross_profit": null,
            "gross_margin": null,
            "gross_margin_4q_avg": 0,
            "net_income": null,
            "net_income_4q": null,
            "revenue": null,
            "revenue_4q": null,
            "common_shares": null,
            "book_valuer_per_share": null,
            "book_valuer_per_share_4q_avg": 1.15,
            "equity": null,
            "current_ratio": null,
            "debt_ratio": null,
            "inventory_turnover_ratio": null,
            "account_receivable_turnover_ratio": null,
            "reinvestment_rate": null,
            "research_to_sale_ratio": null,
            "price_fair": 0,
            "eps_avg_yearly": 0,
            "eps_latest_yearly": 0,
            "eps_growth_yearly": 0
        },
        "20094": {
            "year_quarter": 20094,
            "year": 2009,
            "quarter": 4,
            "eps": null,
            "eps_growth_year": null,
            "eps_4q": null,
            "eps_4q_growth_year": null,
            "roe": null,
            "roe_4q": 0,
            "gross_profit": null,
            "gross_margin": null,
            "gross_margin_4q_avg": 0,
            "net_income": null,
            "net_income_4q": null,
            "revenue": null,
            "revenue_4q": null,
            "common_shares": 9082615,
            "book_valuer_per_share": 6.07,
            "book_valuer_per_share_4q_avg": 1.52,
            "equity": 5514124,
            "current_ratio": 126.77,
            "debt_ratio": 71.23,
            "inventory_turnover_ratio": null,
            "account_receivable_turnover_ratio": null,
            "reinvestment_rate": null,
            "research_to_sale_ratio": null,
            "price_fair": 0,
            "eps_avg_yearly": 0,
            "eps_latest_yearly": 0,
            "eps_growth_yearly": 0
        },
        "20101": {
            "year_quarter": 20101,
            "year": 2010,
            "quarter": 1,
            "eps": null,
            "eps_growth_year": null,
            "eps_4q": null,
            "eps_4q_growth_year": null,
            "roe": null,
            "roe_4q": 0,
            "gross_profit": null,
            "gross_margin": null,
            "gross_margin_4q_avg": 0,
            "net_income": null,
            "net_income_4q": null,
            "revenue": null,
            "revenue_4q": null,
            "common_shares": null,
            "book_valuer_per_share": null,
            "book_valuer_per_share_4q_avg": 1.52,
            "equity": null,
            "current_ratio": null,
            "debt_ratio": null,
            "inventory_turnover_ratio": null,
            "account_receivable_turnover_ratio": null,
            "reinvestment_rate": null,
            "research_to_sale_ratio": null,
            "price_fair": 0,
            "eps_avg_yearly": 0,
            "eps_latest_yearly": 0,
            "eps_growth_yearly": 0
        },
        "20102": {
            "year_quarter": 20102,
            "year": 2010,
            "quarter": 2,
            "eps": null,
            "eps_growth_year": null,
            "eps_4q": null,
            "eps_4q_growth_year": null,
            "roe": null,
            "roe_4q": 0,
            "gross_profit": null,
            "gross_margin": null,
            "gross_margin_4q_avg": 0,
            "net_income": null,
            "net_income_4q": null,
            "revenue": null,
            "revenue_4q": null,
            "common_shares": null,
            "book_valuer_per_share": null,
            "book_valuer_per_share_4q_avg": 1.52,
            "equity": null,
            "current_ratio": null,
            "debt_ratio": null,
            "inventory_turnover_ratio": null,
            "account_receivable_turnover_ratio": null,
            "reinvestment_rate": null,
            "research_to_sale_ratio": null,
            "price_fair": 0,
            "eps_avg_yearly": 0,
            "eps_latest_yearly": 0,
            "eps_growth_yearly": 0
        },
        "20103": {
            "year_quarter": 20103,
            "year": 2010,
            "quarter": 3,
            "eps": null,
            "eps_growth_year": null,
            "eps_4q": null,
            "eps_4q_growth_year": null,
            "roe": null,
            "roe_4q": 0,
            "gross_profit": null,
            "gross_margin": null,
            "gross_margin_4q_avg": 0,
            "net_income": null,
            "net_income_4q": null,
            "revenue": null,
            "revenue_4q": null,
            "common_shares": null,
            "book_valuer_per_share": null,
            "book_valuer_per_share_4q_avg": 1.52,
            "equity": null,
            "current_ratio": null,
            "debt_ratio": null,
            "inventory_turnover_ratio": null,
            "account_receivable_turnover_ratio": null,
            "reinvestment_rate": null,
            "research_to_sale_ratio": null,
            "price_fair": 0,
            "eps_avg_yearly": 0,
            "eps_latest_yearly": 0,
            "eps_growth_yearly": 0
        },
        "20104": {
            "year_quarter": 20104,
            "year": 2010,
            "quarter": 4,
            "eps": null,
            "eps_growth_year": null,
            "eps_4q": null,
            "eps_4q_growth_year": null,
            "roe": null,
            "roe_4q": 0,
            "gross_profit": null,
            "gross_margin": null,
            "gross_margin_4q_avg": 0,
            "net_income": null,
            "net_income_4q": null,
            "revenue": null,
            "revenue_4q": null,
            "common_shares": 9082615,
            "book_valuer_per_share": 7.18,
            "book_valuer_per_share_4q_avg": 1.8,
            "equity": 6523200,
            "current_ratio": 154.32,
            "debt_ratio": 70.21,
            "inventory_turnover_ratio": null,
            "account_receivable_turnover_ratio": null,
            "reinvestment_rate": null,
            "research_to_sale_ratio": null,
            "price_fair": 0,
            "eps_avg_yearly": 0,
            "eps_latest_yearly": 0,
            "eps_growth_yearly": 0
        },
        "20111": {
            "year_quarter": 20111,
            "year": 2011,
            "quarter": 1,
            "eps": null,
            "eps_growth_year": null,
            "eps_4q": null,
            "eps_4q_growth_year": null,
            "roe": null,
            "roe_4q": 0,
            "gross_profit": null,
            "gross_margin": null,
            "gross_margin_4q_avg": 0,
            "net_income": null,
            "net_income_4q": null,
            "revenue": null,
            "revenue_4q": null,
            "common_shares": null,
            "book_valuer_per_share": null,
            "book_valuer_per_share_4q_avg": 1.8,
            "equity": null,
            "current_ratio": null,
            "debt_ratio": null,
            "inventory_turnover_ratio": null,
            "account_receivable_turnover_ratio": null,
            "reinvestment_rate": null,
            "research_to_sale_ratio": null,
            "price_fair": 0,
            "eps_avg_yearly": 0,
            "eps_latest_yearly": 0,
            "eps_growth_yearly": 0
        },
        "20112": {
            "year_quarter": 20112,
            "year": 2011,
            "quarter": 2,
            "eps": null,
            "eps_growth_year": null,
            "eps_4q": null,
            "eps_4q_growth_year": null,
            "roe": null,
            "roe_4q": 0,
            "gross_profit": null,
            "gross_margin": null,
            "gross_margin_4q_avg": 0,
            "net_income": null,
            "net_income_4q": null,
            "revenue": null,
            "revenue_4q": null,
            "common_shares": null,
            "book_valuer_per_share": null,
            "book_valuer_per_share_4q_avg": 1.8,
            "equity": null,
            "current_ratio": null,
            "debt_ratio": null,
            "inventory_turnover_ratio": null,
            "account_receivable_turnover_ratio": null,
            "reinvestment_rate": null,
            "research_to_sale_ratio": null,
            "price_fair": 0,
            "eps_avg_yearly": 0,
            "eps_latest_yearly": 0,
            "eps_growth_yearly": 0
        },
        "20113": {
            "year_quarter": 20113,
            "year": 2011,
            "quarter": 3,
            "eps": null,
            "eps_growth_year": null,
            "eps_4q": null,
            "eps_4q_growth_year": null,
            "roe": null,
            "roe_4q": 0,
            "gross_profit": null,
            "gross_margin": null,
            "gross_margin_4q_avg": 0,
            "net_income": null,
            "net_income_4q": null,
            "revenue": null,
            "revenue_4q": null,
            "common_shares": null,
            "book_valuer_per_share": null,
            "book_valuer_per_share_4q_avg": 1.8,
            "equity": null,
            "current_ratio": null,
            "debt_ratio": null,
            "inventory_turnover_ratio": null,
            "account_receivable_turnover_ratio": null,
            "reinvestment_rate": null,
            "research_to_sale_ratio": null,
            "price_fair": 0,
            "eps_avg_yearly": 0,
            "eps_latest_yearly": 0,
            "eps_growth_yearly": 0
        },
        "20114": {
            "year_quarter": 20114,
            "year": 2011,
            "quarter": 4,
            "eps": null,
            "eps_growth_year": null,
            "eps_4q": null,
            "eps_4q_growth_year": null,
            "roe": null,
            "roe_4q": 0,
            "gross_profit": null,
            "gross_margin": null,
            "gross_margin_4q_avg": 0,
            "net_income": null,
            "net_income_4q": null,
            "revenue": null,
            "revenue_4q": null,
            "common_shares": 9082615,
            "book_valuer_per_share": 8.3,
            "book_valuer_per_share_4q_avg": 2.08,
            "equity": 7537038,
            "current_ratio": 173.29,
            "debt_ratio": 64.7,
            "inventory_turnover_ratio": null,
            "account_receivable_turnover_ratio": null,
            "reinvestment_rate": null,
            "research_to_sale_ratio": null,
            "price_fair": 0,
            "eps_avg_yearly": 0,
            "eps_latest_yearly": 0,
            "eps_growth_yearly": 0
        },
        "20121": {
            "year_quarter": 20121,
            "year": 2012,
            "quarter": 1,
            "eps": null,
            "eps_growth_year": null,
            "eps_4q": null,
            "eps_4q_growth_year": null,
            "roe": null,
            "roe_4q": 0,
            "gross_profit": null,
            "gross_margin": null,
            "gross_margin_4q_avg": 0,
            "net_income": null,
            "net_income_4q": null,
            "revenue": null,
            "revenue_4q": null,
            "common_shares": null,
            "book_valuer_per_share": null,
            "book_valuer_per_share_4q_avg": 2.08,
            "equity": null,
            "current_ratio": null,
            "debt_ratio": null,
            "inventory_turnover_ratio": null,
            "account_receivable_turnover_ratio": null,
            "reinvestment_rate": null,
            "research_to_sale_ratio": null,
            "price_fair": 0,
            "eps_avg_yearly": 0,
            "eps_latest_yearly": 0,
            "eps_growth_yearly": 0
        },
        "20122": {
            "year_quarter": 20122,
            "year": 2012,
            "quarter": 2,
            "eps": null,
            "eps_growth_year": null,
            "eps_4q": null,
            "eps_4q_growth_year": null,
            "roe": null,
            "roe_4q": 0,
            "gross_profit": null,
            "gross_margin": null,
            "gross_margin_4q_avg": 0,
            "net_income": null,
            "net_income_4q": null,
            "revenue": null,
            "revenue_4q": null,
            "common_shares": 9082615,
            "book_valuer_per_share": null,
            "book_valuer_per_share_4q_avg": 2.08,
            "equity": 7052193,
            "current_ratio": null,
            "debt_ratio": null,
            "inventory_turnover_ratio": null,
            "account_receivable_turnover_ratio": null,
            "reinvestment_rate": null,
            "research_to_sale_ratio": null,
            "price_fair": 0,
            "eps_avg_yearly": 0,
            "eps_latest_yearly": 0,
            "eps_growth_yearly": 0
        },
        "20123": {
            "year_quarter": 20123,
            "year": 2012,
            "quarter": 3,
            "eps": null,
            "eps_growth_year": null,
            "eps_4q": null,
            "eps_4q_growth_year": null,
            "roe": null,
            "roe_4q": 0,
            "gross_profit": null,
            "gross_margin": null,
            "gross_margin_4q_avg": 0,
            "net_income": null,
            "net_income_4q": null,
            "revenue": null,
            "revenue_4q": null,
            "common_shares": null,
            "book_valuer_per_share": null,
            "book_valuer_per_share_4q_avg": 2.08,
            "equity": null,
            "current_ratio": null,
            "debt_ratio": null,
            "inventory_turnover_ratio": null,
            "account_receivable_turnover_ratio": null,
            "reinvestment_rate": null,
            "research_to_sale_ratio": null,
            "price_fair": 0,
            "eps_avg_yearly": 0,
            "eps_latest_yearly": 0,
            "eps_growth_yearly": 0
        },
        "20124": {
            "year_quarter": 20124,
            "year": 2012,
            "quarter": 4,
            "eps": null,
            "eps_growth_year": null,
            "eps_4q": null,
            "eps_4q_growth_year": null,
            "roe": null,
            "roe_4q": 0,
            "gross_profit": null,
            "gross_margin": null,
            "gross_margin_4q_avg": 0,
            "net_income": null,
            "net_income_4q": null,
            "revenue": null,
            "revenue_4q": null,
            "common_shares": 9082615,
            "book_valuer_per_share": 9.45,
            "book_valuer_per_share_4q_avg": 2.36,
            "equity": 8579081,
            "current_ratio": 229.22,
            "debt_ratio": 56.14,
            "inventory_turnover_ratio": null,
            "account_receivable_turnover_ratio": null,
            "reinvestment_rate": null,
            "research_to_sale_ratio": null,
            "price_fair": 0,
            "eps_avg_yearly": 0,
            "eps_latest_yearly": 0,
            "eps_growth_yearly": 0
        },
        "20131": {
            "year_quarter": 20131,
            "year": 2013,
            "quarter": 1,
            "eps": null,
            "eps_growth_year": null,
            "eps_4q": null,
            "eps_4q_growth_year": null,
            "roe": null,
            "roe_4q": 0,
            "gross_profit": null,
            "gross_margin": null,
            "gross_margin_4q_avg": 0,
            "net_income": null,
            "net_income_4q": null,
            "revenue": null,
            "revenue_4q": null,
            "common_shares": null,
            "book_valuer_per_share": null,
            "book_valuer_per_share_4q_avg": 2.36,
            "equity": null,
            "current_ratio": null,
            "debt_ratio": null,
            "inventory_turnover_ratio": null,
            "account_receivable_turnover_ratio": null,
            "reinvestment_rate": null,
            "research_to_sale_ratio": null,
            "price_fair": 0,
            "eps_avg_yearly": 0,
            "eps_latest_yearly": 0,
            "eps_growth_yearly": 0
        },
        "20132": {
            "year_quarter": 20132,
            "year": 2013,
            "quarter": 2,
            "eps": null,
            "eps_growth_year": null,
            "eps_4q": null,
            "eps_4q_growth_year": null,
            "roe": null,
            "roe_4q": 0,
            "gross_profit": null,
            "gross_margin": null,
            "gross_margin_4q_avg": 0,
            "net_income": null,
            "net_income_4q": null,
            "revenue": null,
            "revenue_4q": null,
            "common_shares": 9082615,
            "book_valuer_per_share": 8.95,
            "book_valuer_per_share_4q_avg": 4.6,
            "equity": 8128124,
            "current_ratio": 230.29,
            "debt_ratio": 60.65,
            "inventory_turnover_ratio": null,
            "account_receivable_turnover_ratio": null,
            "reinvestment_rate": null,
            "research_to_sale_ratio": null,
            "price_fair": 0,
            "eps_avg_yearly": 0,
            "eps_latest_yearly": 0,
            "eps_growth_yearly": 0
        },
        "20133": {
            "year_quarter": 20133,
            "year": 2013,
            "quarter": 3,
            "eps": null,
            "eps_growth_year": null,
            "eps_4q": null,
            "eps_4q_growth_year": null,
            "roe": null,
            "roe_4q": 0,
            "gross_profit": 790820,
            "gross_margin": null,
            "gross_margin_4q_avg": 0,
            "net_income": 434169,
            "net_income_4q": null,
            "revenue": 5723970,
            "revenue_4q": null,
            "common_shares": 9082615,
            "book_valuer_per_share": 9.42,
            "book_valuer_per_share_4q_avg": 6.96,
            "equity": 8559844,
            "current_ratio": 226.14,
            "debt_ratio": 60.37,
            "inventory_turnover_ratio": null,
            "account_receivable_turnover_ratio": null,
            "reinvestment_rate": null,
            "research_to_sale_ratio": null,
            "price_fair": 0,
            "eps_avg_yearly": 0,
            "eps_latest_yearly": 0,
            "eps_growth_yearly": 0
        },
        "20134": {
            "year_quarter": 20134,
            "year": 2013,
            "quarter": 4,
            "eps": null,
            "eps_growth_year": null,
            "eps_4q": null,
            "eps_4q_growth_year": null,
            "roe": null,
            "roe_4q": 0,
            "gross_profit": 226191,
            "gross_margin": null,
            "gross_margin_4q_avg": 0,
            "net_income": -140194,
            "net_income_4q": null,
            "revenue": 5731800,
            "revenue_4q": null,
            "common_shares": 9082615,
            "book_valuer_per_share": 9.36,
            "book_valuer_per_share_4q_avg": 6.93,
            "equity": 8498725,
            "current_ratio": 226.11,
            "debt_ratio": 60.61,
            "inventory_turnover_ratio": null,
            "account_receivable_turnover_ratio": null,
            "reinvestment_rate": null,
            "research_to_sale_ratio": null,
            "price_fair": 0,
            "eps_avg_yearly": 0,
            "eps_latest_yearly": 0,
            "eps_growth_yearly": 0
        },
        "20141": {
            "year_quarter": 20141,
            "year": 2014,
            "quarter": 1,
            "eps": null,
            "eps_growth_year": null,
            "eps_4q": null,
            "eps_4q_growth_year": null,
            "roe": null,
            "roe_4q": 0,
            "gross_profit": 545794,
            "gross_margin": null,
            "gross_margin_4q_avg": 0,
            "net_income": 422318,
            "net_income_4q": null,
            "revenue": 5566841,
            "revenue_4q": null,
            "common_shares": 9082615,
            "book_valuer_per_share": 9.83,
            "book_valuer_per_share_4q_avg": 9.39,
            "equity": 8928014,
            "current_ratio": 232.01,
            "debt_ratio": 59.59,
            "inventory_turnover_ratio": null,
            "account_receivable_turnover_ratio": null,
            "reinvestment_rate": null,
            "research_to_sale_ratio": null,
            "price_fair": 0,
            "eps_avg_yearly": 0,
            "eps_latest_yearly": 0,
            "eps_growth_yearly": 0
        },
        "20142": {
            "year_quarter": 20142,
            "year": 2014,
            "quarter": 2,
            "eps": 0.46,
            "eps_growth_year": null,
            "eps_4q": 0.46,
            "eps_4q_growth_year": null,
            "roe": 4.57,
            "roe_4q": 4.57,
            "gross_profit": 1013271,
            "gross_margin": 18.78,
            "gross_margin_4q_avg": 4.7,
            "net_income": 417239,
            "net_income_4q": null,
            "revenue": 5394873,
            "revenue_4q": null,
            "common_shares": 9082615,
            "book_valuer_per_share": 10.28,
            "book_valuer_per_share_4q_avg": 9.72,
            "equity": 9338337,
            "current_ratio": 221.33,
            "debt_ratio": 60.48,
            "inventory_turnover_ratio": 0.62,
            "account_receivable_turnover_ratio": 2.34,
            "reinvestment_rate": null,
            "research_to_sale_ratio": null,
            "price_fair": 0,
            "eps_avg_yearly": 0,
            "eps_latest_yearly": 0,
            "eps_growth_yearly": 0
        },
        "20143": {
            "year_quarter": 20143,
            "year": 2014,
            "quarter": 3,
            "eps": 0.38,
            "eps_growth_year": null,
            "eps_4q": 0.83,
            "eps_4q_growth_year": null,
            "roe": 3.6,
            "roe_4q": 8.17,
            "gross_profit": 158681,
            "gross_margin": 2.64,
            "gross_margin_4q_avg": 5.36,
            "net_income": 341025,
            "net_income_4q": null,
            "revenue": 6012093,
            "revenue_4q": null,
            "common_shares": 9082615,
            "book_valuer_per_share": 10.56,
            "book_valuer_per_share_4q_avg": 10.01,
            "equity": 9587446,
            "current_ratio": 134.82,
            "debt_ratio": 62.33,
            "inventory_turnover_ratio": 0.75,
            "account_receivable_turnover_ratio": 1.18,
            "reinvestment_rate": null,
            "research_to_sale_ratio": 2.74,
            "price_fair": 4.56,
            "eps_avg_yearly": 1.52,
            "eps_latest_yearly": 1.52,
            "eps_growth_yearly": -69.57
        },
        "20144": {
            "year_quarter": 20144,
            "year": 2014,
            "quarter": 4,
            "eps": 0.76,
            "eps_growth_year": null,
            "eps_4q": 1.6,
            "eps_4q_growth_year": null,
            "roe": 6.95,
            "roe_4q": 15.120000000000001,
            "gross_profit": 1047387,
            "gross_margin": 13.17,
            "gross_margin_4q_avg": 8.65,
            "net_income": 690921,
            "net_income_4q": null,
            "revenue": 7950232,
            "revenue_4q": null,
            "common_shares": 9082615,
            "book_valuer_per_share": 11.33,
            "book_valuer_per_share_4q_avg": 10.5,
            "equity": 10293502,
            "current_ratio": 146.47,
            "debt_ratio": 59.36,
            "inventory_turnover_ratio": 0.89,
            "account_receivable_turnover_ratio": 1.4,
            "reinvestment_rate": null,
            "research_to_sale_ratio": 3.69,
            "price_fair": 79.8,
            "eps_avg_yearly": 2.28,
            "eps_latest_yearly": 3.04,
            "eps_growth_yearly": 165.22
        },
        "20151": {
            "year_quarter": 20151,
            "year": 2015,
            "quarter": 1,
            "eps": 0.47,
            "eps_growth_year": null,
            "eps_4q": 2.06,
            "eps_4q_growth_year": null,
            "roe": 4.03,
            "roe_4q": 19.15,
            "gross_profit": 766957,
            "gross_margin": 13.13,
            "gross_margin_4q_avg": 11.93,
            "net_income": 423427,
            "net_income_4q": null,
            "revenue": 5839917,
            "revenue_4q": null,
            "common_shares": 9082615,
            "book_valuer_per_share": 11.79,
            "book_valuer_per_share_4q_avg": 10.99,
            "equity": 10712227,
            "current_ratio": 142.9,
            "debt_ratio": 61.44,
            "inventory_turnover_ratio": 0.63,
            "account_receivable_turnover_ratio": 0.93,
            "reinvestment_rate": null,
            "research_to_sale_ratio": 1.27,
            "price_fair": 75.13,
            "eps_avg_yearly": 2.15,
            "eps_latest_yearly": 1.88,
            "eps_growth_yearly": 59.27
        },
        "20152": {
            "year_quarter": 20152,
            "year": 2015,
            "quarter": 2,
            "eps": 0.49,
            "eps_growth_year": 6.66,
            "eps_4q": 2.09,
            "eps_4q_growth_year": 355.37,
            "roe": 4.23,
            "roe_4q": 18.810000000000002,
            "gross_profit": 904832,
            "gross_margin": 13.07,
            "gross_margin_4q_avg": 10.5,
            "net_income": 444618,
            "net_income_4q": null,
            "revenue": 6920821,
            "revenue_4q": null,
            "common_shares": 9082615,
            "book_valuer_per_share": 11.36,
            "book_valuer_per_share_4q_avg": 11.26,
            "equity": 10314947,
            "current_ratio": 135.75,
            "debt_ratio": 63.87,
            "inventory_turnover_ratio": 0.67,
            "account_receivable_turnover_ratio": 1.01,
            "reinvestment_rate": null,
            "research_to_sale_ratio": 1.49,
            "price_fair": 73.5,
            "eps_avg_yearly": 2.1,
            "eps_latest_yearly": 1.96,
            "eps_growth_yearly": 48.71
        },
        "20153": {
            "year_quarter": 20153,
            "year": 2015,
            "quarter": 3,
            "eps": 0.87,
            "eps_growth_year": 128.95,
            "eps_4q": 2.59,
            "eps_4q_growth_year": 210.29,
            "roe": 7.4,
            "roe_4q": 22.61,
            "gross_profit": 727206,
            "gross_margin": 10.04,
            "gross_margin_4q_avg": 12.35,
            "net_income": 793838,
            "net_income_4q": null,
            "revenue": 7243340,
            "revenue_4q": null,
            "common_shares": 9082615,
            "book_valuer_per_share": 12.26,
            "book_valuer_per_share_4q_avg": 11.69,
            "equity": 11139520,
            "current_ratio": 145.9,
            "debt_ratio": 63.1,
            "inventory_turnover_ratio": 0.7,
            "account_receivable_turnover_ratio": 0.95,
            "reinvestment_rate": null,
            "research_to_sale_ratio": 1.35,
            "price_fair": 83.16,
            "eps_avg_yearly": 2.38,
            "eps_latest_yearly": 3.48,
            "eps_growth_yearly": 101.01
        },
        "20154": {
            "year_quarter": 20154,
            "year": 2015,
            "quarter": 4,
            "eps": 0.4,
            "eps_growth_year": -46.84,
            "eps_4q": 2.23,
            "eps_4q_growth_year": 40.02,
            "roe": 3.24,
            "roe_4q": 18.900000000000002,
            "gross_profit": 852712,
            "gross_margin": 12.4,
            "gross_margin_4q_avg": 12.16,
            "net_income": 367286,
            "net_income_4q": null,
            "revenue": 6874078,
            "revenue_4q": null,
            "common_shares": 9082615,
            "book_valuer_per_share": 12.69,
            "book_valuer_per_share_4q_avg": 12.03,
            "equity": 11526595,
            "current_ratio": 153.9,
            "debt_ratio": 59.84,
            "inventory_turnover_ratio": 0.66,
            "account_receivable_turnover_ratio": 0.92,
            "reinvestment_rate": null,
            "research_to_sale_ratio": 2.39,
            "price_fair": 78.63,
            "eps_avg_yearly": 2.25,
            "eps_latest_yearly": 1.6,
            "eps_growth_yearly": 48.16
        },
        "20161": {
            "year_quarter": 20161,
            "year": 2016,
            "quarter": 1,
            "eps": 0.53,
            "eps_growth_year": 12.77,
            "eps_4q": 2.3,
            "eps_4q_growth_year": 11.58,
            "roe": 4.11,
            "roe_4q": 18.98,
            "gross_profit": 976518,
            "gross_margin": 15.43,
            "gross_margin_4q_avg": 12.74,
            "net_income": 483793,
            "net_income_4q": null,
            "revenue": 6329017,
            "revenue_4q": null,
            "common_shares": 9082615,
            "book_valuer_per_share": 13.21,
            "book_valuer_per_share_4q_avg": 12.38,
            "equity": 11998182,
            "current_ratio": 144.37,
            "debt_ratio": 61.93,
            "inventory_turnover_ratio": 0.58,
            "account_receivable_turnover_ratio": 0.84,
            "reinvestment_rate": null,
            "research_to_sale_ratio": 1.89,
            "price_fair": 78,
            "eps_avg_yearly": 2.23,
            "eps_latest_yearly": 2.12,
            "eps_growth_yearly": 59.85
        },
        "20162": {
            "year_quarter": 20162,
            "year": 2016,
            "quarter": 2,
            "eps": 0.64,
            "eps_growth_year": 30.61,
            "eps_4q": 2.45,
            "eps_4q_growth_year": 17.16,
            "roe": 4.98,
            "roe_4q": 19.73,
            "gross_profit": 1146893,
            "gross_margin": 15.33,
            "gross_margin_4q_avg": 13.3,
            "net_income": 581170,
            "net_income_4q": null,
            "revenue": 7479633,
            "revenue_4q": null,
            "common_shares": 9082615,
            "book_valuer_per_share": 12.49,
            "book_valuer_per_share_4q_avg": 12.66,
            "equity": 11345551,
            "current_ratio": 129.17,
            "debt_ratio": 65.38,
            "inventory_turnover_ratio": 0.67,
            "account_receivable_turnover_ratio": 0.87,
            "reinvestment_rate": null,
            "research_to_sale_ratio": 2.23,
            "price_fair": 79.45,
            "eps_avg_yearly": 2.27,
            "eps_latest_yearly": 2.56,
            "eps_growth_yearly": 62.74
        },
        "20163": {
            "year_quarter": 20163,
            "year": 2016,
            "quarter": 3,
            "eps": 0.48,
            "eps_growth_year": -44.83,
            "eps_4q": 2.06,
            "eps_4q_growth_year": -20.47,
            "roe": 3.8,
            "roe_4q": 16.130000000000003,
            "gross_profit": 964196,
            "gross_margin": 14.52,
            "gross_margin_4q_avg": 14.42,
            "net_income": 438825,
            "net_income_4q": null,
            "revenue": 6640759,
            "revenue_4q": null,
            "common_shares": 9082615,
            "book_valuer_per_share": 12.96,
            "book_valuer_per_share_4q_avg": 12.84,
            "equity": 11767050,
            "current_ratio": 125.54,
            "debt_ratio": 64.21,
            "inventory_turnover_ratio": 0.64,
            "account_receivable_turnover_ratio": 0.79,
            "reinvestment_rate": null,
            "research_to_sale_ratio": 1.62,
            "price_fair": 78.09,
            "eps_avg_yearly": 2.23,
            "eps_latest_yearly": 1.92,
            "eps_growth_yearly": 44.66
        },
        "20164": {
            "year_quarter": 20164,
            "year": 2016,
            "quarter": 4,
            "eps": 0.64,
            "eps_growth_year": 57.61,
            "eps_4q": 2.29,
            "eps_4q_growth_year": 2.64,
            "roe": 4.8,
            "roe_4q": 17.69,
            "gross_profit": 1027889,
            "gross_margin": 14.95,
            "gross_margin_4q_avg": 15.06,
            "net_income": 578867,
            "net_income_4q": null,
            "revenue": 6876105,
            "revenue_4q": null,
            "common_shares": 9082615,
            "book_valuer_per_share": 13.61,
            "book_valuer_per_share_4q_avg": 13.07,
            "equity": 12360439,
            "current_ratio": 123.97,
            "debt_ratio": 60.16,
            "inventory_turnover_ratio": 0.72,
            "account_receivable_turnover_ratio": 0.89,
            "reinvestment_rate": null,
            "research_to_sale_ratio": 3.81,
            "price_fair": 79.24,
            "eps_avg_yearly": 2.26,
            "eps_latest_yearly": 2.56,
            "eps_growth_yearly": 53.53
        },
        "20171": {
            "year_quarter": 20171,
            "year": 2017,
            "quarter": 1,
            "eps": 0.12,
            "eps_growth_year": -77.36,
            "eps_4q": 1.88,
            "eps_4q_growth_year": -18.14,
            "roe": 0.9,
            "roe_4q": 14.48,
            "gross_profit": 847267,
            "gross_margin": 14.31,
            "gross_margin_4q_avg": 14.78,
            "net_income": 111636,
            "net_income_4q": null,
            "revenue": 5918921,
            "revenue_4q": null,
            "common_shares": 9082615,
            "book_valuer_per_share": 13.68,
            "book_valuer_per_share_4q_avg": 13.19,
            "equity": 12428097,
            "current_ratio": 122.16,
            "debt_ratio": 61.2,
            "inventory_turnover_ratio": 0.64,
            "account_receivable_turnover_ratio": 0.77,
            "reinvestment_rate": null,
            "research_to_sale_ratio": 1.33,
            "price_fair": 61.2,
            "eps_avg_yearly": 2.1,
            "eps_latest_yearly": 0.48,
            "eps_growth_yearly": 19.12
        },
        "20172": {
            "year_quarter": 20172,
            "year": 2017,
            "quarter": 2,
            "eps": 0.46,
            "eps_growth_year": -28.12,
            "eps_4q": 1.65,
            "eps_4q_growth_year": -32.48,
            "roe": 3.52,
            "roe_4q": 13.02,
            "gross_profit": 778183,
            "gross_margin": 12.07,
            "gross_margin_4q_avg": 13.96,
            "net_income": 429414,
            "net_income_4q": null,
            "revenue": 6445685,
            "revenue_4q": null,
            "common_shares": 9082615,
            "book_valuer_per_share": 13.16,
            "book_valuer_per_share_4q_avg": 13.35,
            "equity": 11949931,
            "current_ratio": 117.27,
            "debt_ratio": 63.71,
            "inventory_turnover_ratio": 0.71,
            "account_receivable_turnover_ratio": 0.77,
            "reinvestment_rate": 53.03,
            "research_to_sale_ratio": 1.36,
            "price_fair": 72.8,
            "eps_avg_yearly": 2.08,
            "eps_latest_yearly": 1.84,
            "eps_growth_yearly": 111.97
        },
        "20173": {
            "year_quarter": 20173,
            "year": 2017,
            "quarter": 3,
            "eps": 0.65,
            "eps_growth_year": 35.42,
            "eps_4q": 1.84,
            "eps_4q_growth_year": -10.53,
            "roe": 5.03,
            "roe_4q": 14.25,
            "gross_profit": 1033832,
            "gross_margin": 14.74,
            "gross_margin_4q_avg": 14.02,
            "net_income": 615991,
            "net_income_4q": null,
            "revenue": 7015238,
            "revenue_4q": null,
            "common_shares": 9418671,
            "book_valuer_per_share": 13.34,
            "book_valuer_per_share_4q_avg": 13.45,
            "equity": 12564005,
            "current_ratio": 119.12,
            "debt_ratio": 63.61,
            "inventory_turnover_ratio": 0.79,
            "account_receivable_turnover_ratio": 0.74,
            "reinvestment_rate": 54.51,
            "research_to_sale_ratio": 1.26,
            "price_fair": 74.2,
            "eps_avg_yearly": 2.12,
            "eps_latest_yearly": 2.6,
            "eps_growth_yearly": 116.06
        },
        "20174": {
            "year_quarter": 20174,
            "year": 2017,
            "quarter": 4,
            "eps": 0.63,
            "eps_growth_year": -1.56,
            "eps_4q": 1.86,
            "eps_4q_growth_year": -19.06,
            "roe": 4.6,
            "roe_4q": 14.049999999999999,
            "gross_profit": 1240860,
            "gross_margin": 15.21,
            "gross_margin_4q_avg": 14.08,
            "net_income": 590940,
            "net_income_4q": null,
            "revenue": 8157570,
            "revenue_4q": null,
            "common_shares": 9418671,
            "book_valuer_per_share": 13.91,
            "book_valuer_per_share_4q_avg": 13.52,
            "equity": 13103042,
            "current_ratio": 149.02,
            "debt_ratio": 61.18,
            "inventory_turnover_ratio": 0.97,
            "account_receivable_turnover_ratio": 0.84,
            "reinvestment_rate": 48.65,
            "research_to_sale_ratio": 1.87,
            "price_fair": 75.2,
            "eps_avg_yearly": 2.15,
            "eps_latest_yearly": 2.52,
            "eps_growth_yearly": 106.9
        },
        "20181": {
            "year_quarter": 20181,
            "year": 2018,
            "quarter": 1,
            "eps": 0.33,
            "eps_growth_year": 175,
            "eps_4q": 2.07,
            "eps_4q_growth_year": 9.85,
            "roe": 2.35,
            "roe_4q": 15.5,
            "gross_profit": 738411,
            "gross_margin": 11.92,
            "gross_margin_4q_avg": 13.49,
            "net_income": 312184,
            "net_income_4q": null,
            "revenue": 6196904,
            "revenue_4q": null,
            "common_shares": 9418671,
            "book_valuer_per_share": 14.32,
            "book_valuer_per_share_4q_avg": 13.68,
            "equity": 13487207,
            "current_ratio": 162.25,
            "debt_ratio": 60.79,
            "inventory_turnover_ratio": 0.8,
            "account_receivable_turnover_ratio": 0.61,
            "reinvestment_rate": 52.29,
            "research_to_sale_ratio": 1.64,
            "price_fair": 73.27,
            "eps_avg_yearly": 2.09,
            "eps_latest_yearly": 1.32,
            "eps_growth_yearly": 87.07
        },
        "20182": {
            "year_quarter": 20182,
            "year": 2018,
            "quarter": 2,
            "eps": 0.66,
            "eps_growth_year": 43.48,
            "eps_4q": 2.27,
            "eps_4q_growth_year": 37.36,
            "roe": 4.69,
            "roe_4q": 16.67,
            "gross_profit": 787511,
            "gross_margin": 12.1,
            "gross_margin_4q_avg": 13.49,
            "net_income": 621901,
            "net_income_4q": null,
            "revenue": 6509769,
            "revenue_4q": null,
            "common_shares": 9418671,
            "book_valuer_per_share": 13.86,
            "book_valuer_per_share_4q_avg": 13.86,
            "equity": 13058987,
            "current_ratio": 160.89,
            "debt_ratio": 63.67,
            "inventory_turnover_ratio": 0.8,
            "account_receivable_turnover_ratio": 0.56,
            "reinvestment_rate": 45.53,
            "research_to_sale_ratio": 1.75,
            "price_fair": 74.46,
            "eps_avg_yearly": 2.13,
            "eps_latest_yearly": 2.64,
            "eps_growth_yearly": 106.63
        },
        "20183": {
            "year_quarter": 20183,
            "year": 2018,
            "quarter": 3,
            "eps": 0.71,
            "eps_growth_year": 9.23,
            "eps_4q": 2.33,
            "eps_4q_growth_year": 26.22,
            "roe": 4.98,
            "roe_4q": 16.62,
            "gross_profit": 1113276,
            "gross_margin": 15.66,
            "gross_margin_4q_avg": 13.72,
            "net_income": 666048,
            "net_income_4q": null,
            "revenue": 7106814,
            "revenue_4q": null,
            "common_shares": 9418671,
            "book_valuer_per_share": 14.54,
            "book_valuer_per_share_4q_avg": 14.16,
            "equity": 13695616,
            "current_ratio": 136.02,
            "debt_ratio": 62.97,
            "inventory_turnover_ratio": 0.82,
            "account_receivable_turnover_ratio": 0.56,
            "reinvestment_rate": 43.51,
            "research_to_sale_ratio": 1.72,
            "price_fair": 77.35,
            "eps_avg_yearly": 2.21,
            "eps_latest_yearly": 2.84,
            "eps_growth_yearly": 112.87
        },
        "20184": {
            "year_quarter": 20184,
            "year": 2018,
            "quarter": 4,
            "eps": 0.52,
            "eps_growth_year": -16.76,
            "eps_4q": 2.22,
            "eps_4q_growth_year": 19.68,
            "roe": 3.54,
            "roe_4q": 15.56,
            "gross_profit": 1000392,
            "gross_margin": 11.95,
            "gross_margin_4q_avg": 12.91,
            "net_income": 491883,
            "net_income_4q": null,
            "revenue": 8368611,
            "revenue_4q": null,
            "common_shares": 9418671,
            "book_valuer_per_share": 15.01,
            "book_valuer_per_share_4q_avg": 14.43,
            "equity": 14133617,
            "current_ratio": 133.06,
            "debt_ratio": 64.51,
            "inventory_turnover_ratio": 1.04,
            "account_receivable_turnover_ratio": 0.6,
            "reinvestment_rate": 44.94,
            "research_to_sale_ratio": 2.48,
            "price_fair": 75.25,
            "eps_avg_yearly": 2.15,
            "eps_latest_yearly": 2.08,
            "eps_growth_yearly": 81.18
        },
        "20191": {
            "year_quarter": 20191,
            "year": 2019,
            "quarter": 1,
            "eps": 0.44,
            "eps_growth_year": 33.33,
            "eps_4q": 2.33,
            "eps_4q_growth_year": 12.61,
            "roe": 2.89,
            "roe_4q": 16.1,
            "gross_profit": 736519,
            "gross_margin": 12.13,
            "gross_margin_4q_avg": 12.96,
            "net_income": 414448,
            "net_income_4q": null,
            "revenue": 6073098,
            "revenue_4q": null,
            "common_shares": 9418671,
            "book_valuer_per_share": 15.44,
            "book_valuer_per_share_4q_avg": 14.71,
            "equity": 14545333,
            "current_ratio": 132.53,
            "debt_ratio": 66.4,
            "inventory_turnover_ratio": 0.7,
            "account_receivable_turnover_ratio": 0.42,
            "reinvestment_rate": 44.14,
            "research_to_sale_ratio": 1.32,
            "price_fair": 74.99,
            "eps_avg_yearly": 2.14,
            "eps_latest_yearly": 1.76,
            "eps_growth_yearly": 86.87
        },
        "20192": {
            "year_quarter": 20192,
            "year": 2019,
            "quarter": 2,
            "eps": 0.47,
            "eps_growth_year": -28.79,
            "eps_4q": 2.14,
            "eps_4q_growth_year": -5.94,
            "roe": 3.12,
            "roe_4q": 14.530000000000001,
            "gross_profit": 858003,
            "gross_margin": 12.18,
            "gross_margin_4q_avg": 12.98,
            "net_income": 441382,
            "net_income_4q": null,
            "revenue": 7043718,
            "revenue_4q": null,
            "common_shares": 9418671,
            "book_valuer_per_share": 14.57,
            "book_valuer_per_share_4q_avg": 14.89,
            "equity": 13720201,
            "current_ratio": 125.7,
            "debt_ratio": 69.07,
            "inventory_turnover_ratio": 0.7,
            "account_receivable_turnover_ratio": 0.51,
            "reinvestment_rate": 43.88,
            "research_to_sale_ratio": 2.02,
            "price_fair": 74.81,
            "eps_avg_yearly": 2.14,
            "eps_latest_yearly": 1.88,
            "eps_growth_yearly": 87.51
        },
        "20193": {
            "year_quarter": 20193,
            "year": 2019,
            "quarter": 3,
            "eps": 0.62,
            "eps_growth_year": -12.68,
            "eps_4q": 2.06,
            "eps_4q_growth_year": -11.61,
            "roe": 4.2,
            "roe_4q": 13.75,
            "gross_profit": 1083956,
            "gross_margin": 14.52,
            "gross_margin_4q_avg": 12.7,
            "net_income": 589068,
            "net_income_4q": null,
            "revenue": 7463136,
            "revenue_4q": null,
            "common_shares": 9418671,
            "book_valuer_per_share": 15.21,
            "book_valuer_per_share_4q_avg": 15.06,
            "equity": 14326359,
            "current_ratio": 175.56,
            "debt_ratio": 68.61,
            "inventory_turnover_ratio": 0.66,
            "account_receivable_turnover_ratio": 0.54,
            "reinvestment_rate": 44.41,
            "research_to_sale_ratio": 1.99,
            "price_fair": 72.63,
            "eps_avg_yearly": 2.08,
            "eps_latest_yearly": 2.48,
            "eps_growth_yearly": 76.11
        },
        "20194": {
            "year_quarter": 20194,
            "year": 2019,
            "quarter": 4,
            "eps": 0.46,
            "eps_growth_year": -12.7,
            "eps_4q": 1.99,
            "eps_4q_growth_year": -10.41,
            "roe": 2.96,
            "roe_4q": 13.170000000000002,
            "gross_profit": 1132163,
            "gross_margin": 14.22,
            "gross_margin_4q_avg": 13.26,
            "net_income": 429389,
            "net_income_4q": null,
            "revenue": 7960255,
            "revenue_4q": null,
            "common_shares": 9418671,
            "book_valuer_per_share": 15.63,
            "book_valuer_per_share_4q_avg": 15.21,
            "equity": 14723586,
            "current_ratio": 165.83,
            "debt_ratio": 68.05,
            "inventory_turnover_ratio": 0.69,
            "account_receivable_turnover_ratio": 0.57,
            "reinvestment_rate": 38.24,
            "research_to_sale_ratio": 2.22,
            "price_fair": 73.15,
            "eps_avg_yearly": 2.09,
            "eps_latest_yearly": 1.84,
            "eps_growth_yearly": 83.16
        },
        "20201": {
            "year_quarter": 20201,
            "year": 2020,
            "quarter": 1,
            "eps": 0.06,
            "eps_growth_year": -86.36,
            "eps_4q": 1.61,
            "eps_4q_growth_year": -31.05,
            "roe": 0.36,
            "roe_4q": 10.64,
            "gross_profit": 277924,
            "gross_margin": 4.95,
            "gross_margin_4q_avg": 11.47,
            "net_income": 53225,
            "net_income_4q": null,
            "revenue": 5616777,
            "revenue_4q": null,
            "common_shares": 9418671,
            "book_valuer_per_share": 15.68,
            "book_valuer_per_share_4q_avg": 15.27,
            "equity": 14770915,
            "current_ratio": 169.97,
            "debt_ratio": 68.65,
            "inventory_turnover_ratio": 0.48,
            "account_receivable_turnover_ratio": 0.4,
            "reinvestment_rate": 39.62,
            "research_to_sale_ratio": 1.98,
            "price_fair": 69.04,
            "eps_avg_yearly": 1.97,
            "eps_latest_yearly": 0.24,
            "eps_growth_yearly": 53.3
        },
        "20202": {
            "year_quarter": 20202,
            "year": 2020,
            "quarter": 2,
            "eps": 0.25,
            "eps_growth_year": -46.81,
            "eps_4q": 1.4,
            "eps_4q_growth_year": -34.7,
            "roe": 1.7,
            "roe_4q": 9.219999999999999,
            "gross_profit": 482505,
            "gross_margin": 10.68,
            "gross_margin_4q_avg": 11.09,
            "net_income": 243226,
            "net_income_4q": null,
            "revenue": 4519021,
            "revenue_4q": null,
            "common_shares": 9418671,
            "book_valuer_per_share": 14.74,
            "book_valuer_per_share_4q_avg": 15.32,
            "equity": 13881894,
            "current_ratio": 143.75,
            "debt_ratio": 70.8,
            "inventory_turnover_ratio": 0.32,
            "account_receivable_turnover_ratio": 0.34,
            "reinvestment_rate": 29.93,
            "research_to_sale_ratio": 3.13,
            "price_fair": 65.63,
            "eps_avg_yearly": 1.88,
            "eps_latest_yearly": 1,
            "eps_growth_yearly": 127.27
        },
        "20203": {
            "year_quarter": 20203,
            "year": 2020,
            "quarter": 3,
            "eps": -0.01,
            "eps_growth_year": -101.61,
            "eps_4q": 0.76,
            "eps_4q_growth_year": -63.11,
            "roe": -0.08,
            "roe_4q": 4.9399999999999995,
            "gross_profit": 279502,
            "gross_margin": 5.75,
            "gross_margin_4q_avg": 8.9,
            "net_income": -11289,
            "net_income_4q": null,
            "revenue": 4860460,
            "revenue_4q": null,
            "common_shares": 9418671,
            "book_valuer_per_share": 14.68,
            "book_valuer_per_share_4q_avg": 15.18,
            "equity": 13822605,
            "current_ratio": 145.26,
            "debt_ratio": 69.17,
            "inventory_turnover_ratio": 0.36,
            "account_receivable_turnover_ratio": 0.44,
            "reinvestment_rate": 31.09,
            "research_to_sale_ratio": 2.21,
            "price_fair": 65.52,
            "eps_avg_yearly": 1.87,
            "eps_latest_yearly": 1,
            "eps_growth_yearly": 142.42
        },
        "20204": {
            "year_quarter": 20204,
            "year": 2020,
            "quarter": 4,
            "eps": 0.12,
            "eps_growth_year": -74.22,
            "eps_4q": 0.42,
            "eps_4q_growth_year": -78.88,
            "roe": 0.8,
            "roe_4q": 2.78,
            "gross_profit": 362170,
            "gross_margin": 5.99,
            "gross_margin_4q_avg": 6.84,
            "net_income": 110696,
            "net_income_4q": null,
            "revenue": 6046679,
            "revenue_4q": null,
            "common_shares": 9418671,
            "book_valuer_per_share": 14.83,
            "book_valuer_per_share_4q_avg": 14.98,
            "equity": 13964272,
            "current_ratio": 140.63,
            "debt_ratio": 68.28,
            "inventory_turnover_ratio": 0.46,
            "account_receivable_turnover_ratio": 0.63,
            "reinvestment_rate": 19.18,
            "research_to_sale_ratio": 2.59,
            "price_fair": 63.8,
            "eps_avg_yearly": 1.82,
            "eps_latest_yearly": 1,
            "eps_growth_yearly": 143.07
        },
        "20211": {
            "year_quarter": 20211,
            "year": 2021,
            "quarter": 1,
            "eps": -0.28,
            "eps_growth_year": -566.67,
            "eps_4q": 0.08,
            "eps_4q_growth_year": -94.87,
            "roe": -1.91,
            "roe_4q": 0.51,
            "gross_profit": -8454,
            "gross_margin": -0.18,
            "gross_margin_4q_avg": 5.56,
            "net_income": -264945,
            "net_income_4q": null,
            "revenue": 4658440,
            "revenue_4q": null,
            "common_shares": 9418671,
            "book_valuer_per_share": 14.55,
            "book_valuer_per_share_4q_avg": 14.7,
            "equity": 13707707,
            "current_ratio": 134.52,
            "debt_ratio": 67.25,
            "inventory_turnover_ratio": 0.37,
            "account_receivable_turnover_ratio": 0.47,
            "reinvestment_rate": 27.39,
            "research_to_sale_ratio": 1.72,
            "price_fair": 67.42,
            "eps_avg_yearly": 1.93,
            "eps_latest_yearly": 1,
            "eps_growth_yearly": 179.08
        },
        "20212": {
            "year_quarter": 20212,
            "year": 2021,
            "quarter": 2,
            "eps": 0.43,
            "eps_growth_year": 72,
            "eps_4q": 0.25,
            "eps_4q_growth_year": -81.77,
            "roe": 2.92,
            "roe_4q": 1.73,
            "gross_profit": 375658,
            "gross_margin": 6.3,
            "gross_margin_4q_avg": 4.47,
            "net_income": 405192,
            "net_income_4q": null,
            "revenue": 5965772,
            "revenue_4q": null,
            "common_shares": 9418671,
            "book_valuer_per_share": 14.95,
            "book_valuer_per_share_4q_avg": 14.75,
            "equity": 14077676,
            "current_ratio": 162.34,
            "debt_ratio": 67.37,
            "inventory_turnover_ratio": 0.43,
            "account_receivable_turnover_ratio": 0.56,
            "reinvestment_rate": 29.76,
            "research_to_sale_ratio": 1.99,
            "price_fair": 67.67,
            "eps_avg_yearly": 1.93,
            "eps_latest_yearly": 1,
            "eps_growth_yearly": 99.56
        },
        "20213": {
            "year_quarter": 20213,
            "year": 2021,
            "quarter": 3,
            "eps": 0.24,
            "eps_growth_year": null,
            "eps_4q": 0.51,
            "eps_4q_growth_year": -32.48,
            "roe": 1.64,
            "roe_4q": 3.4499999999999993,
            "gross_profit": 552093,
            "gross_margin": 9.7,
            "gross_margin_4q_avg": 5.45,
            "net_income": 231557,
            "net_income_4q": null,
            "revenue": 5694295,
            "revenue_4q": null,
            "common_shares": 9418671,
            "book_valuer_per_share": 14.99,
            "book_valuer_per_share_4q_avg": 14.83,
            "equity": 14119161,
            "current_ratio": 164.21,
            "debt_ratio": 66.94,
            "inventory_turnover_ratio": 0.41,
            "account_receivable_turnover_ratio": 0.52,
            "reinvestment_rate": 30.72,
            "research_to_sale_ratio": 2.26,
            "price_fair": 62.88,
            "eps_avg_yearly": 1.8,
            "eps_latest_yearly": 0.96,
            "eps_growth_yearly": 71.06
        },
        "20214": {
            "year_quarter": 20214,
            "year": 2021,
            "quarter": 4,
            "eps": 0.2,
            "eps_growth_year": 68.22,
            "eps_4q": 0.59,
            "eps_4q_growth_year": 40.96,
            "roe": 1.31,
            "roe_4q": 3.96,
            "gross_profit": 852176,
            "gross_margin": 11.49,
            "gross_margin_4q_avg": 6.83,
            "net_income": 186209,
            "net_income_4q": null,
            "revenue": 7416059,
            "revenue_4q": null,
            "common_shares": 9418671,
            "book_valuer_per_share": 15.21,
            "book_valuer_per_share_4q_avg": 14.93,
            "equity": 14324687,
            "current_ratio": 164.27,
            "debt_ratio": 64.85,
            "inventory_turnover_ratio": 0.53,
            "account_receivable_turnover_ratio": 0.78,
            "reinvestment_rate": 26.85,
            "research_to_sale_ratio": 2.92,
            "price_fair": 57.87,
            "eps_avg_yearly": 1.65,
            "eps_latest_yearly": 0.8,
            "eps_growth_yearly": 66.53
        },
        "20221": {
            "year_quarter": 20221,
            "year": 2022,
            "quarter": 1,
            "eps": 0.22,
            "eps_growth_year": null,
            "eps_4q": 1.09,
            "eps_4q_growth_year": 1220.44,
            "roe": 1.4,
            "roe_4q": 7.27,
            "gross_profit": 391111,
            "gross_margin": 6.78,
            "gross_margin_4q_avg": 8.57,
            "net_income": 202864,
            "net_income_4q": null,
            "revenue": 5768328,
            "revenue_4q": null,
            "common_shares": 9418671,
            "book_valuer_per_share": 15.47,
            "book_valuer_per_share_4q_avg": 15.16,
            "equity": 14574468,
            "current_ratio": 171.47,
            "debt_ratio": 63.28,
            "inventory_turnover_ratio": 0.43,
            "account_receivable_turnover_ratio": 0.69,
            "reinvestment_rate": 29.73,
            "research_to_sale_ratio": 2.09,
            "price_fair": 56.58,
            "eps_avg_yearly": 1.62,
            "eps_latest_yearly": 0.88,
            "eps_growth_yearly": 85.74
        },
        "20222": {
            "year_quarter": 20222,
            "year": 2022,
            "quarter": 2,
            "eps": 0.63,
            "eps_growth_year": 46.51,
            "eps_4q": 1.3,
            "eps_4q_growth_year": 409.02,
            "roe": 4.07,
            "roe_4q": 8.420000000000002,
            "gross_profit": 860338,
            "gross_margin": 11.69,
            "gross_margin_4q_avg": 9.92,
            "net_income": 599250,
            "net_income_4q": null,
            "revenue": 7359445,
            "revenue_4q": null,
            "common_shares": 9418671,
            "book_valuer_per_share": 15.82,
            "book_valuer_per_share_4q_avg": 15.37,
            "equity": 14897776,
            "current_ratio": 219.8,
            "debt_ratio": 63.4,
            "inventory_turnover_ratio": 0.49,
            "account_receivable_turnover_ratio": 0.85,
            "reinvestment_rate": 29.88,
            "research_to_sale_ratio": 1.62,
            "price_fair": 56.23,
            "eps_avg_yearly": 1.61,
            "eps_latest_yearly": 2.52,
            "eps_growth_yearly": 114.53
        },
        "20223": {
            "year_quarter": 20223,
            "year": 2022,
            "quarter": 3,
            "eps": 0.61,
            "eps_growth_year": 154.17,
            "eps_4q": 1.66,
            "eps_4q_growth_year": 223.3,
            "roe": 3.76,
            "roe_4q": 10.540000000000001,
            "gross_profit": 697682,
            "gross_margin": 8.55,
            "gross_margin_4q_avg": 9.63,
            "net_income": 571593,
            "net_income_4q": null,
            "revenue": 8156354,
            "revenue_4q": null,
            "common_shares": 9418671,
            "book_valuer_per_share": 16.48,
            "book_valuer_per_share_4q_avg": 15.75,
            "equity": 15524211,
            "current_ratio": 165.45,
            "debt_ratio": 62.46,
            "inventory_turnover_ratio": 0.54,
            "account_receivable_turnover_ratio": 0.85,
            "reinvestment_rate": 32.1,
            "research_to_sale_ratio": 1.38,
            "price_fair": 55.07,
            "eps_avg_yearly": 1.57,
            "eps_latest_yearly": 2.44,
            "eps_growth_yearly": 110.94
        },
        "20224": {
            "year_quarter": 20224,
            "year": 2022,
            "quarter": 4,
            "eps": 0.27,
            "eps_growth_year": 36.2,
            "eps_4q": 1.73,
            "eps_4q_growth_year": 191.63,
            "roe": 1.62,
            "roe_4q": 10.85,
            "gross_profit": 961866,
            "gross_margin": 10.74,
            "gross_margin_4q_avg": 9.44,
            "net_income": 253626,
            "net_income_4q": null,
            "revenue": 8958180,
            "revenue_4q": null,
            "common_shares": 9418671,
            "book_valuer_per_share": 16.81,
            "book_valuer_per_share_4q_avg": 16.15,
            "equity": 15832905,
            "current_ratio": 180.3,
            "debt_ratio": 62.93,
            "inventory_turnover_ratio": 0.58,
            "account_receivable_turnover_ratio": 0.96,
            "reinvestment_rate": 29.6,
            "research_to_sale_ratio": 2.67,
            "price_fair": 52.15,
            "eps_avg_yearly": 1.49,
            "eps_latest_yearly": 1.08,
            "eps_growth_yearly": 101.28
        },
        "20231": {
            "year_quarter": 20231,
            "year": 2023,
            "quarter": 1,
            "eps": 0.58,
            "eps_growth_year": 163.64,
            "eps_4q": 2.09,
            "eps_4q_growth_year": 91.86,
            "roe": 3.38,
            "roe_4q": 12.83,
            "gross_profit": 931450,
            "gross_margin": 9.37,
            "gross_margin_4q_avg": 10.09,
            "net_income": 543667,
            "net_income_4q": null,
            "revenue": 9940640,
            "revenue_4q": null,
            "common_shares": 9418671,
            "book_valuer_per_share": 17.38,
            "book_valuer_per_share_4q_avg": 16.62,
            "equity": 16374321,
            "current_ratio": 162.42,
            "debt_ratio": 63.37,
            "inventory_turnover_ratio": 0.62,
            "account_receivable_turnover_ratio": 1.16,
            "reinvestment_rate": 15.71,
            "research_to_sale_ratio": 0.98,
            "price_fair": 53.78,
            "eps_avg_yearly": 1.54,
            "eps_latest_yearly": 2.32,
            "eps_growth_yearly": 144.68
        },
        "20232": {
            "year_quarter": 20232,
            "year": 2023,
            "quarter": 2,
            "eps": 0.8,
            "eps_growth_year": 26.98,
            "eps_4q": 2.25,
            "eps_4q_growth_year": 74,
            "roe": 4.63,
            "roe_4q": 13.389999999999999,
            "gross_profit": 1183557,
            "gross_margin": 12.41,
            "gross_margin_4q_avg": 10.27,
            "net_income": 753722,
            "net_income_4q": null,
            "revenue": 9540461,
            "revenue_4q": null,
            "common_shares": 9418671,
            "book_valuer_per_share": 17.16,
            "book_valuer_per_share_4q_avg": 16.96,
            "equity": 16165972,
            "current_ratio": 154.28,
            "debt_ratio": 65.78,
            "inventory_turnover_ratio": 0.52,
            "account_receivable_turnover_ratio": 0.99,
            "reinvestment_rate": 18.04,
            "research_to_sale_ratio": 1.26,
            "price_fair": 57.63,
            "eps_avg_yearly": 1.65,
            "eps_latest_yearly": 3.2,
            "eps_growth_yearly": 155.05
        },
        "20233": {
            "year_quarter": 20233,
            "year": 2023,
            "quarter": 3,
            "eps": 0.7,
            "eps_growth_year": 14.75,
            "eps_4q": 2.35,
            "eps_4q_growth_year": 41.72,
            "roe": 3.99,
            "roe_4q": 13.620000000000001,
            "gross_profit": 980658,
            "gross_margin": 9.83,
            "gross_margin_4q_avg": 10.59,
            "net_income": 659660,
            "net_income_4q": null,
            "revenue": 9978883,
            "revenue_4q": null,
            "common_shares": 9418671,
            "book_valuer_per_share": 17.92,
            "book_valuer_per_share_4q_avg": 17.32,
            "equity": 16882316,
            "current_ratio": 134.4,
            "debt_ratio": 67.22,
            "inventory_turnover_ratio": 0.55,
            "account_receivable_turnover_ratio": 0.84,
            "reinvestment_rate": 17.64,
            "research_to_sale_ratio": 1.87,
            "price_fair": 58.57,
            "eps_avg_yearly": 1.67,
            "eps_latest_yearly": 2.8,
            "eps_growth_yearly": 140.25
        }
    },
    "months": {
        "2014-08": {
            "month": "2014-08",
            "price": "35.14",
            "revenue": 1843384
        },
        "2014-09": {
            "month": "2014-09",
            "price": "36.65",
            "revenue": 1977508
        },
        "2014-10": {
            "month": "2014-10",
            "price": "33.91",
            "revenue": 2014026
        },
        "2014-11": {
            "month": "2014-11",
            "price": "34.28",
            "revenue": 2076922
        },
        "2014-12": {
            "month": "2014-12",
            "price": "36.87",
            "revenue": 3859283
        },
        "2015-01": {
            "month": "2015-01",
            "price": "36.35",
            "revenue": 2274385
        },
        "2015-02": {
            "month": "2015-02",
            "price": "36.66",
            "revenue": 1590202
        },
        "2015-03": {
            "month": "2015-03",
            "price": "36.70",
            "revenue": 1975329
        },
        "2015-04": {
            "month": "2015-04",
            "price": "38.92",
            "revenue": 2374945
        },
        "2015-05": {
            "month": "2015-05",
            "price": "42.15",
            "revenue": 2272854
        },
        "2015-06": {
            "month": "2015-06",
            "price": "42.69",
            "revenue": 2273021
        },
        "2015-07": {
            "month": "2015-07",
            "price": "40.43",
            "revenue": 2098151
        },
        "2015-08": {
            "month": "2015-08",
            "price": "36.88",
            "revenue": 2469193
        },
        "2015-09": {
            "month": "2015-09",
            "price": "37.12",
            "revenue": 2675997
        },
        "2015-10": {
            "month": "2015-10",
            "price": "40.85",
            "revenue": 2080065
        },
        "2015-11": {
            "month": "2015-11",
            "price": "41.11",
            "revenue": 1984817
        },
        "2015-12": {
            "month": "2015-12",
            "price": "39.94",
            "revenue": 2809196
        },
        "2016-01": {
            "month": "2016-01",
            "price": "38.22",
            "revenue": 2340539
        },
        "2016-02": {
            "month": "2016-02",
            "price": "38.67",
            "revenue": 1968918
        },
        "2016-03": {
            "month": "2016-03",
            "price": "40.49",
            "revenue": 2019560
        },
        "2016-04": {
            "month": "2016-04",
            "price": "43.18",
            "revenue": 2650946
        },
        "2016-05": {
            "month": "2016-05",
            "price": "44.40",
            "revenue": 2319371
        },
        "2016-06": {
            "month": "2016-06",
            "price": "44.69",
            "revenue": 2509316
        },
        "2016-07": {
            "month": "2016-07",
            "price": "43.55",
            "revenue": 2239477
        },
        "2016-08": {
            "month": "2016-08",
            "price": "43.62",
            "revenue": 2313395
        },
        "2016-09": {
            "month": "2016-09",
            "price": "43.86",
            "revenue": 2087887
        },
        "2016-10": {
            "month": "2016-10",
            "price": "40.66",
            "revenue": 2121693
        },
        "2016-11": {
            "month": "2016-11",
            "price": "39.93",
            "revenue": 2286000
        },
        "2016-12": {
            "month": "2016-12",
            "price": "39.38",
            "revenue": 2468413
        },
        "2017-01": {
            "month": "2017-01",
            "price": "38.86",
            "revenue": 1883173
        },
        "2017-02": {
            "month": "2017-02",
            "price": "39.41",
            "revenue": 1625378
        },
        "2017-03": {
            "month": "2017-03",
            "price": "38.54",
            "revenue": 2410370
        },
        "2017-04": {
            "month": "2017-04",
            "price": "36.85",
            "revenue": 2046711
        },
        "2017-05": {
            "month": "2017-05",
            "price": "35.45",
            "revenue": 2104928
        },
        "2017-06": {
            "month": "2017-06",
            "price": "35.49",
            "revenue": 2294046
        },
        "2017-07": {
            "month": "2017-07",
            "price": "35.47",
            "revenue": 2094239
        },
        "2017-08": {
            "month": "2017-08",
            "price": "34.15",
            "revenue": 2430840
        },
        "2017-09": {
            "month": "2017-09",
            "price": "33.68",
            "revenue": 2490158
        },
        "2017-10": {
            "month": "2017-10",
            "price": "33.58",
            "revenue": 2521493
        },
        "2017-11": {
            "month": "2017-11",
            "price": "34.95",
            "revenue": 2708371
        },
        "2017-12": {
            "month": "2017-12",
            "price": "36.99",
            "revenue": 2927706
        },
        "2018-01": {
            "month": "2018-01",
            "price": "36.26",
            "revenue": 1916325
        },
        "2018-02": {
            "month": "2018-02",
            "price": "34.21",
            "revenue": 1696946
        },
        "2018-03": {
            "month": "2018-03",
            "price": "34.01",
            "revenue": 2583633
        },
        "2018-04": {
            "month": "2018-04",
            "price": "34.63",
            "revenue": 2095960
        },
        "2018-05": {
            "month": "2018-05",
            "price": "33.76",
            "revenue": 2110638
        },
        "2018-06": {
            "month": "2018-06",
            "price": "32.13",
            "revenue": 2303171
        },
        "2018-07": {
            "month": "2018-07",
            "price": "30.73",
            "revenue": 2231774
        },
        "2018-08": {
            "month": "2018-08",
            "price": "30.23",
            "revenue": 2377285
        },
        "2018-09": {
            "month": "2018-09",
            "price": "30.36",
            "revenue": 2497755
        },
        "2018-10": {
            "month": "2018-10",
            "price": "29.68",
            "revenue": 2587983
        },
        "2018-11": {
            "month": "2018-11",
            "price": "29.16",
            "revenue": 2746406
        },
        "2018-12": {
            "month": "2018-12",
            "price": "30.20",
            "revenue": 3034222
        },
        "2019-01": {
            "month": "2019-01",
            "price": "32.01",
            "revenue": 1952505
        },
        "2019-02": {
            "month": "2019-02",
            "price": "33.79",
            "revenue": 1683603
        },
        "2019-03": {
            "month": "2019-03",
            "price": "32.66",
            "revenue": 2436989
        },
        "2019-04": {
            "month": "2019-04",
            "price": "31.52",
            "revenue": 2231607
        },
        "2019-05": {
            "month": "2019-05",
            "price": "31.41",
            "revenue": 2360819
        },
        "2019-06": {
            "month": "2019-06",
            "price": "33.04",
            "revenue": 2451293
        },
        "2019-07": {
            "month": "2019-07",
            "price": "32.96",
            "revenue": 2568245
        },
        "2019-08": {
            "month": "2019-08",
            "price": "32.03",
            "revenue": 2456970
        },
        "2019-09": {
            "month": "2019-09",
            "price": "32.07",
            "revenue": 2437921
        },
        "2019-10": {
            "month": "2019-10",
            "price": "31.79",
            "revenue": 2600029
        },
        "2019-11": {
            "month": "2019-11",
            "price": "31.83",
            "revenue": 2463134
        },
        "2019-12": {
            "month": "2019-12",
            "price": "32.03",
            "revenue": 2897092
        },
        "2020-01": {
            "month": "2020-01",
            "price": "34.62",
            "revenue": 1894406
        },
        "2020-02": {
            "month": "2020-02",
            "price": "32.67",
            "revenue": 1835402
        },
        "2020-03": {
            "month": "2020-03",
            "price": "28.19",
            "revenue": 1886970
        },
        "2020-04": {
            "month": "2020-04",
            "price": "27.54",
            "revenue": 1353940
        },
        "2020-05": {
            "month": "2020-05",
            "price": "28.26",
            "revenue": 1480799
        },
        "2020-06": {
            "month": "2020-06",
            "price": "29.67",
            "revenue": 1684282
        },
        "2020-07": {
            "month": "2020-07",
            "price": "28.15",
            "revenue": 1487542
        },
        "2020-08": {
            "month": "2020-08",
            "price": "28.04",
            "revenue": 1719523
        },
        "2020-09": {
            "month": "2020-09",
            "price": "29.57",
            "revenue": 1653395
        },
        "2020-10": {
            "month": "2020-10",
            "price": "28.10",
            "revenue": 1864598
        },
        "2020-11": {
            "month": "2020-11",
            "price": "28.44",
            "revenue": 1801591
        },
        "2020-12": {
            "month": "2020-12",
            "price": "28.70",
            "revenue": 2380490
        },
        "2021-01": {
            "month": "2021-01",
            "price": "28.08",
            "revenue": 1547180
        },
        "2021-02": {
            "month": "2021-02",
            "price": "28.05",
            "revenue": 1334247
        },
        "2021-03": {
            "month": "2021-03",
            "price": "29.36",
            "revenue": 1777013
        },
        "2021-04": {
            "month": "2021-04",
            "price": "29.73",
            "revenue": 1964748
        },
        "2021-05": {
            "month": "2021-05",
            "price": "27.49",
            "revenue": 1865039
        },
        "2021-06": {
            "month": "2021-06",
            "price": "29.10",
            "revenue": 2135985
        },
        "2021-07": {
            "month": "2021-07",
            "price": "29.12",
            "revenue": 2020957
        },
        "2021-08": {
            "month": "2021-08",
            "price": "29.61",
            "revenue": 1792343
        },
        "2021-09": {
            "month": "2021-09",
            "price": "28.13",
            "revenue": 1880995
        },
        "2021-10": {
            "month": "2021-10",
            "price": "28.20",
            "revenue": 1981116
        },
        "2021-11": {
            "month": "2021-11",
            "price": "29.45",
            "revenue": 2135472
        },
        "2021-12": {
            "month": "2021-12",
            "price": "29.36",
            "revenue": 3299471
        },
        "2022-01": {
            "month": "2022-01",
            "price": "29.65",
            "revenue": 1756511
        },
        "2022-02": {
            "month": "2022-02",
            "price": "29.69",
            "revenue": 1636910
        },
        "2022-03": {
            "month": "2022-03",
            "price": "29.52",
            "revenue": 2374907
        },
        "2022-04": {
            "month": "2022-04",
            "price": "32.18",
            "revenue": 2140895
        },
        "2022-05": {
            "month": "2022-05",
            "price": "32.96",
            "revenue": 2311898
        },
        "2022-06": {
            "month": "2022-06",
            "price": "33.37",
            "revenue": 2906652
        },
        "2022-07": {
            "month": "2022-07",
            "price": "34.68",
            "revenue": 2740052
        },
        "2022-08": {
            "month": "2022-08",
            "price": "36.15",
            "revenue": 2555919
        },
        "2022-09": {
            "month": "2022-09",
            "price": "35.55",
            "revenue": 2860383
        },
        "2022-10": {
            "month": "2022-10",
            "price": "32.15",
            "revenue": 2743652
        },
        "2022-11": {
            "month": "2022-11",
            "price": "31.75",
            "revenue": 3095714
        },
        "2022-12": {
            "month": "2022-12",
            "price": "34.82",
            "revenue": 3118814
        },
        "2023-01": {
            "month": "2023-01",
            "price": "34.84",
            "revenue": 2685236
        },
        "2023-02": {
            "month": "2023-02",
            "price": "37.20",
            "revenue": 3191652
        },
        "2023-03": {
            "month": "2023-03",
            "price": "40.57",
            "revenue": 4063752
        },
        "2023-04": {
            "month": "2023-04",
            "price": "52.51",
            "revenue": 3110358
        },
        "2023-05": {
            "month": "2023-05",
            "price": "55.60",
            "revenue": 3516249
        },
        "2023-06": {
            "month": "2023-06",
            "price": "58.80",
            "revenue": 2913854
        },
        "2023-07": {
            "month": "2023-07",
            "price": "56.48",
            "revenue": 3259283
        },
        "2023-08": {
            "month": "2023-08",
            "price": "57.43",
            "revenue": 3386134
        },
        "2023-09": {
            "month": "2023-09",
            "price": "58.29",
            "revenue": 3333466
        },
        "2023-10": {
            "month": "2023-10",
            "price": "51.64",
            "revenue": 3204303
        },
        "2023-11": {
            "month": "2023-11",
            "price": "50.46",
            "revenue": 3131181
        },
        "2023-12": {
            "month": "2023-12",
            "price": "52.47",
            "revenue": 3304534
        }
    }
}
