{
    "summary": {
        "stock_name": "台驊投控",
        "stock_id": "2636",
        "category": "航運",
        "main_business": "一般投資業",
        "website_url": "http://www.t3ex-group.com",
        "ceo": "侯倬倫",
        "pe_ratio": 5,
        "report_year_from": 2006,
        "report_year_to": 2023,
        "age": 17,
        "eps_negative_percentage": 8,
        "eps_growth_avg": {
            "last_all": 21.15,
            "last_2y": 53.33,
            "last_4y": 35.47,
            "last_8y": 31.75,
            "last_12y": 27.74,
            "last_16y": null,
            "last_20y": null,
            "at_2006_last_3y": null,
            "at_2007_last_3y": null,
            "at_2008_last_3y": null,
            "at_2009_last_3y": null,
            "at_2010_last_3y": null,
            "at_2011_last_3y": 8.97,
            "at_2012_last_3y": -13.45,
            "at_2013_last_3y": 18.73,
            "at_2014_last_3y": 6.58,
            "at_2015_last_3y": 19.19,
            "at_2016_last_3y": 19.68,
            "at_2017_last_3y": 27.09,
            "at_2018_last_3y": 26.01,
            "at_2019_last_3y": 11.14,
            "at_2020_last_3y": 51.19,
            "at_2021_last_3y": 54.34,
            "at_2022_last_3y": 32.56,
            "at_2023_last_3y": 32.56,
            "at_2006_last_all": null,
            "at_2007_last_all": null,
            "at_2008_last_all": null,
            "at_2009_last_all": -21.72,
            "at_2010_last_all": 18.85,
            "at_2011_last_all": 8.97,
            "at_2012_last_all": -5.26,
            "at_2013_last_all": 5.25,
            "at_2014_last_all": 11.84,
            "at_2015_last_all": 14.08,
            "at_2016_last_all": 5.83,
            "at_2017_last_all": 13.98,
            "at_2018_last_all": 17,
            "at_2019_last_all": 13.1,
            "at_2020_last_all": 19.79,
            "at_2021_last_all": 25.52,
            "at_2022_last_all": 21.15,
            "at_2023_last_all": 21.15
        },
        "latest_eps": 13.74,
        "latest_price": 75.3,
        "latest_roe": 19.54,
        "latest_gross_margin": 23.17,
        "latest_equity": 8575826,
        "latest_revenue": 3367249,
        "latest_gross_profit": 780093,
        "latest_net_income": 264151,
        "latest_debt_ratio": 50.53,
        "latest_current_ratio": 187.12,
        "latest_account_receivable_turnover_ratio": 1.5,
        "latest_inventory_turnover_ratio": null,
        "latest_reinvestment_rate": 7.37,
        "latest_research_to_sale_ratio": null
    },
    "eps_dividends": {
        "2001": {
            "cash": 0,
            "stock": 0,
            "eps": 0
        },
        "2002": {
            "cash": 0,
            "stock": 0,
            "eps": 0
        },
        "2003": {
            "cash": 0,
            "stock": 0,
            "eps": 0
        },
        "2004": {
            "cash": 0,
            "stock": 0,
            "eps": 0
        },
        "2005": {
            "cash": 0,
            "stock": 0,
            "eps": 0
        },
        "2006": {
            "cash": 0,
            "stock": 0,
            "eps": 0
        },
        "2007": {
            "cash": 2,
            "stock": 1,
            "eps": 1.89
        },
        "2008": {
            "cash": 1,
            "stock": 0,
            "eps": 2.41
        },
        "2009": {
            "cash": 1,
            "stock": 0,
            "eps": 0.7
        },
        "2010": {
            "cash": 1,
            "stock": 0,
            "eps": 3
        },
        "2011": {
            "cash": 2,
            "stock": 1,
            "eps": 2.38
        },
        "2012": {
            "cash": 1,
            "stock": 1,
            "eps": 0.9
        },
        "2013": {
            "cash": 0,
            "stock": 0,
            "eps": 1.42
        },
        "2014": {
            "cash": 1,
            "stock": 0,
            "eps": 2.15
        },
        "2015": {
            "cash": 1,
            "stock": 0,
            "eps": 2.79
        },
        "2016": {
            "cash": 2,
            "stock": 0,
            "eps": 1.11
        },
        "2017": {
            "cash": 1,
            "stock": 0,
            "eps": 2.08
        },
        "2018": {
            "cash": 1,
            "stock": 0,
            "eps": 3.06
        },
        "2019": {
            "cash": 2,
            "stock": 0,
            "eps": 2.15
        },
        "2020": {
            "cash": 1,
            "stock": 0,
            "eps": 4.63
        },
        "2021": {
            "cash": 3,
            "stock": 0,
            "eps": 29.99
        },
        "2022": {
            "cash": 13,
            "stock": 0,
            "eps": 17.99
        },
        "2023": {
            "cash": 10,
            "stock": 0,
            "eps": 1.81
        }
    },
    "dividends": {
        "2007-05-09": {
            "cash": 1.5,
            "stock": 0.5
        },
        "2008-04-07": {
            "cash": 1,
            "stock": 0.2
        },
        "2009-03-24": {
            "cash": 1.23,
            "stock": 0.31
        },
        "2010-03-17": {
            "cash": 0.5,
            "stock": 0.2
        },
        "2011-03-24": {
            "cash": 2.22,
            "stock": 0.51
        },
        "2012-03-14": {
            "cash": 0.6,
            "stock": 1.4
        },
        "2013-03-26": {
            "cash": 0.4,
            "stock": 0.35
        },
        "2014-09-12": {
            "cash": 0.77,
            "stock": 0.33
        },
        "2015-10-16": {
            "cash": 1.46,
            "stock": 0.36
        },
        "2016-09-06": {
            "cash": 1.8,
            "stock": 0.2
        },
        "2017-08-18": {
            "cash": 0.8,
            "stock": 0
        },
        "2018-08-09": {
            "cash": 1.3,
            "stock": 0
        },
        "2019-08-21": {
            "cash": 2.2,
            "stock": 0
        },
        "2020-09-04": {
            "cash": 1.3,
            "stock": 0
        },
        "2021-10-07": {
            "cash": 3.2,
            "stock": 0
        },
        "2022-07-14": {
            "cash": 13,
            "stock": 0
        },
        "2023-02-09": {
            "cash": 5,
            "stock": 0
        },
        "2023-06-28": {
            "cash": 5,
            "stock": 0
        }
    },
    "prices": {
        "200101": "無",
        "200102": "無",
        "200103": "無",
        "200104": "無",
        "200105": "無",
        "200106": "無",
        "200107": "無",
        "200108": "無",
        "200109": "無",
        "200110": "無",
        "200111": "無",
        "200112": "無",
        "200201": "無",
        "200202": "無",
        "200203": "無",
        "200204": "無",
        "200205": "無",
        "200206": "無",
        "200207": "無",
        "200208": "無",
        "200209": "無",
        "200210": "無",
        "200211": "無",
        "200212": "無",
        "200301": "無",
        "200302": "無",
        "200303": "無",
        "200304": "無",
        "200305": "無",
        "200306": "無",
        "200307": "無",
        "200308": "無",
        "200309": "無",
        "200310": "無",
        "200311": "無",
        "200312": "無",
        "200401": "無",
        "200402": "無",
        "200403": "無",
        "200404": "無",
        "200405": "無",
        "200406": "無",
        "200407": "無",
        "200408": "無",
        "200409": "無",
        "200410": "無",
        "200411": "無",
        "200412": "無",
        "200501": "無",
        "200502": "無",
        "200503": "無",
        "200504": "無",
        "200505": "無",
        "200506": "無",
        "200507": "無",
        "200508": "無",
        "200509": "無",
        "200510": "無",
        "200511": "無",
        "200512": "無",
        "200601": "無",
        "200602": "無",
        "200603": "無",
        "200604": "無",
        "200605": "無",
        "200606": "無",
        "200607": "無",
        "200608": "無",
        "200609": "無",
        "200610": "無",
        "200611": "無",
        "200612": "無",
        "200701": "無",
        "200702": "無",
        "200703": "無",
        "200704": "29.76",
        "200705": "29.43",
        "200706": "30.94",
        "200707": "31.21",
        "200708": "32.00",
        "200709": "28.56",
        "200710": "26.58",
        "200711": "25.50",
        "200712": "27.47",
        "200801": "26.17",
        "200802": "24.17",
        "200803": "25.60",
        "200804": "25.01",
        "200805": "24.39",
        "200806": "24.14",
        "200807": "20.94",
        "200808": "20.99",
        "200809": "22.60",
        "200810": "18.71",
        "200811": "16.14",
        "200812": "16.48",
        "200901": "17.82",
        "200902": "18.05",
        "200903": "18.60",
        "200904": "19.55",
        "200905": "18.33",
        "200906": "18.65",
        "200907": "18.72",
        "200908": "18.76",
        "200909": "19.18",
        "200910": "18.40",
        "200911": "17.45",
        "200912": "18.76",
        "201001": "20.04",
        "201002": "19.14",
        "201003": "21.82",
        "201004": "26.56",
        "201005": "25.96",
        "201006": "26.74",
        "201007": "28.52",
        "201008": "28.67",
        "201009": "27.49",
        "201010": "30.78",
        "201011": "30.09",
        "201012": "30.91",
        "201101": "32.34",
        "201102": "31.22",
        "201103": "31.10",
        "201104": "32.76",
        "201105": "32.02",
        "201106": "31.99",
        "201107": "31.64",
        "201108": "30.28",
        "201109": "25.88",
        "201110": "25.49",
        "201111": "26.41",
        "201112": "22.08",
        "201201": "23.04",
        "201202": "25.40",
        "201203": "25.84",
        "201204": "25.04",
        "201205": "21.97",
        "201206": "20.65",
        "201207": "20.71",
        "201208": "21.06",
        "201209": "19.93",
        "201210": "18.04",
        "201211": "17.36",
        "201212": "17.95",
        "201301": "19.27",
        "201302": "19.67",
        "201303": "19.54",
        "201304": "21.40",
        "201305": "19.72",
        "201306": "19.11",
        "201307": "18.81",
        "201308": "20.76",
        "201309": "21.83",
        "201310": "22.78",
        "201311": "24.89",
        "201312": "29.19",
        "201401": "27.98",
        "201402": "26.30",
        "201403": "27.28",
        "201404": "26.78",
        "201405": "24.34",
        "201406": "25.35",
        "201407": "26.23",
        "201408": "25.49",
        "201409": "26.57",
        "201410": "25.79",
        "201411": "27.52",
        "201412": "31.96",
        "201501": "37.40",
        "201502": "35.79",
        "201503": "37.04",
        "201504": "32.67",
        "201505": "30.49",
        "201506": "29.80",
        "201507": "28.21",
        "201508": "25.31",
        "201509": "27.76",
        "201510": "30.90",
        "201511": "30.72",
        "201512": "28.81",
        "201601": "27.65",
        "201602": "27.80",
        "201603": "28.59",
        "201604": "26.53",
        "201605": "23.15",
        "201606": "22.99",
        "201607": "23.18",
        "201608": "21.31",
        "201609": "21.71",
        "201610": "21.21",
        "201611": "20.28",
        "201612": "21.14",
        "201701": "21.16",
        "201702": "21.58",
        "201703": "21.56",
        "201704": "20.85",
        "201705": "21.68",
        "201706": "21.81",
        "201707": "21.97",
        "201708": "23.52",
        "201709": "26.08",
        "201710": "25.30",
        "201711": "23.99",
        "201712": "23.03",
        "201801": "23.54",
        "201802": "22.77",
        "201803": "23.33",
        "201804": "23.98",
        "201805": "23.70",
        "201806": "24.09",
        "201807": "23.56",
        "201808": "24.18",
        "201809": "25.19",
        "201810": "25.36",
        "201811": "24.72",
        "201812": "24.79",
        "201901": "24.57",
        "201902": "25.36",
        "201903": "25.96",
        "201904": "27.64",
        "201905": "25.85",
        "201906": "25.59",
        "201907": "25.63",
        "201908": "23.50",
        "201909": "23.99",
        "201910": "23.55",
        "201911": "23.91",
        "201912": "24.02",
        "202001": "23.93",
        "202002": "23.00",
        "202003": "20.31",
        "202004": "20.90",
        "202005": "23.07",
        "202006": "26.78",
        "202007": "29.13",
        "202008": "31.19",
        "202009": "35.80",
        "202010": "37.21",
        "202011": "37.85",
        "202012": "39.43",
        "202101": "39.28",
        "202102": "40.26",
        "202103": "49.87",
        "202104": "60.72",
        "202105": "75.00",
        "202106": "169.24",
        "202107": "244.30",
        "202108": "181.57",
        "202109": "153.75",
        "202110": "129.18",
        "202111": "135.23",
        "202112": "139.14",
        "202201": "124.97",
        "202202": "127.20",
        "202203": "134.33",
        "202204": "120.03",
        "202205": "121.52",
        "202206": "106.71",
        "202207": "83.61",
        "202208": "84.77",
        "202209": "70.40",
        "202210": "62.60",
        "202211": "71.35",
        "202212": "75.10",
        "202301": "66.28",
        "202302": "66.99",
        "202303": "75.64",
        "202304": "77.75",
        "202305": "75.99"
    },
    "quarters": {
        "20011": {
            "year_quarter": 20011,
            "year": 2001,
            "quarter": 1,
            "eps": null,
            "eps_growth_year": null,
            "eps_4q": null,
            "eps_4q_growth_year": null,
            "roe": null,
            "gross_profit": null,
            "gross_margin": null,
            "net_income": null,
            "revenue": null,
            "common_shares": null,
            "equity": null,
            "current_ratio": null,
            "debt_ratio": null,
            "inventory_turnover_ratio": null,
            "account_receivable_turnover_ratio": null,
            "reinvestment_rate": null,
            "research_to_sale_ratio": null,
            "price_fair": 0,
            "eps_avg_yearly": 0,
            "eps_latest_yearly": 0,
            "eps_growth_yearly": 0
        },
        "20012": {
            "year_quarter": 20012,
            "year": 2001,
            "quarter": 2,
            "eps": null,
            "eps_growth_year": null,
            "eps_4q": null,
            "eps_4q_growth_year": null,
            "roe": null,
            "gross_profit": null,
            "gross_margin": null,
            "net_income": null,
            "revenue": null,
            "common_shares": null,
            "equity": null,
            "current_ratio": null,
            "debt_ratio": null,
            "inventory_turnover_ratio": null,
            "account_receivable_turnover_ratio": null,
            "reinvestment_rate": null,
            "research_to_sale_ratio": null,
            "price_fair": 0,
            "eps_avg_yearly": 0,
            "eps_latest_yearly": 0,
            "eps_growth_yearly": 0
        },
        "20013": {
            "year_quarter": 20013,
            "year": 2001,
            "quarter": 3,
            "eps": null,
            "eps_growth_year": null,
            "eps_4q": null,
            "eps_4q_growth_year": null,
            "roe": null,
            "gross_profit": null,
            "gross_margin": null,
            "net_income": null,
            "revenue": null,
            "common_shares": null,
            "equity": null,
            "current_ratio": null,
            "debt_ratio": null,
            "inventory_turnover_ratio": null,
            "account_receivable_turnover_ratio": null,
            "reinvestment_rate": null,
            "research_to_sale_ratio": null,
            "price_fair": 0,
            "eps_avg_yearly": 0,
            "eps_latest_yearly": 0,
            "eps_growth_yearly": 0
        },
        "20014": {
            "year_quarter": 20014,
            "year": 2001,
            "quarter": 4,
            "eps": null,
            "eps_growth_year": null,
            "eps_4q": null,
            "eps_4q_growth_year": null,
            "roe": null,
            "gross_profit": null,
            "gross_margin": null,
            "net_income": null,
            "revenue": null,
            "common_shares": 100000,
            "equity": 109422,
            "current_ratio": 273.5,
            "debt_ratio": 27.66,
            "inventory_turnover_ratio": null,
            "account_receivable_turnover_ratio": null,
            "reinvestment_rate": null,
            "research_to_sale_ratio": null,
            "price_fair": 0,
            "eps_avg_yearly": 0,
            "eps_latest_yearly": 0,
            "eps_growth_yearly": 0
        },
        "20021": {
            "year_quarter": 20021,
            "year": 2002,
            "quarter": 1,
            "eps": null,
            "eps_growth_year": null,
            "eps_4q": null,
            "eps_4q_growth_year": null,
            "roe": null,
            "gross_profit": null,
            "gross_margin": null,
            "net_income": null,
            "revenue": null,
            "common_shares": null,
            "equity": null,
            "current_ratio": null,
            "debt_ratio": null,
            "inventory_turnover_ratio": null,
            "account_receivable_turnover_ratio": null,
            "reinvestment_rate": null,
            "research_to_sale_ratio": null,
            "price_fair": 0,
            "eps_avg_yearly": 0,
            "eps_latest_yearly": 0,
            "eps_growth_yearly": 0
        },
        "20022": {
            "year_quarter": 20022,
            "year": 2002,
            "quarter": 2,
            "eps": null,
            "eps_growth_year": null,
            "eps_4q": null,
            "eps_4q_growth_year": null,
            "roe": null,
            "gross_profit": null,
            "gross_margin": null,
            "net_income": null,
            "revenue": null,
            "common_shares": null,
            "equity": null,
            "current_ratio": null,
            "debt_ratio": null,
            "inventory_turnover_ratio": null,
            "account_receivable_turnover_ratio": null,
            "reinvestment_rate": null,
            "research_to_sale_ratio": null,
            "price_fair": 0,
            "eps_avg_yearly": 0,
            "eps_latest_yearly": 0,
            "eps_growth_yearly": 0
        },
        "20023": {
            "year_quarter": 20023,
            "year": 2002,
            "quarter": 3,
            "eps": null,
            "eps_growth_year": null,
            "eps_4q": null,
            "eps_4q_growth_year": null,
            "roe": null,
            "gross_profit": null,
            "gross_margin": null,
            "net_income": null,
            "revenue": null,
            "common_shares": null,
            "equity": null,
            "current_ratio": null,
            "debt_ratio": null,
            "inventory_turnover_ratio": null,
            "account_receivable_turnover_ratio": null,
            "reinvestment_rate": null,
            "research_to_sale_ratio": null,
            "price_fair": 0,
            "eps_avg_yearly": 0,
            "eps_latest_yearly": 0,
            "eps_growth_yearly": 0
        },
        "20024": {
            "year_quarter": 20024,
            "year": 2002,
            "quarter": 4,
            "eps": null,
            "eps_growth_year": null,
            "eps_4q": null,
            "eps_4q_growth_year": null,
            "roe": null,
            "gross_profit": null,
            "gross_margin": null,
            "net_income": null,
            "revenue": null,
            "common_shares": 150000,
            "equity": 179430,
            "current_ratio": 217.17,
            "debt_ratio": 26.97,
            "inventory_turnover_ratio": null,
            "account_receivable_turnover_ratio": null,
            "reinvestment_rate": null,
            "research_to_sale_ratio": null,
            "price_fair": 0,
            "eps_avg_yearly": 0,
            "eps_latest_yearly": 0,
            "eps_growth_yearly": 0
        },
        "20031": {
            "year_quarter": 20031,
            "year": 2003,
            "quarter": 1,
            "eps": null,
            "eps_growth_year": null,
            "eps_4q": null,
            "eps_4q_growth_year": null,
            "roe": null,
            "gross_profit": null,
            "gross_margin": null,
            "net_income": null,
            "revenue": null,
            "common_shares": null,
            "equity": null,
            "current_ratio": null,
            "debt_ratio": null,
            "inventory_turnover_ratio": null,
            "account_receivable_turnover_ratio": null,
            "reinvestment_rate": null,
            "research_to_sale_ratio": null,
            "price_fair": 0,
            "eps_avg_yearly": 0,
            "eps_latest_yearly": 0,
            "eps_growth_yearly": 0
        },
        "20032": {
            "year_quarter": 20032,
            "year": 2003,
            "quarter": 2,
            "eps": null,
            "eps_growth_year": null,
            "eps_4q": null,
            "eps_4q_growth_year": null,
            "roe": null,
            "gross_profit": null,
            "gross_margin": null,
            "net_income": null,
            "revenue": null,
            "common_shares": null,
            "equity": null,
            "current_ratio": null,
            "debt_ratio": null,
            "inventory_turnover_ratio": null,
            "account_receivable_turnover_ratio": null,
            "reinvestment_rate": null,
            "research_to_sale_ratio": null,
            "price_fair": 0,
            "eps_avg_yearly": 0,
            "eps_latest_yearly": 0,
            "eps_growth_yearly": 0
        },
        "20033": {
            "year_quarter": 20033,
            "year": 2003,
            "quarter": 3,
            "eps": null,
            "eps_growth_year": null,
            "eps_4q": null,
            "eps_4q_growth_year": null,
            "roe": null,
            "gross_profit": null,
            "gross_margin": null,
            "net_income": null,
            "revenue": null,
            "common_shares": null,
            "equity": null,
            "current_ratio": null,
            "debt_ratio": null,
            "inventory_turnover_ratio": null,
            "account_receivable_turnover_ratio": null,
            "reinvestment_rate": null,
            "research_to_sale_ratio": null,
            "price_fair": 0,
            "eps_avg_yearly": 0,
            "eps_latest_yearly": 0,
            "eps_growth_yearly": 0
        },
        "20034": {
            "year_quarter": 20034,
            "year": 2003,
            "quarter": 4,
            "eps": null,
            "eps_growth_year": null,
            "eps_4q": null,
            "eps_4q_growth_year": null,
            "roe": null,
            "gross_profit": null,
            "gross_margin": null,
            "net_income": null,
            "revenue": null,
            "common_shares": 219450,
            "equity": 267658,
            "current_ratio": 250.55,
            "debt_ratio": 18.23,
            "inventory_turnover_ratio": null,
            "account_receivable_turnover_ratio": null,
            "reinvestment_rate": null,
            "research_to_sale_ratio": null,
            "price_fair": 0,
            "eps_avg_yearly": 0,
            "eps_latest_yearly": 0,
            "eps_growth_yearly": 0
        },
        "20041": {
            "year_quarter": 20041,
            "year": 2004,
            "quarter": 1,
            "eps": null,
            "eps_growth_year": null,
            "eps_4q": null,
            "eps_4q_growth_year": null,
            "roe": null,
            "gross_profit": null,
            "gross_margin": null,
            "net_income": null,
            "revenue": null,
            "common_shares": null,
            "equity": null,
            "current_ratio": null,
            "debt_ratio": null,
            "inventory_turnover_ratio": null,
            "account_receivable_turnover_ratio": null,
            "reinvestment_rate": null,
            "research_to_sale_ratio": null,
            "price_fair": 0,
            "eps_avg_yearly": 0,
            "eps_latest_yearly": 0,
            "eps_growth_yearly": 0
        },
        "20042": {
            "year_quarter": 20042,
            "year": 2004,
            "quarter": 2,
            "eps": null,
            "eps_growth_year": null,
            "eps_4q": null,
            "eps_4q_growth_year": null,
            "roe": null,
            "gross_profit": null,
            "gross_margin": null,
            "net_income": null,
            "revenue": null,
            "common_shares": null,
            "equity": null,
            "current_ratio": null,
            "debt_ratio": null,
            "inventory_turnover_ratio": null,
            "account_receivable_turnover_ratio": null,
            "reinvestment_rate": null,
            "research_to_sale_ratio": null,
            "price_fair": 0,
            "eps_avg_yearly": 0,
            "eps_latest_yearly": 0,
            "eps_growth_yearly": 0
        },
        "20043": {
            "year_quarter": 20043,
            "year": 2004,
            "quarter": 3,
            "eps": null,
            "eps_growth_year": null,
            "eps_4q": null,
            "eps_4q_growth_year": null,
            "roe": null,
            "gross_profit": null,
            "gross_margin": null,
            "net_income": null,
            "revenue": null,
            "common_shares": null,
            "equity": null,
            "current_ratio": null,
            "debt_ratio": null,
            "inventory_turnover_ratio": null,
            "account_receivable_turnover_ratio": null,
            "reinvestment_rate": null,
            "research_to_sale_ratio": null,
            "price_fair": 0,
            "eps_avg_yearly": 0,
            "eps_latest_yearly": 0,
            "eps_growth_yearly": 0
        },
        "20044": {
            "year_quarter": 20044,
            "year": 2004,
            "quarter": 4,
            "eps": null,
            "eps_growth_year": null,
            "eps_4q": null,
            "eps_4q_growth_year": null,
            "roe": null,
            "gross_profit": null,
            "gross_margin": null,
            "net_income": null,
            "revenue": null,
            "common_shares": 243750,
            "equity": 309635,
            "current_ratio": 445.81,
            "debt_ratio": 24.82,
            "inventory_turnover_ratio": null,
            "account_receivable_turnover_ratio": null,
            "reinvestment_rate": null,
            "research_to_sale_ratio": null,
            "price_fair": 0,
            "eps_avg_yearly": 0,
            "eps_latest_yearly": 0,
            "eps_growth_yearly": 0
        },
        "20051": {
            "year_quarter": 20051,
            "year": 2005,
            "quarter": 1,
            "eps": null,
            "eps_growth_year": null,
            "eps_4q": null,
            "eps_4q_growth_year": null,
            "roe": null,
            "gross_profit": null,
            "gross_margin": null,
            "net_income": null,
            "revenue": null,
            "common_shares": null,
            "equity": null,
            "current_ratio": null,
            "debt_ratio": null,
            "inventory_turnover_ratio": null,
            "account_receivable_turnover_ratio": null,
            "reinvestment_rate": null,
            "research_to_sale_ratio": null,
            "price_fair": 0,
            "eps_avg_yearly": 0,
            "eps_latest_yearly": 0,
            "eps_growth_yearly": 0
        },
        "20052": {
            "year_quarter": 20052,
            "year": 2005,
            "quarter": 2,
            "eps": null,
            "eps_growth_year": null,
            "eps_4q": null,
            "eps_4q_growth_year": null,
            "roe": null,
            "gross_profit": null,
            "gross_margin": null,
            "net_income": null,
            "revenue": null,
            "common_shares": null,
            "equity": null,
            "current_ratio": null,
            "debt_ratio": null,
            "inventory_turnover_ratio": null,
            "account_receivable_turnover_ratio": null,
            "reinvestment_rate": null,
            "research_to_sale_ratio": null,
            "price_fair": 0,
            "eps_avg_yearly": 0,
            "eps_latest_yearly": 0,
            "eps_growth_yearly": 0
        },
        "20053": {
            "year_quarter": 20053,
            "year": 2005,
            "quarter": 3,
            "eps": null,
            "eps_growth_year": null,
            "eps_4q": null,
            "eps_4q_growth_year": null,
            "roe": null,
            "gross_profit": null,
            "gross_margin": null,
            "net_income": null,
            "revenue": null,
            "common_shares": null,
            "equity": null,
            "current_ratio": null,
            "debt_ratio": null,
            "inventory_turnover_ratio": null,
            "account_receivable_turnover_ratio": null,
            "reinvestment_rate": null,
            "research_to_sale_ratio": null,
            "price_fair": 0,
            "eps_avg_yearly": 0,
            "eps_latest_yearly": 0,
            "eps_growth_yearly": 0
        },
        "20054": {
            "year_quarter": 20054,
            "year": 2005,
            "quarter": 4,
            "eps": null,
            "eps_growth_year": null,
            "eps_4q": null,
            "eps_4q_growth_year": null,
            "roe": null,
            "gross_profit": null,
            "gross_margin": null,
            "net_income": null,
            "revenue": null,
            "common_shares": 313546,
            "equity": 447803,
            "current_ratio": 186.9,
            "debt_ratio": 51.77,
            "inventory_turnover_ratio": null,
            "account_receivable_turnover_ratio": null,
            "reinvestment_rate": null,
            "research_to_sale_ratio": null,
            "price_fair": 0,
            "eps_avg_yearly": 0,
            "eps_latest_yearly": 0,
            "eps_growth_yearly": 0
        },
        "20061": {
            "year_quarter": 20061,
            "year": 2006,
            "quarter": 1,
            "eps": null,
            "eps_growth_year": null,
            "eps_4q": null,
            "eps_4q_growth_year": null,
            "roe": null,
            "gross_profit": null,
            "gross_margin": null,
            "net_income": null,
            "revenue": null,
            "common_shares": null,
            "equity": null,
            "current_ratio": null,
            "debt_ratio": null,
            "inventory_turnover_ratio": null,
            "account_receivable_turnover_ratio": null,
            "reinvestment_rate": null,
            "research_to_sale_ratio": null,
            "price_fair": 0,
            "eps_avg_yearly": 0,
            "eps_latest_yearly": 0,
            "eps_growth_yearly": 0
        },
        "20062": {
            "year_quarter": 20062,
            "year": 2006,
            "quarter": 2,
            "eps": null,
            "eps_growth_year": null,
            "eps_4q": null,
            "eps_4q_growth_year": null,
            "roe": null,
            "gross_profit": null,
            "gross_margin": null,
            "net_income": null,
            "revenue": null,
            "common_shares": null,
            "equity": null,
            "current_ratio": null,
            "debt_ratio": null,
            "inventory_turnover_ratio": null,
            "account_receivable_turnover_ratio": null,
            "reinvestment_rate": null,
            "research_to_sale_ratio": null,
            "price_fair": 0,
            "eps_avg_yearly": 0,
            "eps_latest_yearly": 0,
            "eps_growth_yearly": 0
        },
        "20063": {
            "year_quarter": 20063,
            "year": 2006,
            "quarter": 3,
            "eps": null,
            "eps_growth_year": null,
            "eps_4q": null,
            "eps_4q_growth_year": null,
            "roe": null,
            "gross_profit": null,
            "gross_margin": null,
            "net_income": null,
            "revenue": null,
            "common_shares": null,
            "equity": null,
            "current_ratio": null,
            "debt_ratio": null,
            "inventory_turnover_ratio": null,
            "account_receivable_turnover_ratio": null,
            "reinvestment_rate": null,
            "research_to_sale_ratio": null,
            "price_fair": 0,
            "eps_avg_yearly": 0,
            "eps_latest_yearly": 0,
            "eps_growth_yearly": 0
        },
        "20064": {
            "year_quarter": 20064,
            "year": 2006,
            "quarter": 4,
            "eps": null,
            "eps_growth_year": null,
            "eps_4q": null,
            "eps_4q_growth_year": null,
            "roe": null,
            "gross_profit": null,
            "gross_margin": null,
            "net_income": null,
            "revenue": null,
            "common_shares": 360578,
            "equity": 515853,
            "current_ratio": 187.82,
            "debt_ratio": 51.89,
            "inventory_turnover_ratio": null,
            "account_receivable_turnover_ratio": null,
            "reinvestment_rate": null,
            "research_to_sale_ratio": null,
            "price_fair": 0,
            "eps_avg_yearly": 0,
            "eps_latest_yearly": 0,
            "eps_growth_yearly": 0
        },
        "20071": {
            "year_quarter": 20071,
            "year": 2007,
            "quarter": 1,
            "eps": 0.1,
            "eps_growth_year": null,
            "eps_4q": null,
            "eps_4q_growth_year": null,
            "roe": 0.69,
            "gross_profit": 32070,
            "gross_margin": 14.67,
            "net_income": 3507,
            "revenue": 218553,
            "common_shares": 360578,
            "equity": 502460,
            "current_ratio": 365.33,
            "debt_ratio": 17.96,
            "inventory_turnover_ratio": 37.65,
            "account_receivable_turnover_ratio": null,
            "reinvestment_rate": null,
            "research_to_sale_ratio": null,
            "price_fair": 0,
            "eps_avg_yearly": 0,
            "eps_latest_yearly": 0,
            "eps_growth_yearly": 0
        },
        "20072": {
            "year_quarter": 20072,
            "year": 2007,
            "quarter": 2,
            "eps": 0.48,
            "eps_growth_year": null,
            "eps_4q": null,
            "eps_4q_growth_year": null,
            "roe": 3.59,
            "gross_profit": 29978,
            "gross_margin": 11.83,
            "net_income": 17479,
            "revenue": 253457,
            "common_shares": 360578,
            "equity": 470498,
            "current_ratio": 71.67,
            "debt_ratio": 41.67,
            "inventory_turnover_ratio": null,
            "account_receivable_turnover_ratio": null,
            "reinvestment_rate": null,
            "research_to_sale_ratio": null,
            "price_fair": 67.2,
            "eps_avg_yearly": 1.92,
            "eps_latest_yearly": 1.92,
            "eps_growth_yearly": 1520
        },
        "20073": {
            "year_quarter": 20073,
            "year": 2007,
            "quarter": 3,
            "eps": 0.56,
            "eps_growth_year": null,
            "eps_4q": null,
            "eps_4q_growth_year": null,
            "roe": 3.94,
            "gross_profit": 38052,
            "gross_margin": 14.23,
            "net_income": 21750,
            "revenue": 267466,
            "common_shares": 431107,
            "equity": 632249,
            "current_ratio": 126.65,
            "debt_ratio": 27.46,
            "inventory_turnover_ratio": null,
            "account_receivable_turnover_ratio": null,
            "reinvestment_rate": null,
            "research_to_sale_ratio": null,
            "price_fair": 72.8,
            "eps_avg_yearly": 2.08,
            "eps_latest_yearly": 2.24,
            "eps_growth_yearly": 793.33
        },
        "20074": {
            "year_quarter": 20074,
            "year": 2007,
            "quarter": 4,
            "eps": 0.75,
            "eps_growth_year": null,
            "eps_4q": 1.81,
            "eps_4q_growth_year": null,
            "roe": 4.59,
            "gross_profit": 39878,
            "gross_margin": 12.6,
            "net_income": 30252,
            "revenue": 316481,
            "common_shares": 431107,
            "equity": 686190,
            "current_ratio": 173.06,
            "debt_ratio": 48.19,
            "inventory_turnover_ratio": 49.53,
            "account_receivable_turnover_ratio": null,
            "reinvestment_rate": null,
            "research_to_sale_ratio": null,
            "price_fair": 83.53,
            "eps_avg_yearly": 2.39,
            "eps_latest_yearly": 3,
            "eps_growth_yearly": 574.13
        },
        "20081": {
            "year_quarter": 20081,
            "year": 2008,
            "quarter": 1,
            "eps": 0.07,
            "eps_growth_year": -30,
            "eps_4q": 2.34,
            "eps_4q_growth_year": null,
            "roe": 0.32,
            "gross_profit": 147507,
            "gross_margin": 11.39,
            "net_income": 2176,
            "revenue": 1295298,
            "common_shares": 431107,
            "equity": 668157,
            "current_ratio": 188.13,
            "debt_ratio": 44.28,
            "inventory_turnover_ratio": 102.42,
            "account_receivable_turnover_ratio": null,
            "reinvestment_rate": null,
            "research_to_sale_ratio": null,
            "price_fair": 65.1,
            "eps_avg_yearly": 1.86,
            "eps_latest_yearly": 0.28,
            "eps_growth_yearly": 339.93
        },
        "20082": {
            "year_quarter": 20082,
            "year": 2008,
            "quarter": 2,
            "eps": 1.78,
            "eps_growth_year": 270.83,
            "eps_4q": 3.09,
            "eps_4q_growth_year": null,
            "roe": 11.1,
            "gross_profit": 175569,
            "gross_margin": 11.61,
            "net_income": 76104,
            "revenue": 1512532,
            "common_shares": 431107,
            "equity": 703435,
            "current_ratio": 172.62,
            "debt_ratio": 44.31,
            "inventory_turnover_ratio": 122.68,
            "account_receivable_turnover_ratio": null,
            "reinvestment_rate": null,
            "research_to_sale_ratio": null,
            "price_fair": 101.92,
            "eps_avg_yearly": 2.91,
            "eps_latest_yearly": 7.12,
            "eps_growth_yearly": 2226.23
        },
        "20083": {
            "year_quarter": 20083,
            "year": 2008,
            "quarter": 3,
            "eps": 0.69,
            "eps_growth_year": 23.21,
            "eps_4q": 2.97,
            "eps_4q_growth_year": null,
            "roe": 4.45,
            "gross_profit": 209634,
            "gross_margin": 13.28,
            "net_income": 32724,
            "revenue": 1578122,
            "common_shares": 439729,
            "equity": 768675,
            "current_ratio": 180.85,
            "debt_ratio": 42.38,
            "inventory_turnover_ratio": 130.11,
            "account_receivable_turnover_ratio": null,
            "reinvestment_rate": null,
            "research_to_sale_ratio": null,
            "price_fair": 101.03,
            "eps_avg_yearly": 2.89,
            "eps_latest_yearly": 2.76,
            "eps_growth_yearly": 1814.37
        },
        "20084": {
            "year_quarter": 20084,
            "year": 2008,
            "quarter": 4,
            "eps": -0.13,
            "eps_growth_year": -117.33,
            "eps_4q": 2.45,
            "eps_4q_growth_year": 35.51,
            "roe": -1.24,
            "gross_profit": 149889,
            "gross_margin": 14.18,
            "net_income": -9556,
            "revenue": 1057130,
            "common_shares": 439729,
            "equity": 772575,
            "current_ratio": 238.39,
            "debt_ratio": 30.84,
            "inventory_turnover_ratio": 96.33,
            "account_receivable_turnover_ratio": 6.27,
            "reinvestment_rate": null,
            "research_to_sale_ratio": null,
            "price_fair": 101.03,
            "eps_avg_yearly": 2.89,
            "eps_latest_yearly": 2.76,
            "eps_growth_yearly": 1814.37
        },
        "20091": {
            "year_quarter": 20091,
            "year": 2009,
            "quarter": 1,
            "eps": -0.13,
            "eps_growth_year": -285.71,
            "eps_4q": 1.95,
            "eps_4q_growth_year": -16.49,
            "roe": -0.93,
            "gross_profit": 136563,
            "gross_margin": 17.65,
            "net_income": -7563,
            "revenue": 773733,
            "common_shares": 489699,
            "equity": 859307,
            "current_ratio": 294.48,
            "debt_ratio": 25.66,
            "inventory_turnover_ratio": 68.73,
            "account_receivable_turnover_ratio": 2.57,
            "reinvestment_rate": null,
            "research_to_sale_ratio": null,
            "price_fair": 101.03,
            "eps_avg_yearly": 2.89,
            "eps_latest_yearly": 2.76,
            "eps_growth_yearly": 1814.37
        },
        "20092": {
            "year_quarter": 20092,
            "year": 2009,
            "quarter": 2,
            "eps": 0.25,
            "eps_growth_year": -85.96,
            "eps_4q": 0.72,
            "eps_4q_growth_year": -76.81,
            "roe": 1.28,
            "gross_profit": 149020,
            "gross_margin": 17.57,
            "net_income": 10489,
            "revenue": 848376,
            "common_shares": 489699,
            "equity": 780623,
            "current_ratio": 242.08,
            "debt_ratio": 30.77,
            "inventory_turnover_ratio": 76.12,
            "account_receivable_turnover_ratio": 2.99,
            "reinvestment_rate": null,
            "research_to_sale_ratio": null,
            "price_fair": 101.03,
            "eps_avg_yearly": 2.89,
            "eps_latest_yearly": 2.76,
            "eps_growth_yearly": 1814.37
        },
        "20093": {
            "year_quarter": 20093,
            "year": 2009,
            "quarter": 3,
            "eps": 0.32,
            "eps_growth_year": -53.62,
            "eps_4q": 0.35,
            "eps_4q_growth_year": -88.14,
            "roe": 1.69,
            "gross_profit": 159912,
            "gross_margin": 16.66,
            "net_income": 13076,
            "revenue": 959932,
            "common_shares": 489699,
            "equity": 771153,
            "current_ratio": 217.93,
            "debt_ratio": 34.24,
            "inventory_turnover_ratio": 98.12,
            "account_receivable_turnover_ratio": 2.82,
            "reinvestment_rate": null,
            "research_to_sale_ratio": null,
            "price_fair": 93,
            "eps_avg_yearly": 2.66,
            "eps_latest_yearly": 1.28,
            "eps_growth_yearly": 1571.17
        },
        "20094": {
            "year_quarter": 20094,
            "year": 2009,
            "quarter": 4,
            "eps": 0.26,
            "eps_growth_year": null,
            "eps_4q": 0.67,
            "eps_4q_growth_year": -72.65,
            "roe": 1.38,
            "gross_profit": 149905,
            "gross_margin": 14.81,
            "net_income": 10720,
            "revenue": 1012190,
            "common_shares": 504390,
            "equity": 778239,
            "current_ratio": 240.73,
            "debt_ratio": 31.08,
            "inventory_turnover_ratio": 100.79,
            "account_receivable_turnover_ratio": 5.18,
            "reinvestment_rate": null,
            "research_to_sale_ratio": null,
            "price_fair": 85.93,
            "eps_avg_yearly": 2.46,
            "eps_latest_yearly": 1.04,
            "eps_growth_yearly": 1365.4
        },
        "20101": {
            "year_quarter": 20101,
            "year": 2010,
            "quarter": 1,
            "eps": 0.36,
            "eps_growth_year": null,
            "eps_4q": 1.15,
            "eps_4q_growth_year": -41.01,
            "roe": 2.24,
            "gross_profit": 158027,
            "gross_margin": 14.14,
            "net_income": 17619,
            "revenue": 1117602,
            "common_shares": 504390,
            "equity": 791637,
            "current_ratio": 232.57,
            "debt_ratio": 32.63,
            "inventory_turnover_ratio": 121.01,
            "account_receivable_turnover_ratio": 2.66,
            "reinvestment_rate": null,
            "research_to_sale_ratio": null,
            "price_fair": 81.98,
            "eps_avg_yearly": 2.34,
            "eps_latest_yearly": 1.44,
            "eps_growth_yearly": 1230.78
        },
        "20102": {
            "year_quarter": 20102,
            "year": 2010,
            "quarter": 2,
            "eps": 0.87,
            "eps_growth_year": 248.36,
            "eps_4q": 1.77,
            "eps_4q_growth_year": 147.52,
            "roe": 5.53,
            "gross_profit": 205459,
            "gross_margin": 13.24,
            "net_income": 44684,
            "revenue": 1551282,
            "common_shares": 504390,
            "equity": 823248,
            "current_ratio": 188.56,
            "debt_ratio": 41.54,
            "inventory_turnover_ratio": 219.96,
            "account_receivable_turnover_ratio": 2.75,
            "reinvestment_rate": null,
            "research_to_sale_ratio": null,
            "price_fair": 85.96,
            "eps_avg_yearly": 2.46,
            "eps_latest_yearly": 3.48,
            "eps_growth_yearly": 1164.37
        },
        "20103": {
            "year_quarter": 20103,
            "year": 2010,
            "quarter": 3,
            "eps": 1.07,
            "eps_growth_year": 235.88,
            "eps_4q": 2.55,
            "eps_4q_growth_year": 625.33,
            "roe": 7.19,
            "gross_profit": 237755,
            "gross_margin": 13.1,
            "net_income": 60880,
            "revenue": 1814842,
            "common_shares": 514222,
            "equity": 870217,
            "current_ratio": 194.28,
            "debt_ratio": 41,
            "inventory_turnover_ratio": 335.41,
            "account_receivable_turnover_ratio": 2.54,
            "reinvestment_rate": null,
            "research_to_sale_ratio": null,
            "price_fair": 91.76,
            "eps_avg_yearly": 2.62,
            "eps_latest_yearly": 4.28,
            "eps_growth_yearly": 1066.88
        },
        "20104": {
            "year_quarter": 20104,
            "year": 2010,
            "quarter": 4,
            "eps": 0.7,
            "eps_growth_year": 167.69,
            "eps_4q": 3,
            "eps_4q_growth_year": 346.6,
            "roe": 4.19,
            "gross_profit": 218751,
            "gross_margin": 14.92,
            "net_income": 36947,
            "revenue": 1466078,
            "common_shares": 514222,
            "equity": 893639,
            "current_ratio": 108.07,
            "debt_ratio": 65.24,
            "inventory_turnover_ratio": 384.15,
            "account_receivable_turnover_ratio": 1.6,
            "reinvestment_rate": 69.73,
            "research_to_sale_ratio": null,
            "price_fair": 92.28,
            "eps_avg_yearly": 2.64,
            "eps_latest_yearly": 2.8,
            "eps_growth_yearly": 966.45
        },
        "20111": {
            "year_quarter": 20111,
            "year": 2011,
            "quarter": 1,
            "eps": 0.46,
            "eps_growth_year": 27.78,
            "eps_4q": 2.66,
            "eps_4q_growth_year": 131.25,
            "roe": 2.26,
            "gross_profit": 301342,
            "gross_margin": 15.99,
            "net_income": 23342,
            "revenue": 1884228,
            "common_shares": 598222,
            "equity": 1172379,
            "current_ratio": 180.5,
            "debt_ratio": 58.69,
            "inventory_turnover_ratio": 861.9,
            "account_receivable_turnover_ratio": 1.68,
            "reinvestment_rate": 78.47,
            "research_to_sale_ratio": null,
            "price_fair": 90.14,
            "eps_avg_yearly": 2.58,
            "eps_latest_yearly": 1.84,
            "eps_growth_yearly": 881.55
        },
        "20112": {
            "year_quarter": 20112,
            "year": 2011,
            "quarter": 2,
            "eps": 0.89,
            "eps_growth_year": 1.66,
            "eps_4q": 2.7,
            "eps_4q_growth_year": 52.52,
            "roe": 5.01,
            "gross_profit": 348580,
            "gross_margin": 17.31,
            "net_income": 56234,
            "revenue": 2013271,
            "common_shares": 598222,
            "equity": 1072081,
            "current_ratio": 158.68,
            "debt_ratio": 64.05,
            "inventory_turnover_ratio": 2737.98,
            "account_receivable_turnover_ratio": 1.61,
            "reinvestment_rate": 31.85,
            "research_to_sale_ratio": null,
            "price_fair": 94.55,
            "eps_avg_yearly": 2.7,
            "eps_latest_yearly": 3.56,
            "eps_growth_yearly": 793.39
        },
        "20113": {
            "year_quarter": 20113,
            "year": 2011,
            "quarter": 3,
            "eps": 0.53,
            "eps_growth_year": -51.13,
            "eps_4q": 2.34,
            "eps_4q_growth_year": -8.23,
            "roe": 3.06,
            "gross_profit": 352495,
            "gross_margin": 17.11,
            "net_income": 34848,
            "revenue": 2059820,
            "common_shares": 628615,
            "equity": 1203306,
            "current_ratio": 160.5,
            "debt_ratio": 63.42,
            "inventory_turnover_ratio": null,
            "account_receivable_turnover_ratio": 1.43,
            "reinvestment_rate": 32.4,
            "research_to_sale_ratio": null,
            "price_fair": 94.23,
            "eps_avg_yearly": 2.69,
            "eps_latest_yearly": 2.12,
            "eps_growth_yearly": 775.82
        },
        "20114": {
            "year_quarter": 20114,
            "year": 2011,
            "quarter": 4,
            "eps": 0.5,
            "eps_growth_year": -28.42,
            "eps_4q": 2.25,
            "eps_4q_growth_year": -24.9,
            "roe": 2.55,
            "gross_profit": 329707,
            "gross_margin": 16.67,
            "net_income": 31345,
            "revenue": 1977732,
            "common_shares": 639076,
            "equity": 1258818,
            "current_ratio": 180.5,
            "debt_ratio": 56.98,
            "inventory_turnover_ratio": null,
            "account_receivable_turnover_ratio": 1.39,
            "reinvestment_rate": 29.88,
            "research_to_sale_ratio": null,
            "price_fair": 91.54,
            "eps_avg_yearly": 2.62,
            "eps_latest_yearly": 2,
            "eps_growth_yearly": 763.64
        },
        "20121": {
            "year_quarter": 20121,
            "year": 2012,
            "quarter": 1,
            "eps": -0.28,
            "eps_growth_year": -160.87,
            "eps_4q": 1.62,
            "eps_4q_growth_year": -39.28,
            "roe": -1.41,
            "gross_profit": 271611,
            "gross_margin": 14.4,
            "net_income": -17286,
            "revenue": 1886134,
            "common_shares": 639076,
            "equity": 1196984,
            "current_ratio": 122.81,
            "debt_ratio": 60.49,
            "inventory_turnover_ratio": null,
            "account_receivable_turnover_ratio": 1.35,
            "reinvestment_rate": 33.29,
            "research_to_sale_ratio": null,
            "price_fair": 98.35,
            "eps_avg_yearly": 2.81,
            "eps_latest_yearly": 2,
            "eps_growth_yearly": 857.5
        },
        "20122": {
            "year_quarter": 20122,
            "year": 2012,
            "quarter": 2,
            "eps": 0.3,
            "eps_growth_year": -65.56,
            "eps_4q": 0.96,
            "eps_4q_growth_year": -64.61,
            "roe": 1.83,
            "gross_profit": 334335,
            "gross_margin": 14.62,
            "net_income": 21910,
            "revenue": 2286583,
            "common_shares": 639076,
            "equity": 1192199,
            "current_ratio": 122.67,
            "debt_ratio": 60.78,
            "inventory_turnover_ratio": null,
            "account_receivable_turnover_ratio": 1.55,
            "reinvestment_rate": 35.97,
            "research_to_sale_ratio": null,
            "price_fair": 84.64,
            "eps_avg_yearly": 2.42,
            "eps_latest_yearly": 2,
            "eps_growth_yearly": 47.14
        },
        "20123": {
            "year_quarter": 20123,
            "year": 2012,
            "quarter": 3,
            "eps": 0.56,
            "eps_growth_year": 6.67,
            "eps_4q": 1.05,
            "eps_4q_growth_year": -55,
            "roe": 3.41,
            "gross_profit": 347442,
            "gross_margin": 14.86,
            "net_income": 41260,
            "revenue": 2337423,
            "common_shares": 726648,
            "equity": 1224657,
            "current_ratio": 123.92,
            "debt_ratio": 61.65,
            "inventory_turnover_ratio": null,
            "account_receivable_turnover_ratio": 1.55,
            "reinvestment_rate": 31.95,
            "research_to_sale_ratio": null,
            "price_fair": 82.98,
            "eps_avg_yearly": 2.37,
            "eps_latest_yearly": 2.24,
            "eps_growth_yearly": 100.92
        },
        "20124": {
            "year_quarter": 20124,
            "year": 2012,
            "quarter": 4,
            "eps": 0.32,
            "eps_growth_year": -34.82,
            "eps_4q": 0.95,
            "eps_4q_growth_year": -57.91,
            "roe": 1.88,
            "gross_profit": 311186,
            "gross_margin": 14.59,
            "net_income": 22992,
            "revenue": 2133237,
            "common_shares": 726648,
            "equity": 1225983,
            "current_ratio": 124.92,
            "debt_ratio": 58.88,
            "inventory_turnover_ratio": null,
            "account_receivable_turnover_ratio": 1.49,
            "reinvestment_rate": 28.56,
            "research_to_sale_ratio": null,
            "price_fair": 79.8,
            "eps_avg_yearly": 2.28,
            "eps_latest_yearly": 1.28,
            "eps_growth_yearly": 78.23
        },
        "20131": {
            "year_quarter": 20131,
            "year": 2013,
            "quarter": 1,
            "eps": 0.05,
            "eps_growth_year": null,
            "eps_4q": 1.24,
            "eps_4q_growth_year": -23.21,
            "roe": 0.34,
            "gross_profit": 284459,
            "gross_margin": 15.69,
            "net_income": 4203,
            "revenue": 1812709,
            "common_shares": 726648,
            "equity": 1227071,
            "current_ratio": 134,
            "debt_ratio": 58.44,
            "inventory_turnover_ratio": null,
            "account_receivable_turnover_ratio": 1.44,
            "reinvestment_rate": 37.86,
            "research_to_sale_ratio": null,
            "price_fair": 74.2,
            "eps_avg_yearly": 2.12,
            "eps_latest_yearly": 0.2,
            "eps_growth_yearly": 46.25
        },
        "20132": {
            "year_quarter": 20132,
            "year": 2013,
            "quarter": 2,
            "eps": 0.61,
            "eps_growth_year": 100.03,
            "eps_4q": 1.49,
            "eps_4q_growth_year": 56.27,
            "roe": 3.59,
            "gross_profit": 369190,
            "gross_margin": 16.83,
            "net_income": 44759,
            "revenue": 2194007,
            "common_shares": 726648,
            "equity": 1263334,
            "current_ratio": 140.17,
            "debt_ratio": 58.95,
            "inventory_turnover_ratio": null,
            "account_receivable_turnover_ratio": 1.7,
            "reinvestment_rate": 34.55,
            "research_to_sale_ratio": null,
            "price_fair": 75,
            "eps_avg_yearly": 2.14,
            "eps_latest_yearly": 2.44,
            "eps_growth_yearly": 362.94
        },
        "20133": {
            "year_quarter": 20133,
            "year": 2013,
            "quarter": 3,
            "eps": 0.66,
            "eps_growth_year": 17.79,
            "eps_4q": 1.61,
            "eps_4q_growth_year": 53.14,
            "roe": 3.97,
            "gross_profit": 385253,
            "gross_margin": 17.71,
            "net_income": 50852,
            "revenue": 2175433,
            "common_shares": 751700,
            "equity": 1297250,
            "current_ratio": 142.66,
            "debt_ratio": 57.63,
            "inventory_turnover_ratio": null,
            "account_receivable_turnover_ratio": 1.6,
            "reinvestment_rate": 30.74,
            "research_to_sale_ratio": null,
            "price_fair": 78.4,
            "eps_avg_yearly": 2.24,
            "eps_latest_yearly": 2.64,
            "eps_growth_yearly": 357.29
        },
        "20134": {
            "year_quarter": 20134,
            "year": 2013,
            "quarter": 4,
            "eps": 0.1,
            "eps_growth_year": -68.37,
            "eps_4q": 1.33,
            "eps_4q_growth_year": 40.72,
            "roe": 0.65,
            "gross_profit": 356823,
            "gross_margin": 16.66,
            "net_income": 8877,
            "revenue": 2141365,
            "common_shares": 794297,
            "equity": 1415579,
            "current_ratio": 138.36,
            "debt_ratio": 56.18,
            "inventory_turnover_ratio": null,
            "account_receivable_turnover_ratio": 1.53,
            "reinvestment_rate": -88.45,
            "research_to_sale_ratio": null,
            "price_fair": 76.8,
            "eps_avg_yearly": 2.19,
            "eps_latest_yearly": 0.4,
            "eps_growth_yearly": 338.4
        },
        "20141": {
            "year_quarter": 20141,
            "year": 2014,
            "quarter": 1,
            "eps": 0.15,
            "eps_growth_year": 200,
            "eps_4q": 1.27,
            "eps_4q_growth_year": 2.38,
            "roe": 0.85,
            "gross_profit": 349308,
            "gross_margin": 17.04,
            "net_income": 13261,
            "revenue": 2050316,
            "common_shares": 900715,
            "equity": 1705144,
            "current_ratio": 206.67,
            "debt_ratio": 46.77,
            "inventory_turnover_ratio": null,
            "account_receivable_turnover_ratio": 1.45,
            "reinvestment_rate": -89.05,
            "research_to_sale_ratio": null,
            "price_fair": 74.7,
            "eps_avg_yearly": 2.13,
            "eps_latest_yearly": 0.6,
            "eps_growth_yearly": 341.7
        },
        "20142": {
            "year_quarter": 20142,
            "year": 2014,
            "quarter": 2,
            "eps": 0.66,
            "eps_growth_year": 8.2,
            "eps_4q": 1.42,
            "eps_4q_growth_year": -5.18,
            "roe": 3.72,
            "gross_profit": 414903,
            "gross_margin": 17.35,
            "net_income": 62865,
            "revenue": 2391026,
            "common_shares": 901019,
            "equity": 1673603,
            "current_ratio": 189.79,
            "debt_ratio": 50.01,
            "inventory_turnover_ratio": null,
            "account_receivable_turnover_ratio": 1.66,
            "reinvestment_rate": -96.87,
            "research_to_sale_ratio": null,
            "price_fair": 72.6,
            "eps_avg_yearly": 2.07,
            "eps_latest_yearly": 2.64,
            "eps_growth_yearly": 398.36
        },
        "20143": {
            "year_quarter": 20143,
            "year": 2014,
            "quarter": 3,
            "eps": 1.09,
            "eps_growth_year": 65.15,
            "eps_4q": 1.96,
            "eps_4q_growth_year": 21.25,
            "roe": 5.85,
            "gross_profit": 449626,
            "gross_margin": 17.49,
            "net_income": 103161,
            "revenue": 2570513,
            "common_shares": 940073,
            "equity": 1855088,
            "current_ratio": 188.84,
            "debt_ratio": 50.13,
            "inventory_turnover_ratio": null,
            "account_receivable_turnover_ratio": 1.67,
            "reinvestment_rate": -95.41,
            "research_to_sale_ratio": null,
            "price_fair": 72.8,
            "eps_avg_yearly": 2.08,
            "eps_latest_yearly": 4.36,
            "eps_growth_yearly": 410.41
        },
        "20144": {
            "year_quarter": 20144,
            "year": 2014,
            "quarter": 4,
            "eps": 0.25,
            "eps_growth_year": 147.26,
            "eps_4q": 2.04,
            "eps_4q_growth_year": 53.12,
            "roe": 1.35,
            "gross_profit": 445228,
            "gross_margin": 16.38,
            "net_income": 26390,
            "revenue": 2717658,
            "common_shares": 983981,
            "equity": 2047651,
            "current_ratio": 185.03,
            "debt_ratio": 48.03,
            "inventory_turnover_ratio": null,
            "account_receivable_turnover_ratio": 1.67,
            "reinvestment_rate": 9.75,
            "research_to_sale_ratio": null,
            "price_fair": 68.3,
            "eps_avg_yearly": 1.95,
            "eps_latest_yearly": 1,
            "eps_growth_yearly": 398.27
        },
        "20151": {
            "year_quarter": 20151,
            "year": 2015,
            "quarter": 1,
            "eps": 0.43,
            "eps_growth_year": 186.67,
            "eps_4q": 2.27,
            "eps_4q_growth_year": 78.65,
            "roe": 2.17,
            "gross_profit": 434879,
            "gross_margin": 17.53,
            "net_income": 45530,
            "revenue": 2480795,
            "common_shares": 1014775,
            "equity": 2158201,
            "current_ratio": 197.15,
            "debt_ratio": 43.99,
            "inventory_turnover_ratio": null,
            "account_receivable_turnover_ratio": 1.49,
            "reinvestment_rate": 6.46,
            "research_to_sale_ratio": null,
            "price_fair": 68,
            "eps_avg_yearly": 1.94,
            "eps_latest_yearly": 1.72,
            "eps_growth_yearly": 428.64
        },
        "20152": {
            "year_quarter": 20152,
            "year": 2015,
            "quarter": 2,
            "eps": 0.97,
            "eps_growth_year": 46.97,
            "eps_4q": 2.54,
            "eps_4q_growth_year": 79.33,
            "roe": 4.71,
            "gross_profit": 487765,
            "gross_margin": 19.44,
            "net_income": 99985,
            "revenue": 2508497,
            "common_shares": 1014930,
            "equity": 2088478,
            "current_ratio": 219.09,
            "debt_ratio": 47.23,
            "inventory_turnover_ratio": null,
            "account_receivable_turnover_ratio": 1.55,
            "reinvestment_rate": 5.09,
            "research_to_sale_ratio": null,
            "price_fair": 68.8,
            "eps_avg_yearly": 1.97,
            "eps_latest_yearly": 3.88,
            "eps_growth_yearly": 437.81
        },
        "20153": {
            "year_quarter": 20153,
            "year": 2015,
            "quarter": 3,
            "eps": 0.83,
            "eps_growth_year": -23.85,
            "eps_4q": 2.2,
            "eps_4q_growth_year": 12.32,
            "roe": 3.94,
            "gross_profit": 488147,
            "gross_margin": 20.19,
            "net_income": 90506,
            "revenue": 2417611,
            "common_shares": 1159257,
            "equity": 2507389,
            "current_ratio": 249.45,
            "debt_ratio": 42.37,
            "inventory_turnover_ratio": null,
            "account_receivable_turnover_ratio": 1.6,
            "reinvestment_rate": 5.38,
            "research_to_sale_ratio": null,
            "price_fair": 71.8,
            "eps_avg_yearly": 2.05,
            "eps_latest_yearly": 3.32,
            "eps_growth_yearly": 445.25
        },
        "20154": {
            "year_quarter": 20154,
            "year": 2015,
            "quarter": 4,
            "eps": 0.56,
            "eps_growth_year": 122.4,
            "eps_4q": 2.54,
            "eps_4q_growth_year": 24.57,
            "roe": 2.64,
            "gross_profit": 466481,
            "gross_margin": 20.02,
            "net_income": 67879,
            "revenue": 2330009,
            "common_shares": 1160421,
            "equity": 2636045,
            "current_ratio": 216.47,
            "debt_ratio": 44.61,
            "inventory_turnover_ratio": null,
            "account_receivable_turnover_ratio": 1.59,
            "reinvestment_rate": 12.97,
            "research_to_sale_ratio": null,
            "price_fair": 72.4,
            "eps_avg_yearly": 2.07,
            "eps_latest_yearly": 2.24,
            "eps_growth_yearly": 437.57
        },
        "20161": {
            "year_quarter": 20161,
            "year": 2016,
            "quarter": 1,
            "eps": 0.1,
            "eps_growth_year": -76.74,
            "eps_4q": 2.29,
            "eps_4q_growth_year": 0.92,
            "roe": 0.24,
            "gross_profit": 414972,
            "gross_margin": 18.74,
            "net_income": 6336,
            "revenue": 2213862,
            "common_shares": 1162717,
            "equity": 2578147,
            "current_ratio": 200.67,
            "debt_ratio": 43.29,
            "inventory_turnover_ratio": null,
            "account_receivable_turnover_ratio": 1.59,
            "reinvestment_rate": 10.4,
            "research_to_sale_ratio": null,
            "price_fair": 68.51,
            "eps_avg_yearly": 1.96,
            "eps_latest_yearly": 0.4,
            "eps_growth_yearly": 386.49
        },
        "20162": {
            "year_quarter": 20162,
            "year": 2016,
            "quarter": 2,
            "eps": 0.4,
            "eps_growth_year": -58.76,
            "eps_4q": 1.82,
            "eps_4q_growth_year": -28.54,
            "roe": 1.91,
            "gross_profit": 456841,
            "gross_margin": 19.52,
            "net_income": 47383,
            "revenue": 2340281,
            "common_shares": 1162717,
            "equity": 2394480,
            "current_ratio": 182.56,
            "debt_ratio": 47.12,
            "inventory_turnover_ratio": null,
            "account_receivable_turnover_ratio": 1.75,
            "reinvestment_rate": 9.63,
            "research_to_sale_ratio": null,
            "price_fair": 67.73,
            "eps_avg_yearly": 1.94,
            "eps_latest_yearly": 1.6,
            "eps_growth_yearly": 437.34
        },
        "20163": {
            "year_quarter": 20163,
            "year": 2016,
            "quarter": 3,
            "eps": 0.38,
            "eps_growth_year": -54.22,
            "eps_4q": 1.44,
            "eps_4q_growth_year": -34.34,
            "roe": 1.81,
            "gross_profit": 464880,
            "gross_margin": 18.72,
            "net_income": 43145,
            "revenue": 2483892,
            "common_shares": 1185644,
            "equity": 2365730,
            "current_ratio": 177.58,
            "debt_ratio": 48.69,
            "inventory_turnover_ratio": null,
            "account_receivable_turnover_ratio": 1.79,
            "reinvestment_rate": 10.37,
            "research_to_sale_ratio": null,
            "price_fair": 66.15,
            "eps_avg_yearly": 1.89,
            "eps_latest_yearly": 1.52,
            "eps_growth_yearly": 414.42
        },
        "20164": {
            "year_quarter": 20164,
            "year": 2016,
            "quarter": 4,
            "eps": 0.23,
            "eps_growth_year": -59.59,
            "eps_4q": 1.12,
            "eps_4q_growth_year": -56.12,
            "roe": 1.02,
            "gross_profit": 457525,
            "gross_margin": 16.91,
            "net_income": 24312,
            "revenue": 2706078,
            "common_shares": 1195264,
            "equity": 2385494,
            "current_ratio": 172.88,
            "debt_ratio": 50.44,
            "inventory_turnover_ratio": null,
            "account_receivable_turnover_ratio": 1.76,
            "reinvestment_rate": 10.79,
            "research_to_sale_ratio": null,
            "price_fair": 65.36,
            "eps_avg_yearly": 1.87,
            "eps_latest_yearly": 0.92,
            "eps_growth_yearly": 415.27
        },
        "20171": {
            "year_quarter": 20171,
            "year": 2017,
            "quarter": 1,
            "eps": 0.27,
            "eps_growth_year": 170,
            "eps_4q": 1.29,
            "eps_4q_growth_year": -43.63,
            "roe": 1.27,
            "gross_profit": 428951,
            "gross_margin": 17.6,
            "net_income": 29595,
            "revenue": 2437587,
            "common_shares": 1185655,
            "equity": 2268043,
            "current_ratio": 163.21,
            "debt_ratio": 51.74,
            "inventory_turnover_ratio": null,
            "account_receivable_turnover_ratio": 1.53,
            "reinvestment_rate": 3.42,
            "research_to_sale_ratio": null,
            "price_fair": 67.29,
            "eps_avg_yearly": 1.92,
            "eps_latest_yearly": 1.08,
            "eps_growth_yearly": 440.71
        },
        "20172": {
            "year_quarter": 20172,
            "year": 2017,
            "quarter": 2,
            "eps": 0.6,
            "eps_growth_year": 50,
            "eps_4q": 1.48,
            "eps_4q_growth_year": -18.53,
            "roe": 3.34,
            "gross_profit": 490990,
            "gross_margin": 18.4,
            "net_income": 75705,
            "revenue": 2668056,
            "common_shares": 1185655,
            "equity": 2269633,
            "current_ratio": 139.96,
            "debt_ratio": 53.19,
            "inventory_turnover_ratio": null,
            "account_receivable_turnover_ratio": 1.68,
            "reinvestment_rate": 16.95,
            "research_to_sale_ratio": null,
            "price_fair": 67.2,
            "eps_avg_yearly": 1.92,
            "eps_latest_yearly": 2.4,
            "eps_growth_yearly": 191.26
        },
        "20173": {
            "year_quarter": 20173,
            "year": 2017,
            "quarter": 3,
            "eps": 0.69,
            "eps_growth_year": 81.58,
            "eps_4q": 1.79,
            "eps_4q_growth_year": 23.92,
            "roe": 3.65,
            "gross_profit": 502737,
            "gross_margin": 18.49,
            "net_income": 84700,
            "revenue": 2718435,
            "common_shares": 1185655,
            "equity": 2366865,
            "current_ratio": 142.35,
            "debt_ratio": 52.93,
            "inventory_turnover_ratio": null,
            "account_receivable_turnover_ratio": 1.6,
            "reinvestment_rate": 16.32,
            "research_to_sale_ratio": null,
            "price_fair": 67.46,
            "eps_avg_yearly": 1.93,
            "eps_latest_yearly": 2.76,
            "eps_growth_yearly": 192.96
        },
        "20174": {
            "year_quarter": 20174,
            "year": 2017,
            "quarter": 4,
            "eps": 0.52,
            "eps_growth_year": 125.93,
            "eps_4q": 2.07,
            "eps_4q_growth_year": 85.95,
            "roe": 2.64,
            "gross_profit": 501357,
            "gross_margin": 18.48,
            "net_income": 62737,
            "revenue": 2712930,
            "common_shares": 1185655,
            "equity": 2392607,
            "current_ratio": 141.63,
            "debt_ratio": 53.79,
            "inventory_turnover_ratio": null,
            "account_receivable_turnover_ratio": 1.53,
            "reinvestment_rate": 15.8,
            "research_to_sale_ratio": null,
            "price_fair": 71.14,
            "eps_avg_yearly": 2.03,
            "eps_latest_yearly": 2.08,
            "eps_growth_yearly": 208.02
        },
        "20181": {
            "year_quarter": 20181,
            "year": 2018,
            "quarter": 1,
            "eps": 0.54,
            "eps_growth_year": 100,
            "eps_4q": 2.34,
            "eps_4q_growth_year": 81.63,
            "roe": 2.69,
            "gross_profit": 454507,
            "gross_margin": 18.63,
            "net_income": 65723,
            "revenue": 2439432,
            "common_shares": 1185655,
            "equity": 2493924,
            "current_ratio": 147.53,
            "debt_ratio": 51.1,
            "inventory_turnover_ratio": null,
            "account_receivable_turnover_ratio": 1.49,
            "reinvestment_rate": -2.12,
            "research_to_sale_ratio": null,
            "price_fair": 74.55,
            "eps_avg_yearly": 2.13,
            "eps_latest_yearly": 2.16,
            "eps_growth_yearly": 196.48
        },
        "20182": {
            "year_quarter": 20182,
            "year": 2018,
            "quarter": 2,
            "eps": 0.83,
            "eps_growth_year": 38.33,
            "eps_4q": 2.58,
            "eps_4q_growth_year": 74.32,
            "roe": 4.04,
            "gross_profit": 479238,
            "gross_margin": 17.65,
            "net_income": 99990,
            "revenue": 2715675,
            "common_shares": 1185655,
            "equity": 2459313,
            "current_ratio": 154.86,
            "debt_ratio": 53.18,
            "inventory_turnover_ratio": null,
            "account_receivable_turnover_ratio": 1.67,
            "reinvestment_rate": -4.52,
            "research_to_sale_ratio": null,
            "price_fair": 76.04,
            "eps_avg_yearly": 2.17,
            "eps_latest_yearly": 3.32,
            "eps_growth_yearly": 124.9
        },
        "20183": {
            "year_quarter": 20183,
            "year": 2018,
            "quarter": 3,
            "eps": 0.95,
            "eps_growth_year": 37.68,
            "eps_4q": 2.84,
            "eps_4q_growth_year": 58.67,
            "roe": 4.53,
            "gross_profit": 522827,
            "gross_margin": 16.79,
            "net_income": 112061,
            "revenue": 3113150,
            "common_shares": 1183455,
            "equity": 2493595,
            "current_ratio": 154.55,
            "debt_ratio": 53.88,
            "inventory_turnover_ratio": null,
            "account_receivable_turnover_ratio": 1.73,
            "reinvestment_rate": -4.34,
            "research_to_sale_ratio": null,
            "price_fair": 74.81,
            "eps_avg_yearly": 2.14,
            "eps_latest_yearly": 3.8,
            "eps_growth_yearly": 112.23
        },
        "20184": {
            "year_quarter": 20184,
            "year": 2018,
            "quarter": 4,
            "eps": 0.74,
            "eps_growth_year": 44.07,
            "eps_4q": 3.07,
            "eps_4q_growth_year": 47.82,
            "roe": 3.45,
            "gross_profit": 506664,
            "gross_margin": 15.5,
            "net_income": 88824,
            "revenue": 3268012,
            "common_shares": 1183455,
            "equity": 2648862,
            "current_ratio": 157.8,
            "debt_ratio": 52.6,
            "inventory_turnover_ratio": null,
            "account_receivable_turnover_ratio": 1.7,
            "reinvestment_rate": -4.29,
            "research_to_sale_ratio": null,
            "price_fair": 79.1,
            "eps_avg_yearly": 2.26,
            "eps_latest_yearly": 2.96,
            "eps_growth_yearly": 125.97
        },
        "20191": {
            "year_quarter": 20191,
            "year": 2019,
            "quarter": 1,
            "eps": 0.32,
            "eps_growth_year": -40.74,
            "eps_4q": 2.84,
            "eps_4q_growth_year": 21.28,
            "roe": 1.34,
            "gross_profit": 458176,
            "gross_margin": 17.7,
            "net_income": 35811,
            "revenue": 2588156,
            "common_shares": 1171575,
            "equity": 2715043,
            "current_ratio": 151.93,
            "debt_ratio": 53.65,
            "inventory_turnover_ratio": null,
            "account_receivable_turnover_ratio": 1.4,
            "reinvestment_rate": -2.66,
            "research_to_sale_ratio": null,
            "price_fair": 78.14,
            "eps_avg_yearly": 2.23,
            "eps_latest_yearly": 1.28,
            "eps_growth_yearly": 93.78
        },
        "20192": {
            "year_quarter": 20192,
            "year": 2019,
            "quarter": 2,
            "eps": 0.66,
            "eps_growth_year": -20.48,
            "eps_4q": 2.67,
            "eps_4q_growth_year": 3.41,
            "roe": 2.89,
            "gross_profit": 514720,
            "gross_margin": 18.32,
            "net_income": 75794,
            "revenue": 2810373,
            "common_shares": 1171575,
            "equity": 2521680,
            "current_ratio": 134.51,
            "debt_ratio": 56.59,
            "inventory_turnover_ratio": null,
            "account_receivable_turnover_ratio": 1.62,
            "reinvestment_rate": -1.85,
            "research_to_sale_ratio": null,
            "price_fair": 75.43,
            "eps_avg_yearly": 2.16,
            "eps_latest_yearly": 2.64,
            "eps_growth_yearly": 88.95
        },
        "20193": {
            "year_quarter": 20193,
            "year": 2019,
            "quarter": 3,
            "eps": 0.72,
            "eps_growth_year": -24.21,
            "eps_4q": 2.44,
            "eps_4q_growth_year": -14.05,
            "roe": 3.37,
            "gross_profit": 520096,
            "gross_margin": 17.96,
            "net_income": 85441,
            "revenue": 2896011,
            "common_shares": 1171575,
            "equity": 2555812,
            "current_ratio": 143,
            "debt_ratio": 57.32,
            "inventory_turnover_ratio": null,
            "account_receivable_turnover_ratio": 1.63,
            "reinvestment_rate": -2.87,
            "research_to_sale_ratio": null,
            "price_fair": 74.46,
            "eps_avg_yearly": 2.13,
            "eps_latest_yearly": 2.88,
            "eps_growth_yearly": 94.83
        },
        "20194": {
            "year_quarter": 20194,
            "year": 2019,
            "quarter": 4,
            "eps": 0.45,
            "eps_growth_year": -38.81,
            "eps_4q": 2.15,
            "eps_4q_growth_year": -29.83,
            "roe": 1.74,
            "gross_profit": 521237,
            "gross_margin": 17.59,
            "net_income": 44317,
            "revenue": 2963531,
            "common_shares": 1171575,
            "equity": 2552787,
            "current_ratio": 147,
            "debt_ratio": 57.8,
            "inventory_turnover_ratio": null,
            "account_receivable_turnover_ratio": 1.66,
            "reinvestment_rate": -10.71,
            "research_to_sale_ratio": null,
            "price_fair": 73.5,
            "eps_avg_yearly": 2.1,
            "eps_latest_yearly": 1.8,
            "eps_growth_yearly": 93.59
        },
        "20201": {
            "year_quarter": 20201,
            "year": 2020,
            "quarter": 1,
            "eps": 0.19,
            "eps_growth_year": -40.62,
            "eps_4q": 2.03,
            "eps_4q_growth_year": -28.65,
            "roe": 0.86,
            "gross_profit": 419164,
            "gross_margin": 16.53,
            "net_income": 21651,
            "revenue": 2536416,
            "common_shares": 1171575,
            "equity": 2511397,
            "current_ratio": 147.6,
            "debt_ratio": 57.89,
            "inventory_turnover_ratio": null,
            "account_receivable_turnover_ratio": 1.47,
            "reinvestment_rate": -10.41,
            "research_to_sale_ratio": null,
            "price_fair": 74.29,
            "eps_avg_yearly": 2.12,
            "eps_latest_yearly": 0.76,
            "eps_growth_yearly": 99.68
        },
        "20202": {
            "year_quarter": 20202,
            "year": 2020,
            "quarter": 2,
            "eps": 1.47,
            "eps_growth_year": 122.73,
            "eps_4q": 2.85,
            "eps_4q_growth_year": 6.99,
            "roe": 6.93,
            "gross_profit": 633796,
            "gross_margin": 16.41,
            "net_income": 172638,
            "revenue": 3863178,
            "common_shares": 1171575,
            "equity": 2473610,
            "current_ratio": 142.42,
            "debt_ratio": 60.33,
            "inventory_turnover_ratio": null,
            "account_receivable_turnover_ratio": 2.08,
            "reinvestment_rate": -8.16,
            "research_to_sale_ratio": null,
            "price_fair": 83.65,
            "eps_avg_yearly": 2.39,
            "eps_latest_yearly": 5.88,
            "eps_growth_yearly": 193.1
        },
        "20203": {
            "year_quarter": 20203,
            "year": 2020,
            "quarter": 3,
            "eps": 1.43,
            "eps_growth_year": 98.61,
            "eps_4q": 3.55,
            "eps_4q_growth_year": 45.59,
            "roe": 6.65,
            "gross_profit": 683280,
            "gross_margin": 17.55,
            "net_income": 172546,
            "revenue": 3892956,
            "common_shares": 1171575,
            "equity": 2714125,
            "current_ratio": 145.41,
            "debt_ratio": 59.67,
            "inventory_turnover_ratio": null,
            "account_receivable_turnover_ratio": 1.85,
            "reinvestment_rate": -6.96,
            "research_to_sale_ratio": null,
            "price_fair": 92.84,
            "eps_avg_yearly": 2.65,
            "eps_latest_yearly": 5.72,
            "eps_growth_yearly": 193.67
        },
        "20204": {
            "year_quarter": 20204,
            "year": 2020,
            "quarter": 4,
            "eps": 1.54,
            "eps_growth_year": 238.36,
            "eps_4q": 4.41,
            "eps_4q_growth_year": 105.13,
            "roe": 6.78,
            "gross_profit": 731647,
            "gross_margin": 15.03,
            "net_income": 203892,
            "revenue": 4867693,
            "common_shares": 1171575,
            "equity": 3302990,
            "current_ratio": 159.48,
            "debt_ratio": 57.18,
            "inventory_turnover_ratio": null,
            "account_receivable_turnover_ratio": 1.97,
            "reinvestment_rate": -5.77,
            "research_to_sale_ratio": null,
            "price_fair": 104.3,
            "eps_avg_yearly": 2.98,
            "eps_latest_yearly": 6.16,
            "eps_growth_yearly": 205.46
        },
        "20211": {
            "year_quarter": 20211,
            "year": 2021,
            "quarter": 1,
            "eps": 3.16,
            "eps_growth_year": 1563.16,
            "eps_4q": 7.3,
            "eps_4q_growth_year": 259.79,
            "roe": 10.85,
            "gross_profit": 1065110,
            "gross_margin": 18.08,
            "net_income": 398173,
            "revenue": 5892334,
            "common_shares": 1272360,
            "equity": 4036288,
            "current_ratio": 175.14,
            "debt_ratio": 52.91,
            "inventory_turnover_ratio": null,
            "account_receivable_turnover_ratio": 1.98,
            "reinvestment_rate": -4.09,
            "research_to_sale_ratio": null,
            "price_fair": 129.59,
            "eps_avg_yearly": 3.7,
            "eps_latest_yearly": 12.64,
            "eps_growth_yearly": 227.41
        },
        "20212": {
            "year_quarter": 20212,
            "year": 2021,
            "quarter": 2,
            "eps": 13.32,
            "eps_growth_year": 806.12,
            "eps_4q": 18.4,
            "eps_4q_growth_year": 544.74,
            "roe": 28.61,
            "gross_profit": 1734016,
            "gross_margin": 22.02,
            "net_income": 1699348,
            "revenue": 7874725,
            "common_shares": 1346687,
            "equity": 7841767,
            "current_ratio": 206.97,
            "debt_ratio": 40.96,
            "inventory_turnover_ratio": null,
            "account_receivable_turnover_ratio": 2.11,
            "reinvestment_rate": -5.19,
            "research_to_sale_ratio": null,
            "price_fair": 240.89,
            "eps_avg_yearly": 6.88,
            "eps_latest_yearly": 53.28,
            "eps_growth_yearly": 277.24
        },
        "20213": {
            "year_quarter": 20213,
            "year": 2021,
            "quarter": 3,
            "eps": 5.88,
            "eps_growth_year": 311.19,
            "eps_4q": 21.45,
            "eps_4q_growth_year": 504.03,
            "roe": 9.63,
            "gross_profit": 2866351,
            "gross_margin": 25.68,
            "net_income": 807685,
            "revenue": 11163279,
            "common_shares": 1447522,
            "equity": 8931143,
            "current_ratio": 207.02,
            "debt_ratio": 41.46,
            "inventory_turnover_ratio": null,
            "account_receivable_turnover_ratio": 2.38,
            "reinvestment_rate": -3.98,
            "research_to_sale_ratio": null,
            "price_fair": 286.3,
            "eps_avg_yearly": 8.18,
            "eps_latest_yearly": 23.52,
            "eps_growth_yearly": 259.52
        },
        "20214": {
            "year_quarter": 20214,
            "year": 2021,
            "quarter": 4,
            "eps": 7.63,
            "eps_growth_year": 395.78,
            "eps_4q": 27.74,
            "eps_4q_growth_year": 528.83,
            "roe": 11.61,
            "gross_profit": 2460282,
            "gross_margin": 22.14,
            "net_income": 1111455,
            "revenue": 11113266,
            "common_shares": 1447522,
            "equity": 10213118,
            "current_ratio": 229.94,
            "debt_ratio": 38.49,
            "inventory_turnover_ratio": null,
            "account_receivable_turnover_ratio": 2.2,
            "reinvestment_rate": -2.72,
            "research_to_sale_ratio": null,
            "price_fair": 348.51,
            "eps_avg_yearly": 9.96,
            "eps_latest_yearly": 30.52,
            "eps_growth_yearly": 273.12
        },
        "20221": {
            "year_quarter": 20221,
            "year": 2022,
            "quarter": 1,
            "eps": 6.45,
            "eps_growth_year": 104.11,
            "eps_4q": 31.46,
            "eps_4q_growth_year": 330.98,
            "roe": 8.7,
            "gross_profit": 2274486,
            "gross_margin": 22.42,
            "net_income": 944541,
            "revenue": 10144223,
            "common_shares": 1433912,
            "equity": 11509384,
            "current_ratio": 253.59,
            "debt_ratio": 35,
            "inventory_turnover_ratio": null,
            "account_receivable_turnover_ratio": 2.07,
            "reinvestment_rate": 0.22,
            "research_to_sale_ratio": null,
            "price_fair": 400.23,
            "eps_avg_yearly": 11.44,
            "eps_latest_yearly": 25.8,
            "eps_growth_yearly": 268.29
        },
        "20222": {
            "year_quarter": 20222,
            "year": 2022,
            "quarter": 2,
            "eps": 7.65,
            "eps_growth_year": -42.57,
            "eps_4q": 27.24,
            "eps_4q_growth_year": 48,
            "roe": 10.39,
            "gross_profit": 1473910,
            "gross_margin": 18.41,
            "net_income": 1106329,
            "revenue": 8006341,
            "common_shares": 1433912,
            "equity": 9791617,
            "current_ratio": 193.88,
            "debt_ratio": 45.31,
            "inventory_turnover_ratio": null,
            "account_receivable_turnover_ratio": 1.81,
            "reinvestment_rate": 7.95,
            "research_to_sale_ratio": null,
            "price_fair": 459.9,
            "eps_avg_yearly": 13.14,
            "eps_latest_yearly": 30.6,
            "eps_growth_yearly": 259.52
        },
        "20223": {
            "year_quarter": 20223,
            "year": 2022,
            "quarter": 3,
            "eps": 3.04,
            "eps_growth_year": -48.3,
            "eps_4q": 24.77,
            "eps_4q_growth_year": 15.5,
            "roe": 4.61,
            "gross_profit": 1021571,
            "gross_margin": 17.47,
            "net_income": 456174,
            "revenue": 5847656,
            "common_shares": 1433912,
            "equity": 9986884,
            "current_ratio": 228.78,
            "debt_ratio": 42.79,
            "inventory_turnover_ratio": null,
            "account_receivable_turnover_ratio": 1.59,
            "reinvestment_rate": 7.72,
            "research_to_sale_ratio": null,
            "price_fair": 478.19,
            "eps_avg_yearly": 13.66,
            "eps_latest_yearly": 12.16,
            "eps_growth_yearly": 240.84
        },
        "20224": {
            "year_quarter": 20224,
            "year": 2022,
            "quarter": 4,
            "eps": 0.85,
            "eps_growth_year": -88.86,
            "eps_4q": 18.61,
            "eps_4q_growth_year": -32.93,
            "roe": 1.43,
            "gross_profit": 828148,
            "gross_margin": 19.63,
            "net_income": 135383,
            "revenue": 4219808,
            "common_shares": 1433912,
            "equity": 9007894,
            "current_ratio": 192.33,
            "debt_ratio": 49.11,
            "inventory_turnover_ratio": null,
            "account_receivable_turnover_ratio": 1.46,
            "reinvestment_rate": 7.74,
            "research_to_sale_ratio": null,
            "price_fair": 479.15,
            "eps_avg_yearly": 13.69,
            "eps_latest_yearly": 3.4,
            "eps_growth_yearly": 228.36
        },
        "20231": {
            "year_quarter": 20231,
            "year": 2023,
            "quarter": 1,
            "eps": 1.81,
            "eps_growth_year": -71.94,
            "eps_4q": 13.74,
            "eps_4q_growth_year": -56.33,
            "roe": 3,
            "gross_profit": 780093,
            "gross_margin": 23.17,
            "net_income": 264151,
            "revenue": 3367249,
            "common_shares": 1433912,
            "equity": 8575826,
            "current_ratio": 187.12,
            "debt_ratio": 50.53,
            "inventory_turnover_ratio": null,
            "account_receivable_turnover_ratio": 1.5,
            "reinvestment_rate": 7.37,
            "research_to_sale_ratio": null,
            "price_fair": 492.19,
            "eps_avg_yearly": 14.06,
            "eps_latest_yearly": 7.24,
            "eps_growth_yearly": 270.78
        }
    },
    "months": {
        "2007-04": {
            "month": "2007-04",
            "price": "29.76",
            "revenue": 68357
        },
        "2007-05": {
            "month": "2007-05",
            "price": "29.43",
            "revenue": 93251
        },
        "2007-06": {
            "month": "2007-06",
            "price": "30.94",
            "revenue": 576384
        },
        "2007-07": {
            "month": "2007-07",
            "price": "31.21",
            "revenue": 603413
        },
        "2007-08": {
            "month": "2007-08",
            "price": "32.00",
            "revenue": 538249
        },
        "2007-09": {
            "month": "2007-09",
            "price": "28.56",
            "revenue": 559458
        },
        "2007-10": {
            "month": "2007-10",
            "price": "26.58",
            "revenue": 537296
        },
        "2007-11": {
            "month": "2007-11",
            "price": "25.50",
            "revenue": 520719
        },
        "2007-12": {
            "month": "2007-12",
            "price": "27.47",
            "revenue": 573004
        },
        "2008-01": {
            "month": "2008-01",
            "price": "26.17",
            "revenue": 491225
        },
        "2008-02": {
            "month": "2008-02",
            "price": "24.17",
            "revenue": 338867
        },
        "2008-03": {
            "month": "2008-03",
            "price": "25.60",
            "revenue": 463984
        },
        "2008-04": {
            "month": "2008-04",
            "price": "25.01",
            "revenue": 515177
        },
        "2008-05": {
            "month": "2008-05",
            "price": "24.39",
            "revenue": 477413
        },
        "2008-06": {
            "month": "2008-06",
            "price": "24.14",
            "revenue": 490090
        },
        "2008-07": {
            "month": "2008-07",
            "price": "20.94",
            "revenue": 500563
        },
        "2008-08": {
            "month": "2008-08",
            "price": "20.99",
            "revenue": 506974
        },
        "2008-09": {
            "month": "2008-09",
            "price": "22.60",
            "revenue": 478831
        },
        "2008-10": {
            "month": "2008-10",
            "price": "18.71",
            "revenue": 431237
        },
        "2008-11": {
            "month": "2008-11",
            "price": "16.14",
            "revenue": 375622
        },
        "2008-12": {
            "month": "2008-12",
            "price": "16.48",
            "revenue": 351535
        },
        "2009-01": {
            "month": "2009-01",
            "price": "17.82",
            "revenue": 300612
        },
        "2009-02": {
            "month": "2009-02",
            "price": "18.05",
            "revenue": 179522
        },
        "2009-03": {
            "month": "2009-03",
            "price": "18.60",
            "revenue": 304836
        },
        "2009-04": {
            "month": "2009-04",
            "price": "19.55",
            "revenue": 271334
        },
        "2009-05": {
            "month": "2009-05",
            "price": "18.33",
            "revenue": 290498
        },
        "2009-06": {
            "month": "2009-06",
            "price": "18.65",
            "revenue": 285488
        },
        "2009-07": {
            "month": "2009-07",
            "price": "18.72",
            "revenue": 301294
        },
        "2009-08": {
            "month": "2009-08",
            "price": "18.76",
            "revenue": 317414
        },
        "2009-09": {
            "month": "2009-09",
            "price": "19.18",
            "revenue": 345346
        },
        "2009-10": {
            "month": "2009-10",
            "price": "18.40",
            "revenue": 310412
        },
        "2009-11": {
            "month": "2009-11",
            "price": "17.45",
            "revenue": 346257
        },
        "2009-12": {
            "month": "2009-12",
            "price": "18.76",
            "revenue": 344192
        },
        "2010-01": {
            "month": "2010-01",
            "price": "20.04",
            "revenue": 407259
        },
        "2010-02": {
            "month": "2010-02",
            "price": "19.14",
            "revenue": 331071
        },
        "2010-03": {
            "month": "2010-03",
            "price": "21.82",
            "revenue": 382086
        },
        "2010-04": {
            "month": "2010-04",
            "price": "26.56",
            "revenue": 451984
        },
        "2010-05": {
            "month": "2010-05",
            "price": "25.96",
            "revenue": 471779
        },
        "2010-06": {
            "month": "2010-06",
            "price": "26.74",
            "revenue": 628060
        },
        "2010-07": {
            "month": "2010-07",
            "price": "28.52",
            "revenue": 616552
        },
        "2010-08": {
            "month": "2010-08",
            "price": "28.67",
            "revenue": 631080
        },
        "2010-09": {
            "month": "2010-09",
            "price": "27.49",
            "revenue": 554006
        },
        "2010-10": {
            "month": "2010-10",
            "price": "30.78",
            "revenue": 510573
        },
        "2010-11": {
            "month": "2010-11",
            "price": "30.09",
            "revenue": 447550
        },
        "2010-12": {
            "month": "2010-12",
            "price": "30.91",
            "revenue": 509689
        },
        "2011-01": {
            "month": "2011-01",
            "price": "32.34",
            "revenue": 668002
        },
        "2011-02": {
            "month": "2011-02",
            "price": "31.22",
            "revenue": 490036
        },
        "2011-03": {
            "month": "2011-03",
            "price": "31.10",
            "revenue": 725995
        },
        "2011-04": {
            "month": "2011-04",
            "price": "32.76",
            "revenue": 711035
        },
        "2011-05": {
            "month": "2011-05",
            "price": "32.02",
            "revenue": 808013
        },
        "2011-06": {
            "month": "2011-06",
            "price": "31.99",
            "revenue": 780696
        },
        "2011-07": {
            "month": "2011-07",
            "price": "31.64",
            "revenue": 773596
        },
        "2011-08": {
            "month": "2011-08",
            "price": "30.28",
            "revenue": 713022
        },
        "2011-09": {
            "month": "2011-09",
            "price": "25.88",
            "revenue": 700776
        },
        "2011-10": {
            "month": "2011-10",
            "price": "25.49",
            "revenue": 662820
        },
        "2011-11": {
            "month": "2011-11",
            "price": "26.41",
            "revenue": 637655
        },
        "2011-12": {
            "month": "2011-12",
            "price": "22.08",
            "revenue": 729224
        },
        "2012-01": {
            "month": "2012-01",
            "price": "23.04",
            "revenue": 638352
        },
        "2012-02": {
            "month": "2012-02",
            "price": "25.40",
            "revenue": 520689
        },
        "2012-03": {
            "month": "2012-03",
            "price": "25.84",
            "revenue": 728004
        },
        "2012-04": {
            "month": "2012-04",
            "price": "25.04",
            "revenue": 752585
        },
        "2012-05": {
            "month": "2012-05",
            "price": "21.97",
            "revenue": 765363
        },
        "2012-06": {
            "month": "2012-06",
            "price": "20.65",
            "revenue": 764684
        },
        "2012-07": {
            "month": "2012-07",
            "price": "20.71",
            "revenue": 795003
        },
        "2012-08": {
            "month": "2012-08",
            "price": "21.06",
            "revenue": 786478
        },
        "2012-09": {
            "month": "2012-09",
            "price": "19.93",
            "revenue": 710933
        },
        "2012-10": {
            "month": "2012-10",
            "price": "18.04",
            "revenue": 750886
        },
        "2012-11": {
            "month": "2012-11",
            "price": "17.36",
            "revenue": 715493
        },
        "2012-12": {
            "month": "2012-12",
            "price": "17.95",
            "revenue": 747409
        },
        "2013-01": {
            "month": "2013-01",
            "price": "19.27",
            "revenue": 697147
        },
        "2013-02": {
            "month": "2013-02",
            "price": "19.67",
            "revenue": 476132
        },
        "2013-03": {
            "month": "2013-03",
            "price": "19.54",
            "revenue": 670435
        },
        "2013-04": {
            "month": "2013-04",
            "price": "21.40",
            "revenue": 681010
        },
        "2013-05": {
            "month": "2013-05",
            "price": "19.72",
            "revenue": 737345
        },
        "2013-06": {
            "month": "2013-06",
            "price": "19.11",
            "revenue": 744646
        },
        "2013-07": {
            "month": "2013-07",
            "price": "18.81",
            "revenue": 814332
        },
        "2013-08": {
            "month": "2013-08",
            "price": "20.76",
            "revenue": 711515
        },
        "2013-09": {
            "month": "2013-09",
            "price": "21.83",
            "revenue": 668527
        },
        "2013-10": {
            "month": "2013-10",
            "price": "22.78",
            "revenue": 689052
        },
        "2013-11": {
            "month": "2013-11",
            "price": "24.89",
            "revenue": 679798
        },
        "2013-12": {
            "month": "2013-12",
            "price": "29.19",
            "revenue": 715723
        },
        "2014-01": {
            "month": "2014-01",
            "price": "27.98",
            "revenue": 695413
        },
        "2014-02": {
            "month": "2014-02",
            "price": "26.30",
            "revenue": 586803
        },
        "2014-03": {
            "month": "2014-03",
            "price": "27.28",
            "revenue": 766867
        },
        "2014-04": {
            "month": "2014-04",
            "price": "26.78",
            "revenue": 809740
        },
        "2014-05": {
            "month": "2014-05",
            "price": "24.34",
            "revenue": 795216
        },
        "2014-06": {
            "month": "2014-06",
            "price": "25.35",
            "revenue": 783132
        },
        "2014-07": {
            "month": "2014-07",
            "price": "26.23",
            "revenue": 843821
        },
        "2014-08": {
            "month": "2014-08",
            "price": "25.49",
            "revenue": 867557
        },
        "2014-09": {
            "month": "2014-09",
            "price": "26.57",
            "revenue": 869216
        },
        "2014-10": {
            "month": "2014-10",
            "price": "25.79",
            "revenue": 805372
        },
        "2014-11": {
            "month": "2014-11",
            "price": "27.52",
            "revenue": 909392
        },
        "2014-12": {
            "month": "2014-12",
            "price": "31.96",
            "revenue": 989451
        },
        "2015-01": {
            "month": "2015-01",
            "price": "37.40",
            "revenue": 879323
        },
        "2015-02": {
            "month": "2015-02",
            "price": "35.79",
            "revenue": 819372
        },
        "2015-03": {
            "month": "2015-03",
            "price": "37.04",
            "revenue": 781996
        },
        "2015-04": {
            "month": "2015-04",
            "price": "32.67",
            "revenue": 903862
        },
        "2015-05": {
            "month": "2015-05",
            "price": "30.49",
            "revenue": 814026
        },
        "2015-06": {
            "month": "2015-06",
            "price": "29.80",
            "revenue": 789969
        },
        "2015-07": {
            "month": "2015-07",
            "price": "28.21",
            "revenue": 812370
        },
        "2015-08": {
            "month": "2015-08",
            "price": "25.31",
            "revenue": 824120
        },
        "2015-09": {
            "month": "2015-09",
            "price": "27.76",
            "revenue": 755570
        },
        "2015-10": {
            "month": "2015-10",
            "price": "30.90",
            "revenue": 820558
        },
        "2015-11": {
            "month": "2015-11",
            "price": "30.72",
            "revenue": 757487
        },
        "2015-12": {
            "month": "2015-12",
            "price": "28.81",
            "revenue": 786136
        },
        "2016-01": {
            "month": "2016-01",
            "price": "27.65",
            "revenue": 876538
        },
        "2016-02": {
            "month": "2016-02",
            "price": "27.80",
            "revenue": 578152
        },
        "2016-03": {
            "month": "2016-03",
            "price": "28.59",
            "revenue": 766892
        },
        "2016-04": {
            "month": "2016-04",
            "price": "26.53",
            "revenue": 769673
        },
        "2016-05": {
            "month": "2016-05",
            "price": "23.15",
            "revenue": 774804
        },
        "2016-06": {
            "month": "2016-06",
            "price": "22.99",
            "revenue": 782594
        },
        "2016-07": {
            "month": "2016-07",
            "price": "23.18",
            "revenue": 814379
        },
        "2016-08": {
            "month": "2016-08",
            "price": "21.31",
            "revenue": 857200
        },
        "2016-09": {
            "month": "2016-09",
            "price": "21.71",
            "revenue": 816377
        },
        "2016-10": {
            "month": "2016-10",
            "price": "21.21",
            "revenue": 886847
        },
        "2016-11": {
            "month": "2016-11",
            "price": "20.28",
            "revenue": 925226
        },
        "2016-12": {
            "month": "2016-12",
            "price": "21.14",
            "revenue": 911858
        },
        "2017-01": {
            "month": "2017-01",
            "price": "21.16",
            "revenue": 938886
        },
        "2017-02": {
            "month": "2017-02",
            "price": "21.58",
            "revenue": 594972
        },
        "2017-03": {
            "month": "2017-03",
            "price": "21.56",
            "revenue": 901711
        },
        "2017-04": {
            "month": "2017-04",
            "price": "20.85",
            "revenue": 871393
        },
        "2017-05": {
            "month": "2017-05",
            "price": "21.68",
            "revenue": 904093
        },
        "2017-06": {
            "month": "2017-06",
            "price": "21.81",
            "revenue": 893428
        },
        "2017-07": {
            "month": "2017-07",
            "price": "21.97",
            "revenue": 895982
        },
        "2017-08": {
            "month": "2017-08",
            "price": "23.52",
            "revenue": 917763
        },
        "2017-09": {
            "month": "2017-09",
            "price": "26.08",
            "revenue": 904168
        },
        "2017-10": {
            "month": "2017-10",
            "price": "25.30",
            "revenue": 881872
        },
        "2017-11": {
            "month": "2017-11",
            "price": "23.99",
            "revenue": 930326
        },
        "2017-12": {
            "month": "2017-12",
            "price": "23.03",
            "revenue": 908469
        },
        "2018-01": {
            "month": "2018-01",
            "price": "23.54",
            "revenue": 917523
        },
        "2018-02": {
            "month": "2018-02",
            "price": "22.77",
            "revenue": 714726
        },
        "2018-03": {
            "month": "2018-03",
            "price": "23.33",
            "revenue": 810410
        },
        "2018-04": {
            "month": "2018-04",
            "price": "23.98",
            "revenue": 864213
        },
        "2018-05": {
            "month": "2018-05",
            "price": "23.70",
            "revenue": 965984
        },
        "2018-06": {
            "month": "2018-06",
            "price": "24.09",
            "revenue": 880491
        },
        "2018-07": {
            "month": "2018-07",
            "price": "23.56",
            "revenue": 978468
        },
        "2018-08": {
            "month": "2018-08",
            "price": "24.18",
            "revenue": 1030457
        },
        "2018-09": {
            "month": "2018-09",
            "price": "25.19",
            "revenue": 1073438
        },
        "2018-10": {
            "month": "2018-10",
            "price": "25.36",
            "revenue": 1128044
        },
        "2018-11": {
            "month": "2018-11",
            "price": "24.72",
            "revenue": 1203768
        },
        "2018-12": {
            "month": "2018-12",
            "price": "24.79",
            "revenue": 995804
        },
        "2019-01": {
            "month": "2019-01",
            "price": "24.57",
            "revenue": 1060519
        },
        "2019-02": {
            "month": "2019-02",
            "price": "25.36",
            "revenue": 597315
        },
        "2019-03": {
            "month": "2019-03",
            "price": "25.96",
            "revenue": 922955
        },
        "2019-04": {
            "month": "2019-04",
            "price": "27.64",
            "revenue": 931237
        },
        "2019-05": {
            "month": "2019-05",
            "price": "25.85",
            "revenue": 939135
        },
        "2019-06": {
            "month": "2019-06",
            "price": "25.59",
            "revenue": 948040
        },
        "2019-07": {
            "month": "2019-07",
            "price": "25.63",
            "revenue": 971997
        },
        "2019-08": {
            "month": "2019-08",
            "price": "23.50",
            "revenue": 965366
        },
        "2019-09": {
            "month": "2019-09",
            "price": "23.99",
            "revenue": 925336
        },
        "2019-10": {
            "month": "2019-10",
            "price": "23.55",
            "revenue": 1036081
        },
        "2019-11": {
            "month": "2019-11",
            "price": "23.91",
            "revenue": 995203
        },
        "2019-12": {
            "month": "2019-12",
            "price": "24.02",
            "revenue": 999785
        },
        "2020-01": {
            "month": "2020-01",
            "price": "23.93",
            "revenue": 975038
        },
        "2020-02": {
            "month": "2020-02",
            "price": "23.00",
            "revenue": 496213
        },
        "2020-03": {
            "month": "2020-03",
            "price": "20.31",
            "revenue": 1056161
        },
        "2020-04": {
            "month": "2020-04",
            "price": "20.90",
            "revenue": 1255540
        },
        "2020-05": {
            "month": "2020-05",
            "price": "23.07",
            "revenue": 1461760
        },
        "2020-06": {
            "month": "2020-06",
            "price": "26.78",
            "revenue": 1158478
        },
        "2020-07": {
            "month": "2020-07",
            "price": "29.13",
            "revenue": 1219738
        },
        "2020-08": {
            "month": "2020-08",
            "price": "31.19",
            "revenue": 1265456
        },
        "2020-09": {
            "month": "2020-09",
            "price": "35.80",
            "revenue": 1398769
        },
        "2020-10": {
            "month": "2020-10",
            "price": "37.21",
            "revenue": 1448297
        },
        "2020-11": {
            "month": "2020-11",
            "price": "37.85",
            "revenue": 1595921
        },
        "2020-12": {
            "month": "2020-12",
            "price": "39.43",
            "revenue": 1821095
        },
        "2021-01": {
            "month": "2021-01",
            "price": "39.28",
            "revenue": 2204913
        },
        "2021-02": {
            "month": "2021-02",
            "price": "40.26",
            "revenue": 1841294
        },
        "2021-03": {
            "month": "2021-03",
            "price": "49.87",
            "revenue": 1846587
        },
        "2021-04": {
            "month": "2021-04",
            "price": "60.72",
            "revenue": 2061018
        },
        "2021-05": {
            "month": "2021-05",
            "price": "75.00",
            "revenue": 2660891
        },
        "2021-06": {
            "month": "2021-06",
            "price": "169.24",
            "revenue": 3148014
        },
        "2021-07": {
            "month": "2021-07",
            "price": "244.30",
            "revenue": 3366984
        },
        "2021-08": {
            "month": "2021-08",
            "price": "181.57",
            "revenue": 3693850
        },
        "2021-09": {
            "month": "2021-09",
            "price": "153.75",
            "revenue": 4099402
        },
        "2021-10": {
            "month": "2021-10",
            "price": "129.18",
            "revenue": 3981104
        },
        "2021-11": {
            "month": "2021-11",
            "price": "135.23",
            "revenue": 3679859
        },
        "2021-12": {
            "month": "2021-12",
            "price": "139.14",
            "revenue": 3457329
        },
        "2022-01": {
            "month": "2022-01",
            "price": "124.97",
            "revenue": 4012471
        },
        "2022-02": {
            "month": "2022-02",
            "price": "127.20",
            "revenue": 2840779
        },
        "2022-03": {
            "month": "2022-03",
            "price": "134.33",
            "revenue": 3297021
        },
        "2022-04": {
            "month": "2022-04",
            "price": "120.03",
            "revenue": 2682660
        },
        "2022-05": {
            "month": "2022-05",
            "price": "121.52",
            "revenue": 2952305
        },
        "2022-06": {
            "month": "2022-06",
            "price": "106.71",
            "revenue": 2363319
        },
        "2022-07": {
            "month": "2022-07",
            "price": "83.61",
            "revenue": 2237452
        },
        "2022-08": {
            "month": "2022-08",
            "price": "84.77",
            "revenue": 1996021
        },
        "2022-09": {
            "month": "2022-09",
            "price": "70.40",
            "revenue": 1612852
        },
        "2022-10": {
            "month": "2022-10",
            "price": "62.60",
            "revenue": 1582411
        },
        "2022-11": {
            "month": "2022-11",
            "price": "71.35",
            "revenue": 1411900
        },
        "2022-12": {
            "month": "2022-12",
            "price": "75.10",
            "revenue": 1227161
        },
        "2023-01": {
            "month": "2023-01",
            "price": "66.28",
            "revenue": 1191886
        },
        "2023-02": {
            "month": "2023-02",
            "price": "66.99",
            "revenue": 977708
        },
        "2023-03": {
            "month": "2023-03",
            "price": "75.64",
            "revenue": 1196709
        },
        "2023-04": {
            "month": "2023-04",
            "price": "77.75",
            "revenue": 1101298
        }
    }
}
