{
    "summary": {
        "stock_name": "慧洋-KY",
        "stock_id": "2637",
        "category": "航運",
        "main_business": "國際海上運輸業務<br>船舶相關管理、維護及服務業務<br>船舶租賃業務、船務代理業務",
        "website_url": "http://www.wisdomlines.com.tw",
        "ceo": "藍俊昇",
        "pe_ratio": 6,
        "report_year_from": 2008,
        "report_year_to": 2023,
        "age": 15,
        "eps_negative_percentage": 0,
        "eps_growth_avg": {
            "last_all": 3.28,
            "last_2y": 10.72,
            "last_4y": 29.8,
            "last_8y": 6.8,
            "last_12y": 3.28,
            "last_16y": null,
            "last_20y": null,
            "at_2006_last_3y": null,
            "at_2007_last_3y": null,
            "at_2008_last_3y": null,
            "at_2009_last_3y": null,
            "at_2010_last_3y": null,
            "at_2011_last_3y": null,
            "at_2012_last_3y": null,
            "at_2013_last_3y": -4.63,
            "at_2014_last_3y": 16.25,
            "at_2015_last_3y": -4.14,
            "at_2016_last_3y": -12.59,
            "at_2017_last_3y": -21.96,
            "at_2018_last_3y": 0.46,
            "at_2019_last_3y": 0.06,
            "at_2020_last_3y": -13.51,
            "at_2021_last_3y": 30.17,
            "at_2022_last_3y": 12.25,
            "at_2023_last_3y": 12.25,
            "at_2006_last_all": null,
            "at_2007_last_all": null,
            "at_2008_last_all": null,
            "at_2009_last_all": null,
            "at_2010_last_all": null,
            "at_2011_last_all": 13.41,
            "at_2012_last_all": 6.24,
            "at_2013_last_all": -4.63,
            "at_2014_last_all": -1.64,
            "at_2015_last_all": 1.71,
            "at_2016_last_all": -4.52,
            "at_2017_last_all": -13.29,
            "at_2018_last_all": -0.71,
            "at_2019_last_all": 1.05,
            "at_2020_last_all": -7.79,
            "at_2021_last_all": 1.19,
            "at_2022_last_all": 3.28,
            "at_2023_last_all": 3.28
        },
        "latest_eps": 6.74,
        "latest_price": 43.1,
        "latest_roe": 11.42,
        "latest_gross_margin": 26.59,
        "latest_equity": 45117259,
        "latest_revenue": 4723426,
        "latest_gross_profit": 1255846,
        "latest_net_income": 1532358,
        "latest_debt_ratio": 50.12,
        "latest_current_ratio": 49.45,
        "latest_account_receivable_turnover_ratio": 42.55,
        "latest_inventory_turnover_ratio": 22.93,
        "latest_reinvestment_rate": -22.83,
        "latest_research_to_sale_ratio": null
    },
    "eps_dividends": {
        "2001": {
            "cash": 0,
            "stock": 0,
            "eps": 0
        },
        "2002": {
            "cash": 0,
            "stock": 0,
            "eps": 0
        },
        "2003": {
            "cash": 0,
            "stock": 0,
            "eps": 0
        },
        "2004": {
            "cash": 0,
            "stock": 0,
            "eps": 0
        },
        "2005": {
            "cash": 0,
            "stock": 0,
            "eps": 0
        },
        "2006": {
            "cash": 0,
            "stock": 0,
            "eps": 0
        },
        "2007": {
            "cash": 0,
            "stock": 0,
            "eps": 0
        },
        "2008": {
            "cash": 0,
            "stock": 0,
            "eps": 0
        },
        "2009": {
            "cash": 0,
            "stock": 0,
            "eps": 8.8
        },
        "2010": {
            "cash": 1.5,
            "stock": 1,
            "eps": 2.36
        },
        "2011": {
            "cash": 3,
            "stock": 2,
            "eps": 6.05
        },
        "2012": {
            "cash": 0,
            "stock": 0,
            "eps": 5.56
        },
        "2013": {
            "cash": 1.75,
            "stock": 0.5,
            "eps": 3.49
        },
        "2014": {
            "cash": 2,
            "stock": 0.25,
            "eps": 3.85
        },
        "2015": {
            "cash": 3,
            "stock": 0,
            "eps": 4.56
        },
        "2016": {
            "cash": 2.5,
            "stock": 0,
            "eps": 2.65
        },
        "2017": {
            "cash": 1,
            "stock": 0.5,
            "eps": 0.67
        },
        "2018": {
            "cash": 1,
            "stock": 0,
            "eps": 2.91
        },
        "2019": {
            "cash": 1.5,
            "stock": 0,
            "eps": 3.4
        },
        "2020": {
            "cash": 1.5,
            "stock": 0.25,
            "eps": 0.13
        },
        "2021": {
            "cash": 1.5,
            "stock": 0,
            "eps": 11.04
        },
        "2022": {
            "cash": 5.5,
            "stock": 0,
            "eps": 14.17
        },
        "2023": {
            "cash": 6.5,
            "stock": 0,
            "eps": 1.87
        }
    },
    "dividends": {
        "2010-03-25": {
            "cash": 1.5,
            "stock": 1
        },
        "2011-01-01": {
            "cash": 1.5,
            "stock": 1
        },
        "2011-04-22": {
            "cash": 1.5,
            "stock": 1
        },
        "2013-04-23": {
            "cash": 1.75,
            "stock": 0.5
        },
        "2014-08-21": {
            "cash": 2,
            "stock": 0.25
        },
        "2015-07-20": {
            "cash": 3,
            "stock": 0
        },
        "2016-07-19": {
            "cash": 2.5,
            "stock": 0
        },
        "2017-08-25": {
            "cash": 1,
            "stock": 0.5
        },
        "2018-10-08": {
            "cash": 1,
            "stock": 0
        },
        "2019-08-28": {
            "cash": 1.5,
            "stock": 0
        },
        "2020-07-31": {
            "cash": 1.5,
            "stock": 0.25
        },
        "2021-08-13": {
            "cash": 1.5,
            "stock": 0
        },
        "2022-07-01": {
            "cash": 5.5,
            "stock": 0
        },
        "2023-06-28": {
            "cash": 6.5,
            "stock": 0
        }
    },
    "prices": {
        "200101": "無",
        "200102": "無",
        "200103": "無",
        "200104": "無",
        "200105": "無",
        "200106": "無",
        "200107": "無",
        "200108": "無",
        "200109": "無",
        "200110": "無",
        "200111": "無",
        "200112": "無",
        "200201": "無",
        "200202": "無",
        "200203": "無",
        "200204": "無",
        "200205": "無",
        "200206": "無",
        "200207": "無",
        "200208": "無",
        "200209": "無",
        "200210": "無",
        "200211": "無",
        "200212": "無",
        "200301": "無",
        "200302": "無",
        "200303": "無",
        "200304": "無",
        "200305": "無",
        "200306": "無",
        "200307": "無",
        "200308": "無",
        "200309": "無",
        "200310": "無",
        "200311": "無",
        "200312": "無",
        "200401": "無",
        "200402": "無",
        "200403": "無",
        "200404": "無",
        "200405": "無",
        "200406": "無",
        "200407": "無",
        "200408": "無",
        "200409": "無",
        "200410": "無",
        "200411": "無",
        "200412": "無",
        "200501": "無",
        "200502": "無",
        "200503": "無",
        "200504": "無",
        "200505": "無",
        "200506": "無",
        "200507": "無",
        "200508": "無",
        "200509": "無",
        "200510": "無",
        "200511": "無",
        "200512": "無",
        "200601": "無",
        "200602": "無",
        "200603": "無",
        "200604": "無",
        "200605": "無",
        "200606": "無",
        "200607": "無",
        "200608": "無",
        "200609": "無",
        "200610": "無",
        "200611": "無",
        "200612": "無",
        "200701": "無",
        "200702": "無",
        "200703": "無",
        "200704": "無",
        "200705": "無",
        "200706": "無",
        "200707": "無",
        "200708": "無",
        "200709": "無",
        "200710": "無",
        "200711": "無",
        "200712": "無",
        "200801": "無",
        "200802": "無",
        "200803": "無",
        "200804": "無",
        "200805": "無",
        "200806": "無",
        "200807": "無",
        "200808": "無",
        "200809": "無",
        "200810": "無",
        "200811": "無",
        "200812": "無",
        "200901": "無",
        "200902": "無",
        "200903": "無",
        "200904": "無",
        "200905": "無",
        "200906": "無",
        "200907": "無",
        "200908": "35.75",
        "200909": "45.22",
        "200910": "45.36",
        "200911": "43.84",
        "200912": "41.34",
        "201001": "41.40",
        "201002": "43.01",
        "201003": "43.35",
        "201004": "44.69",
        "201005": "45.75",
        "201006": "45.32",
        "201007": "45.16",
        "201008": "44.22",
        "201009": "43.27",
        "201010": "41.81",
        "201011": "40.58",
        "201012": "38.99",
        "201101": "39.25",
        "201102": "42.57",
        "201103": "42.12",
        "201104": "42.87",
        "201105": "44.49",
        "201106": "43.45",
        "201107": "43.24",
        "201108": "40.66",
        "201109": "38.45",
        "201110": "37.62",
        "201111": "36.27",
        "201112": "36.87",
        "201201": "38.09",
        "201202": "39.92",
        "201203": "43.72",
        "201204": "43.05",
        "201205": "42.17",
        "201206": "41.02",
        "201207": "43.06",
        "201208": "40.92",
        "201209": "40.12",
        "201210": "39.05",
        "201211": "38.47",
        "201212": "39.74",
        "201301": "41.41",
        "201302": "41.72",
        "201303": "40.67",
        "201304": "40.32",
        "201305": "39.54",
        "201306": "38.11",
        "201307": "39.00",
        "201308": "37.57",
        "201309": "37.50",
        "201310": "36.48",
        "201311": "34.25",
        "201312": "33.69",
        "201401": "34.35",
        "201402": "34.44",
        "201403": "35.13",
        "201404": "36.63",
        "201405": "36.45",
        "201406": "36.85",
        "201407": "36.91",
        "201408": "34.89",
        "201409": "35.72",
        "201410": "34.93",
        "201411": "34.98",
        "201412": "35.90",
        "201501": "37.63",
        "201502": "37.16",
        "201503": "37.98",
        "201504": "39.91",
        "201505": "41.09",
        "201506": "41.18",
        "201507": "37.96",
        "201508": "37.29",
        "201509": "37.74",
        "201510": "37.36",
        "201511": "36.39",
        "201512": "35.88",
        "201601": "35.72",
        "201602": "36.10",
        "201603": "37.03",
        "201604": "37.14",
        "201605": "36.50",
        "201606": "36.41",
        "201607": "33.87",
        "201608": "32.54",
        "201609": "31.96",
        "201610": "29.19",
        "201611": "29.57",
        "201612": "30.63",
        "201701": "30.71",
        "201702": "32.00",
        "201703": "33.18",
        "201704": "32.92",
        "201705": "31.43",
        "201706": "30.27",
        "201707": "30.42",
        "201708": "29.03",
        "201709": "28.42",
        "201710": "27.01",
        "201711": "27.87",
        "201712": "28.94",
        "201801": "29.18",
        "201802": "27.93",
        "201803": "27.89",
        "201804": "27.90",
        "201805": "29.01",
        "201806": "29.10",
        "201807": "29.33",
        "201808": "30.47",
        "201809": "29.74",
        "201810": "30.34",
        "201811": "28.64",
        "201812": "29.19",
        "201901": "29.17",
        "201902": "29.03",
        "201903": "29.78",
        "201904": "29.48",
        "201905": "29.63",
        "201906": "30.20",
        "201907": "32.91",
        "201908": "31.18",
        "201909": "31.20",
        "201910": "30.55",
        "201911": "29.85",
        "201912": "29.52",
        "202001": "29.00",
        "202002": "27.57",
        "202003": "23.64",
        "202004": "23.45",
        "202005": "23.82",
        "202006": "24.15",
        "202007": "22.96",
        "202008": "22.51",
        "202009": "22.33",
        "202010": "21.85",
        "202011": "21.87",
        "202012": "23.40",
        "202101": "25.08",
        "202102": "25.97",
        "202103": "30.48",
        "202104": "48.36",
        "202105": "65.90",
        "202106": "82.56",
        "202107": "88.93",
        "202108": "81.61",
        "202109": "79.58",
        "202110": "69.40",
        "202111": "70.93",
        "202112": "78.26",
        "202201": "78.16",
        "202202": "86.19",
        "202203": "90.03",
        "202204": "91.34",
        "202205": "97.55",
        "202206": "82.40",
        "202207": "66.35",
        "202208": "65.62",
        "202209": "55.36",
        "202210": "54.60",
        "202211": "57.29",
        "202212": "61.53",
        "202301": "60.09",
        "202302": "61.98",
        "202303": "66.82",
        "202304": "64.15",
        "202305": "61.21",
        "202306": "50.13",
        "202307": "46.63",
        "202308": "45.09",
        "202309": "47.96",
        "202310": "45.96"
    },
    "quarters": {
        "20011": {
            "year_quarter": 20011,
            "year": 2001,
            "quarter": 1,
            "eps": null,
            "eps_growth_year": null,
            "eps_4q": null,
            "eps_4q_growth_year": null,
            "roe": null,
            "roe_4q": 0,
            "gross_profit": null,
            "gross_margin": null,
            "gross_margin_4q_avg": 0,
            "net_income": null,
            "net_income_4q": null,
            "revenue": null,
            "revenue_4q": null,
            "common_shares": null,
            "book_valuer_per_share": null,
            "book_valuer_per_share_4q_avg": 0,
            "equity": null,
            "current_ratio": null,
            "debt_ratio": null,
            "inventory_turnover_ratio": null,
            "account_receivable_turnover_ratio": null,
            "reinvestment_rate": null,
            "research_to_sale_ratio": null,
            "price_fair": 0,
            "eps_avg_yearly": 0,
            "eps_latest_yearly": 0,
            "eps_growth_yearly": 0
        },
        "20012": {
            "year_quarter": 20012,
            "year": 2001,
            "quarter": 2,
            "eps": null,
            "eps_growth_year": null,
            "eps_4q": null,
            "eps_4q_growth_year": null,
            "roe": null,
            "roe_4q": 0,
            "gross_profit": null,
            "gross_margin": null,
            "gross_margin_4q_avg": 0,
            "net_income": null,
            "net_income_4q": null,
            "revenue": null,
            "revenue_4q": null,
            "common_shares": null,
            "book_valuer_per_share": null,
            "book_valuer_per_share_4q_avg": 0,
            "equity": null,
            "current_ratio": null,
            "debt_ratio": null,
            "inventory_turnover_ratio": null,
            "account_receivable_turnover_ratio": null,
            "reinvestment_rate": null,
            "research_to_sale_ratio": null,
            "price_fair": 0,
            "eps_avg_yearly": 0,
            "eps_latest_yearly": 0,
            "eps_growth_yearly": 0
        },
        "20013": {
            "year_quarter": 20013,
            "year": 2001,
            "quarter": 3,
            "eps": null,
            "eps_growth_year": null,
            "eps_4q": null,
            "eps_4q_growth_year": null,
            "roe": null,
            "roe_4q": 0,
            "gross_profit": null,
            "gross_margin": null,
            "gross_margin_4q_avg": 0,
            "net_income": null,
            "net_income_4q": null,
            "revenue": null,
            "revenue_4q": null,
            "common_shares": null,
            "book_valuer_per_share": null,
            "book_valuer_per_share_4q_avg": 0,
            "equity": null,
            "current_ratio": null,
            "debt_ratio": null,
            "inventory_turnover_ratio": null,
            "account_receivable_turnover_ratio": null,
            "reinvestment_rate": null,
            "research_to_sale_ratio": null,
            "price_fair": 0,
            "eps_avg_yearly": 0,
            "eps_latest_yearly": 0,
            "eps_growth_yearly": 0
        },
        "20014": {
            "year_quarter": 20014,
            "year": 2001,
            "quarter": 4,
            "eps": null,
            "eps_growth_year": null,
            "eps_4q": null,
            "eps_4q_growth_year": null,
            "roe": null,
            "roe_4q": 0,
            "gross_profit": null,
            "gross_margin": null,
            "gross_margin_4q_avg": 0,
            "net_income": null,
            "net_income_4q": null,
            "revenue": null,
            "revenue_4q": null,
            "common_shares": null,
            "book_valuer_per_share": null,
            "book_valuer_per_share_4q_avg": 0,
            "equity": null,
            "current_ratio": null,
            "debt_ratio": null,
            "inventory_turnover_ratio": null,
            "account_receivable_turnover_ratio": null,
            "reinvestment_rate": null,
            "research_to_sale_ratio": null,
            "price_fair": 0,
            "eps_avg_yearly": 0,
            "eps_latest_yearly": 0,
            "eps_growth_yearly": 0
        },
        "20021": {
            "year_quarter": 20021,
            "year": 2002,
            "quarter": 1,
            "eps": null,
            "eps_growth_year": null,
            "eps_4q": null,
            "eps_4q_growth_year": null,
            "roe": null,
            "roe_4q": 0,
            "gross_profit": null,
            "gross_margin": null,
            "gross_margin_4q_avg": 0,
            "net_income": null,
            "net_income_4q": null,
            "revenue": null,
            "revenue_4q": null,
            "common_shares": null,
            "book_valuer_per_share": null,
            "book_valuer_per_share_4q_avg": 0,
            "equity": null,
            "current_ratio": null,
            "debt_ratio": null,
            "inventory_turnover_ratio": null,
            "account_receivable_turnover_ratio": null,
            "reinvestment_rate": null,
            "research_to_sale_ratio": null,
            "price_fair": 0,
            "eps_avg_yearly": 0,
            "eps_latest_yearly": 0,
            "eps_growth_yearly": 0
        },
        "20022": {
            "year_quarter": 20022,
            "year": 2002,
            "quarter": 2,
            "eps": null,
            "eps_growth_year": null,
            "eps_4q": null,
            "eps_4q_growth_year": null,
            "roe": null,
            "roe_4q": 0,
            "gross_profit": null,
            "gross_margin": null,
            "gross_margin_4q_avg": 0,
            "net_income": null,
            "net_income_4q": null,
            "revenue": null,
            "revenue_4q": null,
            "common_shares": null,
            "book_valuer_per_share": null,
            "book_valuer_per_share_4q_avg": 0,
            "equity": null,
            "current_ratio": null,
            "debt_ratio": null,
            "inventory_turnover_ratio": null,
            "account_receivable_turnover_ratio": null,
            "reinvestment_rate": null,
            "research_to_sale_ratio": null,
            "price_fair": 0,
            "eps_avg_yearly": 0,
            "eps_latest_yearly": 0,
            "eps_growth_yearly": 0
        },
        "20023": {
            "year_quarter": 20023,
            "year": 2002,
            "quarter": 3,
            "eps": null,
            "eps_growth_year": null,
            "eps_4q": null,
            "eps_4q_growth_year": null,
            "roe": null,
            "roe_4q": 0,
            "gross_profit": null,
            "gross_margin": null,
            "gross_margin_4q_avg": 0,
            "net_income": null,
            "net_income_4q": null,
            "revenue": null,
            "revenue_4q": null,
            "common_shares": null,
            "book_valuer_per_share": null,
            "book_valuer_per_share_4q_avg": 0,
            "equity": null,
            "current_ratio": null,
            "debt_ratio": null,
            "inventory_turnover_ratio": null,
            "account_receivable_turnover_ratio": null,
            "reinvestment_rate": null,
            "research_to_sale_ratio": null,
            "price_fair": 0,
            "eps_avg_yearly": 0,
            "eps_latest_yearly": 0,
            "eps_growth_yearly": 0
        },
        "20024": {
            "year_quarter": 20024,
            "year": 2002,
            "quarter": 4,
            "eps": null,
            "eps_growth_year": null,
            "eps_4q": null,
            "eps_4q_growth_year": null,
            "roe": null,
            "roe_4q": 0,
            "gross_profit": null,
            "gross_margin": null,
            "gross_margin_4q_avg": 0,
            "net_income": null,
            "net_income_4q": null,
            "revenue": null,
            "revenue_4q": null,
            "common_shares": null,
            "book_valuer_per_share": null,
            "book_valuer_per_share_4q_avg": 0,
            "equity": null,
            "current_ratio": null,
            "debt_ratio": null,
            "inventory_turnover_ratio": null,
            "account_receivable_turnover_ratio": null,
            "reinvestment_rate": null,
            "research_to_sale_ratio": null,
            "price_fair": 0,
            "eps_avg_yearly": 0,
            "eps_latest_yearly": 0,
            "eps_growth_yearly": 0
        },
        "20031": {
            "year_quarter": 20031,
            "year": 2003,
            "quarter": 1,
            "eps": null,
            "eps_growth_year": null,
            "eps_4q": null,
            "eps_4q_growth_year": null,
            "roe": null,
            "roe_4q": 0,
            "gross_profit": null,
            "gross_margin": null,
            "gross_margin_4q_avg": 0,
            "net_income": null,
            "net_income_4q": null,
            "revenue": null,
            "revenue_4q": null,
            "common_shares": null,
            "book_valuer_per_share": null,
            "book_valuer_per_share_4q_avg": 0,
            "equity": null,
            "current_ratio": null,
            "debt_ratio": null,
            "inventory_turnover_ratio": null,
            "account_receivable_turnover_ratio": null,
            "reinvestment_rate": null,
            "research_to_sale_ratio": null,
            "price_fair": 0,
            "eps_avg_yearly": 0,
            "eps_latest_yearly": 0,
            "eps_growth_yearly": 0
        },
        "20032": {
            "year_quarter": 20032,
            "year": 2003,
            "quarter": 2,
            "eps": null,
            "eps_growth_year": null,
            "eps_4q": null,
            "eps_4q_growth_year": null,
            "roe": null,
            "roe_4q": 0,
            "gross_profit": null,
            "gross_margin": null,
            "gross_margin_4q_avg": 0,
            "net_income": null,
            "net_income_4q": null,
            "revenue": null,
            "revenue_4q": null,
            "common_shares": null,
            "book_valuer_per_share": null,
            "book_valuer_per_share_4q_avg": 0,
            "equity": null,
            "current_ratio": null,
            "debt_ratio": null,
            "inventory_turnover_ratio": null,
            "account_receivable_turnover_ratio": null,
            "reinvestment_rate": null,
            "research_to_sale_ratio": null,
            "price_fair": 0,
            "eps_avg_yearly": 0,
            "eps_latest_yearly": 0,
            "eps_growth_yearly": 0
        },
        "20033": {
            "year_quarter": 20033,
            "year": 2003,
            "quarter": 3,
            "eps": null,
            "eps_growth_year": null,
            "eps_4q": null,
            "eps_4q_growth_year": null,
            "roe": null,
            "roe_4q": 0,
            "gross_profit": null,
            "gross_margin": null,
            "gross_margin_4q_avg": 0,
            "net_income": null,
            "net_income_4q": null,
            "revenue": null,
            "revenue_4q": null,
            "common_shares": null,
            "book_valuer_per_share": null,
            "book_valuer_per_share_4q_avg": 0,
            "equity": null,
            "current_ratio": null,
            "debt_ratio": null,
            "inventory_turnover_ratio": null,
            "account_receivable_turnover_ratio": null,
            "reinvestment_rate": null,
            "research_to_sale_ratio": null,
            "price_fair": 0,
            "eps_avg_yearly": 0,
            "eps_latest_yearly": 0,
            "eps_growth_yearly": 0
        },
        "20034": {
            "year_quarter": 20034,
            "year": 2003,
            "quarter": 4,
            "eps": null,
            "eps_growth_year": null,
            "eps_4q": null,
            "eps_4q_growth_year": null,
            "roe": null,
            "roe_4q": 0,
            "gross_profit": null,
            "gross_margin": null,
            "gross_margin_4q_avg": 0,
            "net_income": null,
            "net_income_4q": null,
            "revenue": null,
            "revenue_4q": null,
            "common_shares": null,
            "book_valuer_per_share": null,
            "book_valuer_per_share_4q_avg": 0,
            "equity": null,
            "current_ratio": null,
            "debt_ratio": null,
            "inventory_turnover_ratio": null,
            "account_receivable_turnover_ratio": null,
            "reinvestment_rate": null,
            "research_to_sale_ratio": null,
            "price_fair": 0,
            "eps_avg_yearly": 0,
            "eps_latest_yearly": 0,
            "eps_growth_yearly": 0
        },
        "20041": {
            "year_quarter": 20041,
            "year": 2004,
            "quarter": 1,
            "eps": null,
            "eps_growth_year": null,
            "eps_4q": null,
            "eps_4q_growth_year": null,
            "roe": null,
            "roe_4q": 0,
            "gross_profit": null,
            "gross_margin": null,
            "gross_margin_4q_avg": 0,
            "net_income": null,
            "net_income_4q": null,
            "revenue": null,
            "revenue_4q": null,
            "common_shares": null,
            "book_valuer_per_share": null,
            "book_valuer_per_share_4q_avg": 0,
            "equity": null,
            "current_ratio": null,
            "debt_ratio": null,
            "inventory_turnover_ratio": null,
            "account_receivable_turnover_ratio": null,
            "reinvestment_rate": null,
            "research_to_sale_ratio": null,
            "price_fair": 0,
            "eps_avg_yearly": 0,
            "eps_latest_yearly": 0,
            "eps_growth_yearly": 0
        },
        "20042": {
            "year_quarter": 20042,
            "year": 2004,
            "quarter": 2,
            "eps": null,
            "eps_growth_year": null,
            "eps_4q": null,
            "eps_4q_growth_year": null,
            "roe": null,
            "roe_4q": 0,
            "gross_profit": null,
            "gross_margin": null,
            "gross_margin_4q_avg": 0,
            "net_income": null,
            "net_income_4q": null,
            "revenue": null,
            "revenue_4q": null,
            "common_shares": null,
            "book_valuer_per_share": null,
            "book_valuer_per_share_4q_avg": 0,
            "equity": null,
            "current_ratio": null,
            "debt_ratio": null,
            "inventory_turnover_ratio": null,
            "account_receivable_turnover_ratio": null,
            "reinvestment_rate": null,
            "research_to_sale_ratio": null,
            "price_fair": 0,
            "eps_avg_yearly": 0,
            "eps_latest_yearly": 0,
            "eps_growth_yearly": 0
        },
        "20043": {
            "year_quarter": 20043,
            "year": 2004,
            "quarter": 3,
            "eps": null,
            "eps_growth_year": null,
            "eps_4q": null,
            "eps_4q_growth_year": null,
            "roe": null,
            "roe_4q": 0,
            "gross_profit": null,
            "gross_margin": null,
            "gross_margin_4q_avg": 0,
            "net_income": null,
            "net_income_4q": null,
            "revenue": null,
            "revenue_4q": null,
            "common_shares": null,
            "book_valuer_per_share": null,
            "book_valuer_per_share_4q_avg": 0,
            "equity": null,
            "current_ratio": null,
            "debt_ratio": null,
            "inventory_turnover_ratio": null,
            "account_receivable_turnover_ratio": null,
            "reinvestment_rate": null,
            "research_to_sale_ratio": null,
            "price_fair": 0,
            "eps_avg_yearly": 0,
            "eps_latest_yearly": 0,
            "eps_growth_yearly": 0
        },
        "20044": {
            "year_quarter": 20044,
            "year": 2004,
            "quarter": 4,
            "eps": null,
            "eps_growth_year": null,
            "eps_4q": null,
            "eps_4q_growth_year": null,
            "roe": null,
            "roe_4q": 0,
            "gross_profit": null,
            "gross_margin": null,
            "gross_margin_4q_avg": 0,
            "net_income": null,
            "net_income_4q": null,
            "revenue": null,
            "revenue_4q": null,
            "common_shares": null,
            "book_valuer_per_share": null,
            "book_valuer_per_share_4q_avg": 0,
            "equity": null,
            "current_ratio": null,
            "debt_ratio": null,
            "inventory_turnover_ratio": null,
            "account_receivable_turnover_ratio": null,
            "reinvestment_rate": null,
            "research_to_sale_ratio": null,
            "price_fair": 0,
            "eps_avg_yearly": 0,
            "eps_latest_yearly": 0,
            "eps_growth_yearly": 0
        },
        "20051": {
            "year_quarter": 20051,
            "year": 2005,
            "quarter": 1,
            "eps": null,
            "eps_growth_year": null,
            "eps_4q": null,
            "eps_4q_growth_year": null,
            "roe": null,
            "roe_4q": 0,
            "gross_profit": null,
            "gross_margin": null,
            "gross_margin_4q_avg": 0,
            "net_income": null,
            "net_income_4q": null,
            "revenue": null,
            "revenue_4q": null,
            "common_shares": null,
            "book_valuer_per_share": null,
            "book_valuer_per_share_4q_avg": 0,
            "equity": null,
            "current_ratio": null,
            "debt_ratio": null,
            "inventory_turnover_ratio": null,
            "account_receivable_turnover_ratio": null,
            "reinvestment_rate": null,
            "research_to_sale_ratio": null,
            "price_fair": 0,
            "eps_avg_yearly": 0,
            "eps_latest_yearly": 0,
            "eps_growth_yearly": 0
        },
        "20052": {
            "year_quarter": 20052,
            "year": 2005,
            "quarter": 2,
            "eps": null,
            "eps_growth_year": null,
            "eps_4q": null,
            "eps_4q_growth_year": null,
            "roe": null,
            "roe_4q": 0,
            "gross_profit": null,
            "gross_margin": null,
            "gross_margin_4q_avg": 0,
            "net_income": null,
            "net_income_4q": null,
            "revenue": null,
            "revenue_4q": null,
            "common_shares": null,
            "book_valuer_per_share": null,
            "book_valuer_per_share_4q_avg": 0,
            "equity": null,
            "current_ratio": null,
            "debt_ratio": null,
            "inventory_turnover_ratio": null,
            "account_receivable_turnover_ratio": null,
            "reinvestment_rate": null,
            "research_to_sale_ratio": null,
            "price_fair": 0,
            "eps_avg_yearly": 0,
            "eps_latest_yearly": 0,
            "eps_growth_yearly": 0
        },
        "20053": {
            "year_quarter": 20053,
            "year": 2005,
            "quarter": 3,
            "eps": null,
            "eps_growth_year": null,
            "eps_4q": null,
            "eps_4q_growth_year": null,
            "roe": null,
            "roe_4q": 0,
            "gross_profit": null,
            "gross_margin": null,
            "gross_margin_4q_avg": 0,
            "net_income": null,
            "net_income_4q": null,
            "revenue": null,
            "revenue_4q": null,
            "common_shares": null,
            "book_valuer_per_share": null,
            "book_valuer_per_share_4q_avg": 0,
            "equity": null,
            "current_ratio": null,
            "debt_ratio": null,
            "inventory_turnover_ratio": null,
            "account_receivable_turnover_ratio": null,
            "reinvestment_rate": null,
            "research_to_sale_ratio": null,
            "price_fair": 0,
            "eps_avg_yearly": 0,
            "eps_latest_yearly": 0,
            "eps_growth_yearly": 0
        },
        "20054": {
            "year_quarter": 20054,
            "year": 2005,
            "quarter": 4,
            "eps": null,
            "eps_growth_year": null,
            "eps_4q": null,
            "eps_4q_growth_year": null,
            "roe": null,
            "roe_4q": 0,
            "gross_profit": null,
            "gross_margin": null,
            "gross_margin_4q_avg": 0,
            "net_income": null,
            "net_income_4q": null,
            "revenue": null,
            "revenue_4q": null,
            "common_shares": null,
            "book_valuer_per_share": null,
            "book_valuer_per_share_4q_avg": 0,
            "equity": null,
            "current_ratio": null,
            "debt_ratio": null,
            "inventory_turnover_ratio": null,
            "account_receivable_turnover_ratio": null,
            "reinvestment_rate": null,
            "research_to_sale_ratio": null,
            "price_fair": 0,
            "eps_avg_yearly": 0,
            "eps_latest_yearly": 0,
            "eps_growth_yearly": 0
        },
        "20061": {
            "year_quarter": 20061,
            "year": 2006,
            "quarter": 1,
            "eps": null,
            "eps_growth_year": null,
            "eps_4q": null,
            "eps_4q_growth_year": null,
            "roe": null,
            "roe_4q": 0,
            "gross_profit": null,
            "gross_margin": null,
            "gross_margin_4q_avg": 0,
            "net_income": null,
            "net_income_4q": null,
            "revenue": null,
            "revenue_4q": null,
            "common_shares": null,
            "book_valuer_per_share": null,
            "book_valuer_per_share_4q_avg": 0,
            "equity": null,
            "current_ratio": null,
            "debt_ratio": null,
            "inventory_turnover_ratio": null,
            "account_receivable_turnover_ratio": null,
            "reinvestment_rate": null,
            "research_to_sale_ratio": null,
            "price_fair": 0,
            "eps_avg_yearly": 0,
            "eps_latest_yearly": 0,
            "eps_growth_yearly": 0
        },
        "20062": {
            "year_quarter": 20062,
            "year": 2006,
            "quarter": 2,
            "eps": null,
            "eps_growth_year": null,
            "eps_4q": null,
            "eps_4q_growth_year": null,
            "roe": null,
            "roe_4q": 0,
            "gross_profit": null,
            "gross_margin": null,
            "gross_margin_4q_avg": 0,
            "net_income": null,
            "net_income_4q": null,
            "revenue": null,
            "revenue_4q": null,
            "common_shares": null,
            "book_valuer_per_share": null,
            "book_valuer_per_share_4q_avg": 0,
            "equity": null,
            "current_ratio": null,
            "debt_ratio": null,
            "inventory_turnover_ratio": null,
            "account_receivable_turnover_ratio": null,
            "reinvestment_rate": null,
            "research_to_sale_ratio": null,
            "price_fair": 0,
            "eps_avg_yearly": 0,
            "eps_latest_yearly": 0,
            "eps_growth_yearly": 0
        },
        "20063": {
            "year_quarter": 20063,
            "year": 2006,
            "quarter": 3,
            "eps": null,
            "eps_growth_year": null,
            "eps_4q": null,
            "eps_4q_growth_year": null,
            "roe": null,
            "roe_4q": 0,
            "gross_profit": null,
            "gross_margin": null,
            "gross_margin_4q_avg": 0,
            "net_income": null,
            "net_income_4q": null,
            "revenue": null,
            "revenue_4q": null,
            "common_shares": null,
            "book_valuer_per_share": null,
            "book_valuer_per_share_4q_avg": 0,
            "equity": null,
            "current_ratio": null,
            "debt_ratio": null,
            "inventory_turnover_ratio": null,
            "account_receivable_turnover_ratio": null,
            "reinvestment_rate": null,
            "research_to_sale_ratio": null,
            "price_fair": 0,
            "eps_avg_yearly": 0,
            "eps_latest_yearly": 0,
            "eps_growth_yearly": 0
        },
        "20064": {
            "year_quarter": 20064,
            "year": 2006,
            "quarter": 4,
            "eps": null,
            "eps_growth_year": null,
            "eps_4q": null,
            "eps_4q_growth_year": null,
            "roe": null,
            "roe_4q": 0,
            "gross_profit": null,
            "gross_margin": null,
            "gross_margin_4q_avg": 0,
            "net_income": null,
            "net_income_4q": null,
            "revenue": null,
            "revenue_4q": null,
            "common_shares": null,
            "book_valuer_per_share": null,
            "book_valuer_per_share_4q_avg": 0,
            "equity": null,
            "current_ratio": null,
            "debt_ratio": null,
            "inventory_turnover_ratio": null,
            "account_receivable_turnover_ratio": null,
            "reinvestment_rate": null,
            "research_to_sale_ratio": null,
            "price_fair": 0,
            "eps_avg_yearly": 0,
            "eps_latest_yearly": 0,
            "eps_growth_yearly": 0
        },
        "20071": {
            "year_quarter": 20071,
            "year": 2007,
            "quarter": 1,
            "eps": null,
            "eps_growth_year": null,
            "eps_4q": null,
            "eps_4q_growth_year": null,
            "roe": null,
            "roe_4q": 0,
            "gross_profit": null,
            "gross_margin": null,
            "gross_margin_4q_avg": 0,
            "net_income": null,
            "net_income_4q": null,
            "revenue": null,
            "revenue_4q": null,
            "common_shares": null,
            "book_valuer_per_share": null,
            "book_valuer_per_share_4q_avg": 0,
            "equity": null,
            "current_ratio": null,
            "debt_ratio": null,
            "inventory_turnover_ratio": null,
            "account_receivable_turnover_ratio": null,
            "reinvestment_rate": null,
            "research_to_sale_ratio": null,
            "price_fair": 0,
            "eps_avg_yearly": 0,
            "eps_latest_yearly": 0,
            "eps_growth_yearly": 0
        },
        "20072": {
            "year_quarter": 20072,
            "year": 2007,
            "quarter": 2,
            "eps": null,
            "eps_growth_year": null,
            "eps_4q": null,
            "eps_4q_growth_year": null,
            "roe": null,
            "roe_4q": 0,
            "gross_profit": null,
            "gross_margin": null,
            "gross_margin_4q_avg": 0,
            "net_income": null,
            "net_income_4q": null,
            "revenue": null,
            "revenue_4q": null,
            "common_shares": null,
            "book_valuer_per_share": null,
            "book_valuer_per_share_4q_avg": 0,
            "equity": null,
            "current_ratio": null,
            "debt_ratio": null,
            "inventory_turnover_ratio": null,
            "account_receivable_turnover_ratio": null,
            "reinvestment_rate": null,
            "research_to_sale_ratio": null,
            "price_fair": 0,
            "eps_avg_yearly": 0,
            "eps_latest_yearly": 0,
            "eps_growth_yearly": 0
        },
        "20073": {
            "year_quarter": 20073,
            "year": 2007,
            "quarter": 3,
            "eps": null,
            "eps_growth_year": null,
            "eps_4q": null,
            "eps_4q_growth_year": null,
            "roe": null,
            "roe_4q": 0,
            "gross_profit": null,
            "gross_margin": null,
            "gross_margin_4q_avg": 0,
            "net_income": null,
            "net_income_4q": null,
            "revenue": null,
            "revenue_4q": null,
            "common_shares": null,
            "book_valuer_per_share": null,
            "book_valuer_per_share_4q_avg": 0,
            "equity": null,
            "current_ratio": null,
            "debt_ratio": null,
            "inventory_turnover_ratio": null,
            "account_receivable_turnover_ratio": null,
            "reinvestment_rate": null,
            "research_to_sale_ratio": null,
            "price_fair": 0,
            "eps_avg_yearly": 0,
            "eps_latest_yearly": 0,
            "eps_growth_yearly": 0
        },
        "20074": {
            "year_quarter": 20074,
            "year": 2007,
            "quarter": 4,
            "eps": null,
            "eps_growth_year": null,
            "eps_4q": null,
            "eps_4q_growth_year": null,
            "roe": null,
            "roe_4q": 0,
            "gross_profit": null,
            "gross_margin": null,
            "gross_margin_4q_avg": 0,
            "net_income": null,
            "net_income_4q": null,
            "revenue": null,
            "revenue_4q": null,
            "common_shares": 976253,
            "book_valuer_per_share": 34.75,
            "book_valuer_per_share_4q_avg": 8.69,
            "equity": 3474443,
            "current_ratio": 84.51,
            "debt_ratio": 72.65,
            "inventory_turnover_ratio": null,
            "account_receivable_turnover_ratio": null,
            "reinvestment_rate": null,
            "research_to_sale_ratio": null,
            "price_fair": 0,
            "eps_avg_yearly": 0,
            "eps_latest_yearly": 0,
            "eps_growth_yearly": 0
        },
        "20081": {
            "year_quarter": 20081,
            "year": 2008,
            "quarter": 1,
            "eps": null,
            "eps_growth_year": null,
            "eps_4q": null,
            "eps_4q_growth_year": null,
            "roe": null,
            "roe_4q": 0,
            "gross_profit": null,
            "gross_margin": null,
            "gross_margin_4q_avg": 0,
            "net_income": null,
            "net_income_4q": null,
            "revenue": null,
            "revenue_4q": null,
            "common_shares": null,
            "book_valuer_per_share": null,
            "book_valuer_per_share_4q_avg": 8.69,
            "equity": null,
            "current_ratio": null,
            "debt_ratio": null,
            "inventory_turnover_ratio": null,
            "account_receivable_turnover_ratio": null,
            "reinvestment_rate": null,
            "research_to_sale_ratio": null,
            "price_fair": 0,
            "eps_avg_yearly": 0,
            "eps_latest_yearly": 0,
            "eps_growth_yearly": 0
        },
        "20082": {
            "year_quarter": 20082,
            "year": 2008,
            "quarter": 2,
            "eps": null,
            "eps_growth_year": null,
            "eps_4q": null,
            "eps_4q_growth_year": null,
            "roe": null,
            "roe_4q": 0,
            "gross_profit": null,
            "gross_margin": null,
            "gross_margin_4q_avg": 0,
            "net_income": null,
            "net_income_4q": null,
            "revenue": null,
            "revenue_4q": null,
            "common_shares": null,
            "book_valuer_per_share": null,
            "book_valuer_per_share_4q_avg": 8.69,
            "equity": null,
            "current_ratio": null,
            "debt_ratio": null,
            "inventory_turnover_ratio": null,
            "account_receivable_turnover_ratio": null,
            "reinvestment_rate": null,
            "research_to_sale_ratio": null,
            "price_fair": 0,
            "eps_avg_yearly": 0,
            "eps_latest_yearly": 0,
            "eps_growth_yearly": 0
        },
        "20083": {
            "year_quarter": 20083,
            "year": 2008,
            "quarter": 3,
            "eps": null,
            "eps_growth_year": null,
            "eps_4q": null,
            "eps_4q_growth_year": null,
            "roe": null,
            "roe_4q": 0,
            "gross_profit": null,
            "gross_margin": null,
            "gross_margin_4q_avg": 0,
            "net_income": null,
            "net_income_4q": null,
            "revenue": null,
            "revenue_4q": null,
            "common_shares": null,
            "book_valuer_per_share": null,
            "book_valuer_per_share_4q_avg": 8.69,
            "equity": null,
            "current_ratio": null,
            "debt_ratio": null,
            "inventory_turnover_ratio": null,
            "account_receivable_turnover_ratio": null,
            "reinvestment_rate": null,
            "research_to_sale_ratio": null,
            "price_fair": 0,
            "eps_avg_yearly": 0,
            "eps_latest_yearly": 0,
            "eps_growth_yearly": 0
        },
        "20084": {
            "year_quarter": 20084,
            "year": 2008,
            "quarter": 4,
            "eps": null,
            "eps_growth_year": null,
            "eps_4q": null,
            "eps_4q_growth_year": null,
            "roe": null,
            "roe_4q": 0,
            "gross_profit": null,
            "gross_margin": null,
            "gross_margin_4q_avg": 0,
            "net_income": null,
            "net_income_4q": null,
            "revenue": null,
            "revenue_4q": null,
            "common_shares": 1984467,
            "book_valuer_per_share": 16.96,
            "book_valuer_per_share_4q_avg": 4.24,
            "equity": 3469954,
            "current_ratio": 65.19,
            "debt_ratio": 78.56,
            "inventory_turnover_ratio": null,
            "account_receivable_turnover_ratio": null,
            "reinvestment_rate": null,
            "research_to_sale_ratio": null,
            "price_fair": 0,
            "eps_avg_yearly": 0,
            "eps_latest_yearly": 0,
            "eps_growth_yearly": 0
        },
        "20091": {
            "year_quarter": 20091,
            "year": 2009,
            "quarter": 1,
            "eps": 4.05,
            "eps_growth_year": null,
            "eps_4q": null,
            "eps_4q_growth_year": null,
            "roe": 19.96,
            "roe_4q": 19.96,
            "gross_profit": 378955,
            "gross_margin": 37.78,
            "gross_margin_4q_avg": 9.45,
            "net_income": 841756,
            "net_income_4q": null,
            "revenue": 1003065,
            "revenue_4q": null,
            "common_shares": 2000000,
            "book_valuer_per_share": 24.29,
            "book_valuer_per_share_4q_avg": 10.31,
            "equity": 4964520,
            "current_ratio": 62.96,
            "debt_ratio": 72.93,
            "inventory_turnover_ratio": null,
            "account_receivable_turnover_ratio": null,
            "reinvestment_rate": null,
            "research_to_sale_ratio": null,
            "price_fair": 0,
            "eps_avg_yearly": 0,
            "eps_latest_yearly": 0,
            "eps_growth_yearly": 0
        },
        "20092": {
            "year_quarter": 20092,
            "year": 2009,
            "quarter": 2,
            "eps": 1.34,
            "eps_growth_year": null,
            "eps_4q": null,
            "eps_4q_growth_year": null,
            "roe": 6,
            "roe_4q": 25.96,
            "gross_profit": 361715,
            "gross_margin": 33.76,
            "gross_margin_4q_avg": 17.89,
            "net_income": 297074,
            "net_income_4q": null,
            "revenue": 1071475,
            "revenue_4q": null,
            "common_shares": 2200000,
            "book_valuer_per_share": 22.01,
            "book_valuer_per_share_4q_avg": 15.82,
            "equity": 4938380,
            "current_ratio": 36.57,
            "debt_ratio": 75.04,
            "inventory_turnover_ratio": null,
            "account_receivable_turnover_ratio": 50.39,
            "reinvestment_rate": null,
            "research_to_sale_ratio": null,
            "price_fair": 16.08,
            "eps_avg_yearly": 5.36,
            "eps_latest_yearly": 5.36,
            "eps_growth_yearly": -267.65
        },
        "20093": {
            "year_quarter": 20093,
            "year": 2009,
            "quarter": 3,
            "eps": 1.42,
            "eps_growth_year": null,
            "eps_4q": null,
            "eps_4q_growth_year": null,
            "roe": 6.49,
            "roe_4q": 32.45,
            "gross_profit": 459845,
            "gross_margin": 34.89,
            "gross_margin_4q_avg": 26.61,
            "net_income": 309826,
            "net_income_4q": null,
            "revenue": 1317969,
            "revenue_4q": null,
            "common_shares": 2200000,
            "book_valuer_per_share": 20.53,
            "book_valuer_per_share_4q_avg": 20.95,
            "equity": 4602556,
            "current_ratio": 27.28,
            "debt_ratio": 76.97,
            "inventory_turnover_ratio": null,
            "account_receivable_turnover_ratio": 24.06,
            "reinvestment_rate": null,
            "research_to_sale_ratio": null,
            "price_fair": 16.56,
            "eps_avg_yearly": 5.52,
            "eps_latest_yearly": 5.68,
            "eps_growth_yearly": -121.89
        },
        "20094": {
            "year_quarter": 20094,
            "year": 2009,
            "quarter": 4,
            "eps": 1.99,
            "eps_growth_year": null,
            "eps_4q": 8.43,
            "eps_4q_growth_year": null,
            "roe": 9.09,
            "roe_4q": 41.54,
            "gross_profit": 380068,
            "gross_margin": 29.28,
            "gross_margin_4q_avg": 33.93,
            "net_income": 447157,
            "net_income_4q": null,
            "revenue": 1297985,
            "revenue_4q": null,
            "common_shares": 2200000,
            "book_valuer_per_share": 23.42,
            "book_valuer_per_share_4q_avg": 22.56,
            "equity": 5239917,
            "current_ratio": 54.64,
            "debt_ratio": 75.53,
            "inventory_turnover_ratio": 12.23,
            "account_receivable_turnover_ratio": 37.89,
            "reinvestment_rate": null,
            "research_to_sale_ratio": null,
            "price_fair": 19,
            "eps_avg_yearly": 6.33,
            "eps_latest_yearly": 7.96,
            "eps_growth_yearly": -27.74
        },
        "20101": {
            "year_quarter": 20101,
            "year": 2010,
            "quarter": 1,
            "eps": null,
            "eps_growth_year": null,
            "eps_4q": null,
            "eps_4q_growth_year": null,
            "roe": null,
            "roe_4q": 21.58,
            "gross_profit": 431169,
            "gross_margin": null,
            "gross_margin_4q_avg": 24.48,
            "net_income": 453135,
            "net_income_4q": null,
            "revenue": 1409418,
            "revenue_4q": null,
            "common_shares": 2500000,
            "book_valuer_per_share": 27.77,
            "book_valuer_per_share_4q_avg": 23.43,
            "equity": 7029713,
            "current_ratio": 83.15,
            "debt_ratio": 71.16,
            "inventory_turnover_ratio": null,
            "account_receivable_turnover_ratio": null,
            "reinvestment_rate": null,
            "research_to_sale_ratio": null,
            "price_fair": 19,
            "eps_avg_yearly": 6.33,
            "eps_latest_yearly": 7.96,
            "eps_growth_yearly": -27.74
        },
        "20102": {
            "year_quarter": 20102,
            "year": 2010,
            "quarter": 2,
            "eps": 0.35,
            "eps_growth_year": -74.14,
            "eps_4q": 3.08,
            "eps_4q_growth_year": null,
            "roe": 1.43,
            "roe_4q": 17.009999999999998,
            "gross_profit": 452481,
            "gross_margin": 31.57,
            "gross_margin_4q_avg": 23.94,
            "net_income": 95309,
            "net_income_4q": null,
            "revenue": 1433214,
            "revenue_4q": null,
            "common_shares": 2500000,
            "book_valuer_per_share": 24.99,
            "book_valuer_per_share_4q_avg": 24.18,
            "equity": 6332139,
            "current_ratio": 46.99,
            "debt_ratio": 75.41,
            "inventory_turnover_ratio": 14.33,
            "account_receivable_turnover_ratio": 66.15,
            "reinvestment_rate": null,
            "research_to_sale_ratio": null,
            "price_fair": 19,
            "eps_avg_yearly": 6.33,
            "eps_latest_yearly": 7.96,
            "eps_growth_yearly": -27.74
        },
        "20103": {
            "year_quarter": 20103,
            "year": 2010,
            "quarter": 3,
            "eps": 0.8,
            "eps_growth_year": -43.86,
            "eps_4q": 2.74,
            "eps_4q_growth_year": null,
            "roe": 3.66,
            "roe_4q": 14.18,
            "gross_profit": 567530,
            "gross_margin": 40.23,
            "gross_margin_4q_avg": 25.27,
            "net_income": 219235,
            "net_income_4q": null,
            "revenue": 1410734,
            "revenue_4q": null,
            "common_shares": 2750000,
            "book_valuer_per_share": 20.24,
            "book_valuer_per_share_4q_avg": 24.11,
            "equity": 5642854,
            "current_ratio": 52.58,
            "debt_ratio": 81.22,
            "inventory_turnover_ratio": 5.04,
            "account_receivable_turnover_ratio": 26.03,
            "reinvestment_rate": null,
            "research_to_sale_ratio": null,
            "price_fair": 194.25,
            "eps_avg_yearly": 5.55,
            "eps_latest_yearly": 3.2,
            "eps_growth_yearly": 107.77
        },
        "20104": {
            "year_quarter": 20104,
            "year": 2010,
            "quarter": 4,
            "eps": 1.21,
            "eps_growth_year": -39.36,
            "eps_4q": 2.24,
            "eps_4q_growth_year": -73.46,
            "roe": 6.15,
            "roe_4q": 11.24,
            "gross_profit": 656169,
            "gross_margin": 36.81,
            "gross_margin_4q_avg": 27.15,
            "net_income": 369342,
            "net_income_4q": null,
            "revenue": 1782515,
            "revenue_4q": null,
            "common_shares": 3050000,
            "book_valuer_per_share": 20.66,
            "book_valuer_per_share_4q_avg": 23.42,
            "equity": 6368598,
            "current_ratio": 45.37,
            "debt_ratio": 81.64,
            "inventory_turnover_ratio": 7.6,
            "account_receivable_turnover_ratio": 27.54,
            "reinvestment_rate": null,
            "research_to_sale_ratio": null,
            "price_fair": 189.28,
            "eps_avg_yearly": 5.41,
            "eps_latest_yearly": 4.84,
            "eps_growth_yearly": 127.22
        },
        "20111": {
            "year_quarter": 20111,
            "year": 2011,
            "quarter": 1,
            "eps": 2.07,
            "eps_growth_year": null,
            "eps_4q": 4.31,
            "eps_4q_growth_year": null,
            "roe": 9.27,
            "roe_4q": 20.509999999999998,
            "gross_profit": 652149,
            "gross_margin": 36.44,
            "gross_margin_4q_avg": 36.26,
            "net_income": 640582,
            "net_income_4q": null,
            "revenue": 1789729,
            "revenue_4q": null,
            "common_shares": 3050000,
            "book_valuer_per_share": 24.18,
            "book_valuer_per_share_4q_avg": 22.52,
            "equity": 7450467,
            "current_ratio": 45.45,
            "debt_ratio": 79.81,
            "inventory_turnover_ratio": 12.28,
            "account_receivable_turnover_ratio": 33.72,
            "reinvestment_rate": null,
            "research_to_sale_ratio": null,
            "price_fair": 206.03,
            "eps_avg_yearly": 5.89,
            "eps_latest_yearly": 8.28,
            "eps_growth_yearly": 153.4
        },
        "20112": {
            "year_quarter": 20112,
            "year": 2011,
            "quarter": 2,
            "eps": 1.3,
            "eps_growth_year": 273.89,
            "eps_4q": 4.93,
            "eps_4q_growth_year": 60.25,
            "roe": 6.21,
            "roe_4q": 25.290000000000003,
            "gross_profit": 694566,
            "gross_margin": 38.08,
            "gross_margin_4q_avg": 37.89,
            "net_income": 437368,
            "net_income_4q": null,
            "revenue": 1824086,
            "revenue_4q": null,
            "common_shares": 3050000,
            "book_valuer_per_share": 21.56,
            "book_valuer_per_share_4q_avg": 21.66,
            "equity": 6643368,
            "current_ratio": 42.3,
            "debt_ratio": 81.99,
            "inventory_turnover_ratio": 14.54,
            "account_receivable_turnover_ratio": 50.89,
            "reinvestment_rate": null,
            "research_to_sale_ratio": null,
            "price_fair": 202.6,
            "eps_avg_yearly": 5.79,
            "eps_latest_yearly": 5.2,
            "eps_growth_yearly": 110.23
        },
        "20113": {
            "year_quarter": 20113,
            "year": 2011,
            "quarter": 3,
            "eps": 0.84,
            "eps_growth_year": 5.95,
            "eps_4q": 5.12,
            "eps_4q_growth_year": 87,
            "roe": 4.4,
            "roe_4q": 26.03,
            "gross_profit": 714396,
            "gross_margin": 38.88,
            "gross_margin_4q_avg": 37.55,
            "net_income": 285383,
            "net_income_4q": null,
            "revenue": 1837475,
            "revenue_4q": null,
            "common_shares": 3355000,
            "book_valuer_per_share": 18.7,
            "book_valuer_per_share_4q_avg": 21.28,
            "equity": 6340924,
            "current_ratio": 47.76,
            "debt_ratio": 84.75,
            "inventory_turnover_ratio": 14.37,
            "account_receivable_turnover_ratio": 43.27,
            "reinvestment_rate": null,
            "research_to_sale_ratio": null,
            "price_fair": 191.98,
            "eps_avg_yearly": 5.49,
            "eps_latest_yearly": 3.36,
            "eps_growth_yearly": 78.76
        },
        "20114": {
            "year_quarter": 20114,
            "year": 2011,
            "quarter": 4,
            "eps": 1.84,
            "eps_growth_year": 52.11,
            "eps_4q": 5.61,
            "eps_4q_growth_year": 150.61,
            "roe": 9.18,
            "roe_4q": 29.06,
            "gross_profit": 764860,
            "gross_margin": 36.41,
            "gross_margin_4q_avg": 37.45,
            "net_income": 662456,
            "net_income_4q": null,
            "revenue": 2100792,
            "revenue_4q": null,
            "common_shares": 3580000,
            "book_valuer_per_share": 22.42,
            "book_valuer_per_share_4q_avg": 21.72,
            "equity": 8092210,
            "current_ratio": 58.35,
            "debt_ratio": 82.77,
            "inventory_turnover_ratio": 16.55,
            "account_receivable_turnover_ratio": 22.37,
            "reinvestment_rate": null,
            "research_to_sale_ratio": null,
            "price_fair": 199.27,
            "eps_avg_yearly": 5.69,
            "eps_latest_yearly": 7.36,
            "eps_growth_yearly": 122.91
        },
        "20121": {
            "year_quarter": 20121,
            "year": 2012,
            "quarter": 1,
            "eps": 2.46,
            "eps_growth_year": 18.84,
            "eps_4q": 6.3,
            "eps_4q_growth_year": 46.03,
            "roe": 9.86,
            "roe_4q": 29.65,
            "gross_profit": 709004,
            "gross_margin": 34.17,
            "gross_margin_4q_avg": 36.89,
            "net_income": 901583,
            "net_income_4q": null,
            "revenue": 2074950,
            "revenue_4q": null,
            "common_shares": 3580000,
            "book_valuer_per_share": 28.24,
            "book_valuer_per_share_4q_avg": 22.73,
            "equity": 10192198,
            "current_ratio": 68.54,
            "debt_ratio": 78.57,
            "inventory_turnover_ratio": 15.19,
            "account_receivable_turnover_ratio": 16.25,
            "reinvestment_rate": null,
            "research_to_sale_ratio": null,
            "price_fair": 213.78,
            "eps_avg_yearly": 6.11,
            "eps_latest_yearly": 9.84,
            "eps_growth_yearly": 124.1
        },
        "20122": {
            "year_quarter": 20122,
            "year": 2012,
            "quarter": 2,
            "eps": 0.86,
            "eps_growth_year": -33.99,
            "eps_4q": 5.48,
            "eps_4q_growth_year": 11.03,
            "roe": 3.45,
            "roe_4q": 26.89,
            "gross_profit": 657743,
            "gross_margin": 31.68,
            "gross_margin_4q_avg": 35.29,
            "net_income": 337324,
            "net_income_4q": null,
            "revenue": 2076353,
            "revenue_4q": null,
            "common_shares": 3580000,
            "book_valuer_per_share": 25.88,
            "book_valuer_per_share_4q_avg": 23.81,
            "equity": 9342663,
            "current_ratio": 50.89,
            "debt_ratio": 82.13,
            "inventory_turnover_ratio": 12.13,
            "account_receivable_turnover_ratio": 15.25,
            "reinvestment_rate": null,
            "research_to_sale_ratio": null,
            "price_fair": 205.29,
            "eps_avg_yearly": 5.87,
            "eps_latest_yearly": 3.44,
            "eps_growth_yearly": 89.17
        },
        "20123": {
            "year_quarter": 20123,
            "year": 2012,
            "quarter": 3,
            "eps": 0.74,
            "eps_growth_year": -11.83,
            "eps_4q": 5.5,
            "eps_4q_growth_year": 7.31,
            "roe": 3.29,
            "roe_4q": 25.78,
            "gross_profit": 635537,
            "gross_margin": 28.99,
            "gross_margin_4q_avg": 32.81,
            "net_income": 296116,
            "net_income_4q": null,
            "revenue": 2192595,
            "revenue_4q": null,
            "common_shares": 3941147,
            "book_valuer_per_share": 21.8,
            "book_valuer_per_share_4q_avg": 24.59,
            "equity": 8664272,
            "current_ratio": 38.42,
            "debt_ratio": 84,
            "inventory_turnover_ratio": 11.35,
            "account_receivable_turnover_ratio": 13.47,
            "reinvestment_rate": null,
            "research_to_sale_ratio": null,
            "price_fair": 196.82,
            "eps_avg_yearly": 5.62,
            "eps_latest_yearly": 2.96,
            "eps_growth_yearly": 77.09
        },
        "20124": {
            "year_quarter": 20124,
            "year": 2012,
            "quarter": 4,
            "eps": 1.5,
            "eps_growth_year": -18.34,
            "eps_4q": 5.33,
            "eps_4q_growth_year": -4.98,
            "roe": 5.8,
            "roe_4q": 22.4,
            "gross_profit": 538667,
            "gross_margin": 26.24,
            "gross_margin_4q_avg": 30.27,
            "net_income": 618913,
            "net_income_4q": null,
            "revenue": 2052771,
            "revenue_4q": null,
            "common_shares": 3941196,
            "book_valuer_per_share": 31.91,
            "book_valuer_per_share_4q_avg": 26.96,
            "equity": 12671552,
            "current_ratio": 40.38,
            "debt_ratio": 77.51,
            "inventory_turnover_ratio": 10.9,
            "account_receivable_turnover_ratio": 10.59,
            "reinvestment_rate": 545.83,
            "research_to_sale_ratio": null,
            "price_fair": 197.83,
            "eps_avg_yearly": 5.65,
            "eps_latest_yearly": 6,
            "eps_growth_yearly": 102.76
        },
        "20131": {
            "year_quarter": 20131,
            "year": 2013,
            "quarter": 1,
            "eps": 1.31,
            "eps_growth_year": -46.75,
            "eps_4q": 4.4,
            "eps_4q_growth_year": -30.18,
            "roe": 3.73,
            "roe_4q": 16.27,
            "gross_profit": 449253,
            "gross_margin": 22.62,
            "gross_margin_4q_avg": 27.38,
            "net_income": 539192,
            "net_income_4q": null,
            "revenue": 1985985,
            "revenue_4q": null,
            "common_shares": 3951726,
            "book_valuer_per_share": 40.78,
            "book_valuer_per_share_4q_avg": 30.09,
            "equity": 16230628,
            "current_ratio": 30.69,
            "debt_ratio": 72.39,
            "inventory_turnover_ratio": 12.03,
            "account_receivable_turnover_ratio": 9.45,
            "reinvestment_rate": 574.64,
            "research_to_sale_ratio": null,
            "price_fair": 196.8,
            "eps_avg_yearly": 5.62,
            "eps_latest_yearly": 5.24,
            "eps_growth_yearly": 91.8
        },
        "20132": {
            "year_quarter": 20132,
            "year": 2013,
            "quarter": 2,
            "eps": 0.89,
            "eps_growth_year": 4.05,
            "eps_4q": 4.22,
            "eps_4q_growth_year": -22.88,
            "roe": 2.19,
            "roe_4q": 15.009999999999998,
            "gross_profit": 427354,
            "gross_margin": 20.81,
            "gross_margin_4q_avg": 24.67,
            "net_income": 368155,
            "net_income_4q": null,
            "revenue": 2053327,
            "revenue_4q": null,
            "common_shares": 3952023,
            "book_valuer_per_share": 43.85,
            "book_valuer_per_share_4q_avg": 34.59,
            "equity": 17456589,
            "current_ratio": 29.83,
            "debt_ratio": 71.75,
            "inventory_turnover_ratio": 14.28,
            "account_receivable_turnover_ratio": 8.57,
            "reinvestment_rate": 580.76,
            "research_to_sale_ratio": null,
            "price_fair": 192.3,
            "eps_avg_yearly": 5.49,
            "eps_latest_yearly": 3.56,
            "eps_growth_yearly": 101.76
        },
        "20133": {
            "year_quarter": 20133,
            "year": 2013,
            "quarter": 3,
            "eps": 0.33,
            "eps_growth_year": -55.68,
            "eps_4q": 3.84,
            "eps_4q_growth_year": -30.09,
            "roe": 0.82,
            "roe_4q": 12.54,
            "gross_profit": 413427,
            "gross_margin": 19.49,
            "gross_margin_4q_avg": 22.29,
            "net_income": 140838,
            "net_income_4q": null,
            "revenue": 2121243,
            "revenue_4q": null,
            "common_shares": 4150630,
            "book_valuer_per_share": 40.87,
            "book_valuer_per_share_4q_avg": 39.35,
            "equity": 17088799,
            "current_ratio": 35.12,
            "debt_ratio": 72.38,
            "inventory_turnover_ratio": 12.34,
            "account_receivable_turnover_ratio": 7.49,
            "reinvestment_rate": 595.92,
            "research_to_sale_ratio": null,
            "price_fair": 181.4,
            "eps_avg_yearly": 5.18,
            "eps_latest_yearly": 1.32,
            "eps_growth_yearly": 82.07
        },
        "20134": {
            "year_quarter": 20134,
            "year": 2013,
            "quarter": 4,
            "eps": 0.96,
            "eps_growth_year": -35.71,
            "eps_4q": 3.19,
            "eps_4q_growth_year": -40.13,
            "roe": 2.37,
            "roe_4q": 9.11,
            "gross_profit": 396801,
            "gross_margin": 18.31,
            "gross_margin_4q_avg": 20.31,
            "net_income": 450336,
            "net_income_4q": null,
            "revenue": 2166968,
            "revenue_4q": null,
            "common_shares": 4511092,
            "book_valuer_per_share": 46.19,
            "book_valuer_per_share_4q_avg": 42.92,
            "equity": 20971437,
            "current_ratio": 61.21,
            "debt_ratio": 67.91,
            "inventory_turnover_ratio": 11.46,
            "account_receivable_turnover_ratio": 7.64,
            "reinvestment_rate": 597.02,
            "research_to_sale_ratio": null,
            "price_fair": 171.1,
            "eps_avg_yearly": 4.89,
            "eps_latest_yearly": 3.84,
            "eps_growth_yearly": 125.15
        },
        "20141": {
            "year_quarter": 20141,
            "year": 2014,
            "quarter": 1,
            "eps": 1.26,
            "eps_growth_year": -3.82,
            "eps_4q": 3.31,
            "eps_4q_growth_year": -24.81,
            "roe": 2.71,
            "roe_4q": 8.09,
            "gross_profit": 427749,
            "gross_margin": 20.07,
            "gross_margin_4q_avg": 19.67,
            "net_income": 575633,
            "net_income_4q": null,
            "revenue": 2130891,
            "revenue_4q": null,
            "common_shares": 4511092,
            "book_valuer_per_share": 47.22,
            "book_valuer_per_share_4q_avg": 44.53,
            "equity": 21444734,
            "current_ratio": 75.4,
            "debt_ratio": 67.88,
            "inventory_turnover_ratio": 12.2,
            "account_receivable_turnover_ratio": 5.83,
            "reinvestment_rate": 581.88,
            "research_to_sale_ratio": null,
            "price_fair": 171.45,
            "eps_avg_yearly": 4.9,
            "eps_latest_yearly": 5.04,
            "eps_growth_yearly": 125.14
        },
        "20142": {
            "year_quarter": 20142,
            "year": 2014,
            "quarter": 2,
            "eps": 0.48,
            "eps_growth_year": -46.07,
            "eps_4q": 2.93,
            "eps_4q_growth_year": -30.65,
            "roe": 1.08,
            "roe_4q": 6.98,
            "gross_profit": 450823,
            "gross_margin": 20.43,
            "gross_margin_4q_avg": 19.58,
            "net_income": 223300,
            "net_income_4q": null,
            "revenue": 2207017,
            "revenue_4q": null,
            "common_shares": 4513173,
            "book_valuer_per_share": 43.43,
            "book_valuer_per_share_4q_avg": 44.43,
            "equity": 19741581,
            "current_ratio": 48.87,
            "debt_ratio": 70.36,
            "inventory_turnover_ratio": 13.79,
            "account_receivable_turnover_ratio": 4.83,
            "reinvestment_rate": 497.54,
            "research_to_sale_ratio": null,
            "price_fair": 164.94,
            "eps_avg_yearly": 4.71,
            "eps_latest_yearly": 1.92,
            "eps_growth_yearly": 101.84
        },
        "20143": {
            "year_quarter": 20143,
            "year": 2014,
            "quarter": 3,
            "eps": 0.82,
            "eps_growth_year": 148.48,
            "eps_4q": 3.41,
            "eps_4q_growth_year": -11.37,
            "roe": 1.82,
            "roe_4q": 7.98,
            "gross_profit": 460794,
            "gross_margin": 20.17,
            "gross_margin_4q_avg": 19.75,
            "net_income": 388158,
            "net_income_4q": null,
            "revenue": 2284851,
            "revenue_4q": null,
            "common_shares": 4686007,
            "book_valuer_per_share": 48.47,
            "book_valuer_per_share_4q_avg": 46.33,
            "equity": 22861747,
            "current_ratio": 38.52,
            "debt_ratio": 67.55,
            "inventory_turnover_ratio": 17.2,
            "account_receivable_turnover_ratio": 6.73,
            "reinvestment_rate": 493.2,
            "research_to_sale_ratio": null,
            "price_fair": 165.11,
            "eps_avg_yearly": 4.72,
            "eps_latest_yearly": 3.28,
            "eps_growth_yearly": 87.41
        },
        "20144": {
            "year_quarter": 20144,
            "year": 2014,
            "quarter": 4,
            "eps": 1.29,
            "eps_growth_year": 33.49,
            "eps_4q": 3.75,
            "eps_4q_growth_year": 17.69,
            "roe": 2.49,
            "roe_4q": 8.100000000000001,
            "gross_profit": 532147,
            "gross_margin": 21.86,
            "gross_margin_4q_avg": 20.63,
            "net_income": 616302,
            "net_income_4q": null,
            "revenue": 2434121,
            "revenue_4q": null,
            "common_shares": 4705131,
            "book_valuer_per_share": 56.45,
            "book_valuer_per_share_4q_avg": 48.89,
            "equity": 26720628,
            "current_ratio": 30.11,
            "debt_ratio": 64.15,
            "inventory_turnover_ratio": 24.02,
            "account_receivable_turnover_ratio": 10.39,
            "reinvestment_rate": 457.03,
            "research_to_sale_ratio": null,
            "price_fair": 165.81,
            "eps_avg_yearly": 4.74,
            "eps_latest_yearly": 5.16,
            "eps_growth_yearly": 88.92
        },
        "20151": {
            "year_quarter": 20151,
            "year": 2015,
            "quarter": 1,
            "eps": 1.1,
            "eps_growth_year": -12.7,
            "eps_4q": 3.55,
            "eps_4q_growth_year": 7.29,
            "roe": 1.98,
            "roe_4q": 7.370000000000001,
            "gross_profit": 628112,
            "gross_margin": 24.41,
            "gross_margin_4q_avg": 21.72,
            "net_income": 533115,
            "net_income_4q": null,
            "revenue": 2573055,
            "revenue_4q": null,
            "common_shares": 4863251,
            "book_valuer_per_share": 55.32,
            "book_valuer_per_share_4q_avg": 50.92,
            "equity": 27063583,
            "current_ratio": 39.22,
            "debt_ratio": 64.66,
            "inventory_turnover_ratio": 28.1,
            "account_receivable_turnover_ratio": 11.16,
            "reinvestment_rate": 470.01,
            "research_to_sale_ratio": null,
            "price_fair": 157.33,
            "eps_avg_yearly": 4.5,
            "eps_latest_yearly": 4.4,
            "eps_growth_yearly": 67.47
        },
        "20152": {
            "year_quarter": 20152,
            "year": 2015,
            "quarter": 2,
            "eps": 1.19,
            "eps_growth_year": 147.92,
            "eps_4q": 4.15,
            "eps_4q_growth_year": 41.89,
            "roe": 2.08,
            "roe_4q": 8.370000000000001,
            "gross_profit": 651836,
            "gross_margin": 24.11,
            "gross_margin_4q_avg": 22.64,
            "net_income": 559195,
            "net_income_4q": null,
            "revenue": 2703903,
            "revenue_4q": null,
            "common_shares": 4983244,
            "book_valuer_per_share": 53.46,
            "book_valuer_per_share_4q_avg": 53.43,
            "equity": 26789167,
            "current_ratio": 50.65,
            "debt_ratio": 66.69,
            "inventory_turnover_ratio": 22.03,
            "account_receivable_turnover_ratio": 14.06,
            "reinvestment_rate": 511.06,
            "research_to_sale_ratio": null,
            "price_fair": 156.36,
            "eps_avg_yearly": 4.47,
            "eps_latest_yearly": 4.76,
            "eps_growth_yearly": 78.82
        },
        "20153": {
            "year_quarter": 20153,
            "year": 2015,
            "quarter": 3,
            "eps": 1.43,
            "eps_growth_year": 74.39,
            "eps_4q": 4.73,
            "eps_4q_growth_year": 38.75,
            "roe": 2.6,
            "roe_4q": 9.15,
            "gross_profit": 683605,
            "gross_margin": 24.08,
            "gross_margin_4q_avg": 23.62,
            "net_income": 726304,
            "net_income_4q": null,
            "revenue": 2839461,
            "revenue_4q": null,
            "common_shares": 5116477,
            "book_valuer_per_share": 56.48,
            "book_valuer_per_share_4q_avg": 55.43,
            "equity": 29054983,
            "current_ratio": 45.37,
            "debt_ratio": 65.46,
            "inventory_turnover_ratio": 23.74,
            "account_receivable_turnover_ratio": 16.47,
            "reinvestment_rate": 481.95,
            "research_to_sale_ratio": null,
            "price_fair": 161.53,
            "eps_avg_yearly": 4.62,
            "eps_latest_yearly": 5.72,
            "eps_growth_yearly": 92.71
        },
        "20154": {
            "year_quarter": 20154,
            "year": 2015,
            "quarter": 4,
            "eps": 0.84,
            "eps_growth_year": -34.73,
            "eps_4q": 4.36,
            "eps_4q_growth_year": 16.25,
            "roe": 1.47,
            "roe_4q": 8.13,
            "gross_profit": 689391,
            "gross_margin": 23.81,
            "gross_margin_4q_avg": 24.1,
            "net_income": 430784,
            "net_income_4q": null,
            "revenue": 2895539,
            "revenue_4q": null,
            "common_shares": 5142401,
            "book_valuer_per_share": 57.27,
            "book_valuer_per_share_4q_avg": 55.63,
            "equity": 29600510,
            "current_ratio": 49.85,
            "debt_ratio": 64.84,
            "inventory_turnover_ratio": 26.94,
            "account_receivable_turnover_ratio": 16.24,
            "reinvestment_rate": 434.97,
            "research_to_sale_ratio": null,
            "price_fair": 152.78,
            "eps_avg_yearly": 4.37,
            "eps_latest_yearly": 3.36,
            "eps_growth_yearly": 52.63
        },
        "20161": {
            "year_quarter": 20161,
            "year": 2016,
            "quarter": 1,
            "eps": 1.65,
            "eps_growth_year": 50,
            "eps_4q": 4.99,
            "eps_4q_growth_year": 40.74,
            "roe": 2.97,
            "roe_4q": 9.120000000000001,
            "gross_profit": 537487,
            "gross_margin": 19.54,
            "gross_margin_4q_avg": 22.89,
            "net_income": 848199,
            "net_income_4q": null,
            "revenue": 2750122,
            "revenue_4q": null,
            "common_shares": 5143423,
            "book_valuer_per_share": 53.39,
            "book_valuer_per_share_4q_avg": 55.15,
            "equity": 27601842,
            "current_ratio": 38.45,
            "debt_ratio": 67.21,
            "inventory_turnover_ratio": 20.94,
            "account_receivable_turnover_ratio": 14.85,
            "reinvestment_rate": 450.56,
            "research_to_sale_ratio": null,
            "price_fair": 145.69,
            "eps_avg_yearly": 4.16,
            "eps_latest_yearly": 6.6,
            "eps_growth_yearly": 68.31
        },
        "20162": {
            "year_quarter": 20162,
            "year": 2016,
            "quarter": 2,
            "eps": 0,
            "eps_growth_year": -100,
            "eps_4q": 3.9,
            "eps_4q_growth_year": -6.16,
            "roe": -0.02,
            "roe_4q": 7.02,
            "gross_profit": 407134,
            "gross_margin": 15.56,
            "gross_margin_4q_avg": 20.75,
            "net_income": -3850,
            "net_income_4q": null,
            "revenue": 2615821,
            "revenue_4q": null,
            "common_shares": 5144573,
            "book_valuer_per_share": 45.65,
            "book_valuer_per_share_4q_avg": 53.2,
            "equity": 23613840,
            "current_ratio": 31.92,
            "debt_ratio": 72.07,
            "inventory_turnover_ratio": 16.98,
            "account_receivable_turnover_ratio": 11.75,
            "reinvestment_rate": 386.62,
            "research_to_sale_ratio": null,
            "price_fair": 147.37,
            "eps_avg_yearly": 4.21,
            "eps_latest_yearly": 6.6,
            "eps_growth_yearly": 90.21
        },
        "20163": {
            "year_quarter": 20163,
            "year": 2016,
            "quarter": 3,
            "eps": 0.04,
            "eps_growth_year": -97.2,
            "eps_4q": 2.53,
            "eps_4q_growth_year": -46.55,
            "roe": 0.09,
            "roe_4q": 4.51,
            "gross_profit": 381880,
            "gross_margin": 14.66,
            "gross_margin_4q_avg": 18.39,
            "net_income": 20407,
            "net_income_4q": null,
            "revenue": 2605061,
            "revenue_4q": null,
            "common_shares": 5149706,
            "book_valuer_per_share": 43.24,
            "book_valuer_per_share_4q_avg": 49.89,
            "equity": 22385370,
            "current_ratio": 18.12,
            "debt_ratio": 72.96,
            "inventory_turnover_ratio": 16.15,
            "account_receivable_turnover_ratio": 11.58,
            "reinvestment_rate": 373.4,
            "research_to_sale_ratio": null,
            "price_fair": 150.5,
            "eps_avg_yearly": 4.3,
            "eps_latest_yearly": 6.6,
            "eps_growth_yearly": 100.64
        },
        "20164": {
            "year_quarter": 20164,
            "year": 2016,
            "quarter": 4,
            "eps": 0.96,
            "eps_growth_year": 13.88,
            "eps_4q": 2.52,
            "eps_4q_growth_year": -42.22,
            "roe": 2.06,
            "roe_4q": 5.1,
            "gross_profit": 428020,
            "gross_margin": 15.81,
            "gross_margin_4q_avg": 16.39,
            "net_income": 528430,
            "net_income_4q": null,
            "revenue": 2707872,
            "revenue_4q": null,
            "common_shares": 5549741,
            "book_valuer_per_share": 51.8,
            "book_valuer_per_share_4q_avg": 48.52,
            "equity": 28865069,
            "current_ratio": 24.88,
            "debt_ratio": 66.3,
            "inventory_turnover_ratio": 18,
            "account_receivable_turnover_ratio": 16.41,
            "reinvestment_rate": 389.83,
            "research_to_sale_ratio": null,
            "price_fair": 145.1,
            "eps_avg_yearly": 4.15,
            "eps_latest_yearly": 3.84,
            "eps_growth_yearly": 728.44
        },
        "20171": {
            "year_quarter": 20171,
            "year": 2017,
            "quarter": 1,
            "eps": 0.08,
            "eps_growth_year": -95.15,
            "eps_4q": 1.07,
            "eps_4q_growth_year": -78.63,
            "roe": 0.16,
            "roe_4q": 2.29,
            "gross_profit": 383729,
            "gross_margin": 14.71,
            "gross_margin_4q_avg": 15.19,
            "net_income": 42672,
            "net_income_4q": null,
            "revenue": 2608467,
            "revenue_4q": null,
            "common_shares": 5568644,
            "book_valuer_per_share": 46.74,
            "book_valuer_per_share_4q_avg": 46.86,
            "equity": 26130225,
            "current_ratio": 22.53,
            "debt_ratio": 67.45,
            "inventory_turnover_ratio": 17.86,
            "account_receivable_turnover_ratio": 19.33,
            "reinvestment_rate": 303.99,
            "research_to_sale_ratio": null,
            "price_fair": 132.8,
            "eps_avg_yearly": 3.79,
            "eps_latest_yearly": 0.32,
            "eps_growth_yearly": 705.87
        },
        "20172": {
            "year_quarter": 20172,
            "year": 2017,
            "quarter": 2,
            "eps": -0.26,
            "eps_growth_year": null,
            "eps_4q": 0.77,
            "eps_4q_growth_year": -80.21,
            "roe": -0.55,
            "roe_4q": 1.76,
            "gross_profit": 380389,
            "gross_margin": 14.52,
            "gross_margin_4q_avg": 14.93,
            "net_income": -142512,
            "net_income_4q": null,
            "revenue": 2618894,
            "revenue_4q": null,
            "common_shares": 5568644,
            "book_valuer_per_share": 45.63,
            "book_valuer_per_share_4q_avg": 46.85,
            "equity": 25407598,
            "current_ratio": 27.67,
            "debt_ratio": 69.14,
            "inventory_turnover_ratio": 16.9,
            "account_receivable_turnover_ratio": 18.76,
            "reinvestment_rate": 330.66,
            "research_to_sale_ratio": null,
            "price_fair": 133.43,
            "eps_avg_yearly": 3.81,
            "eps_latest_yearly": 0.32,
            "eps_growth_yearly": 770.03
        },
        "20173": {
            "year_quarter": 20173,
            "year": 2017,
            "quarter": 3,
            "eps": 0.32,
            "eps_growth_year": 700,
            "eps_4q": 1.06,
            "eps_4q_growth_year": -58.12,
            "roe": 0.74,
            "roe_4q": 2.41,
            "gross_profit": 552685,
            "gross_margin": 19.55,
            "gross_margin_4q_avg": 16.15,
            "net_income": 188236,
            "net_income_4q": null,
            "revenue": 2827648,
            "revenue_4q": null,
            "common_shares": 5847076,
            "book_valuer_per_share": 43.61,
            "book_valuer_per_share_4q_avg": 46.95,
            "equity": 25501163,
            "current_ratio": 36.35,
            "debt_ratio": 70.05,
            "inventory_turnover_ratio": 16.96,
            "account_receivable_turnover_ratio": 20.4,
            "reinvestment_rate": 349.76,
            "research_to_sale_ratio": null,
            "price_fair": 140.7,
            "eps_avg_yearly": 4.02,
            "eps_latest_yearly": 0.32,
            "eps_growth_yearly": 855.18
        },
        "20174": {
            "year_quarter": 20174,
            "year": 2017,
            "quarter": 4,
            "eps": 0.53,
            "eps_growth_year": -44.04,
            "eps_4q": 0.68,
            "eps_4q_growth_year": -73.13,
            "roe": 1.28,
            "roe_4q": 1.63,
            "gross_profit": 719466,
            "gross_margin": 24.11,
            "gross_margin_4q_avg": 18.22,
            "net_income": 329931,
            "net_income_4q": null,
            "revenue": 2983539,
            "revenue_4q": null,
            "common_shares": 6167076,
            "book_valuer_per_share": 42.48,
            "book_valuer_per_share_4q_avg": 44.62,
            "equity": 26199761,
            "current_ratio": 36.1,
            "debt_ratio": 69.17,
            "inventory_turnover_ratio": 17.82,
            "account_receivable_turnover_ratio": 22.2,
            "reinvestment_rate": 339.39,
            "research_to_sale_ratio": null,
            "price_fair": 135.68,
            "eps_avg_yearly": 3.88,
            "eps_latest_yearly": 2.12,
            "eps_growth_yearly": 813.42
        },
        "20181": {
            "year_quarter": 20181,
            "year": 2018,
            "quarter": 1,
            "eps": 0.35,
            "eps_growth_year": 337.5,
            "eps_4q": 0.96,
            "eps_4q_growth_year": -10.1,
            "roe": 0.85,
            "roe_4q": 2.3200000000000003,
            "gross_profit": 736621,
            "gross_margin": 24.91,
            "gross_margin_4q_avg": 20.77,
            "net_income": 216040,
            "net_income_4q": null,
            "revenue": 2957139,
            "revenue_4q": null,
            "common_shares": 6167076,
            "book_valuer_per_share": 39.62,
            "book_valuer_per_share_4q_avg": 42.84,
            "equity": 24436460,
            "current_ratio": 30.47,
            "debt_ratio": 71,
            "inventory_turnover_ratio": 16.77,
            "account_receivable_turnover_ratio": 20.07,
            "reinvestment_rate": 332.22,
            "research_to_sale_ratio": null,
            "price_fair": 125.07,
            "eps_avg_yearly": 3.57,
            "eps_latest_yearly": 1.4,
            "eps_growth_yearly": 791.68
        },
        "20182": {
            "year_quarter": 20182,
            "year": 2018,
            "quarter": 2,
            "eps": 0.74,
            "eps_growth_year": null,
            "eps_4q": 1.93,
            "eps_4q_growth_year": 150.14,
            "roe": 1.79,
            "roe_4q": 4.66,
            "gross_profit": 862465,
            "gross_margin": 26.96,
            "gross_margin_4q_avg": 23.88,
            "net_income": 455783,
            "net_income_4q": null,
            "revenue": 3198971,
            "revenue_4q": null,
            "common_shares": 6167076,
            "book_valuer_per_share": 42.85,
            "book_valuer_per_share_4q_avg": 42.14,
            "equity": 26426251,
            "current_ratio": 25.26,
            "debt_ratio": 69.96,
            "inventory_turnover_ratio": 14.94,
            "account_receivable_turnover_ratio": 19.14,
            "reinvestment_rate": 438.11,
            "research_to_sale_ratio": null,
            "price_fair": 128.1,
            "eps_avg_yearly": 3.66,
            "eps_latest_yearly": 2.96,
            "eps_growth_yearly": 849.46
        },
        "20183": {
            "year_quarter": 20183,
            "year": 2018,
            "quarter": 3,
            "eps": 0.74,
            "eps_growth_year": 131.25,
            "eps_4q": 2.36,
            "eps_4q_growth_year": 122.76,
            "roe": 1.69,
            "roe_4q": 5.61,
            "gross_profit": 967546,
            "gross_margin": 28.6,
            "gross_margin_4q_avg": 26.15,
            "net_income": 454991,
            "net_income_4q": null,
            "revenue": 3382600,
            "revenue_4q": null,
            "common_shares": 6181738,
            "book_valuer_per_share": 44.6,
            "book_valuer_per_share_4q_avg": 42.39,
            "equity": 27571059,
            "current_ratio": 26.55,
            "debt_ratio": 68.92,
            "inventory_turnover_ratio": 14.61,
            "account_receivable_turnover_ratio": 20.37,
            "reinvestment_rate": 369.3,
            "research_to_sale_ratio": null,
            "price_fair": 127.17,
            "eps_avg_yearly": 3.63,
            "eps_latest_yearly": 2.96,
            "eps_growth_yearly": 825.84
        },
        "20184": {
            "year_quarter": 20184,
            "year": 2018,
            "quarter": 4,
            "eps": 1.08,
            "eps_growth_year": 102.53,
            "eps_4q": 2.87,
            "eps_4q_growth_year": 323.93,
            "roe": 2.45,
            "roe_4q": 6.78,
            "gross_profit": 1069652,
            "gross_margin": 30.31,
            "gross_margin_4q_avg": 27.7,
            "net_income": 682392,
            "net_income_4q": null,
            "revenue": 3528916,
            "revenue_4q": null,
            "common_shares": 6298055,
            "book_valuer_per_share": 44.63,
            "book_valuer_per_share_4q_avg": 42.93,
            "equity": 28107293,
            "current_ratio": 27.65,
            "debt_ratio": 68.4,
            "inventory_turnover_ratio": 16.56,
            "account_receivable_turnover_ratio": 21.41,
            "reinvestment_rate": 312.58,
            "research_to_sale_ratio": null,
            "price_fair": 124.72,
            "eps_avg_yearly": 3.56,
            "eps_latest_yearly": 4.32,
            "eps_growth_yearly": 822.05
        },
        "20191": {
            "year_quarter": 20191,
            "year": 2019,
            "quarter": 1,
            "eps": 0.65,
            "eps_growth_year": 85.71,
            "eps_4q": 3.15,
            "eps_4q_growth_year": 228.35,
            "roe": 1.44,
            "roe_4q": 7.37,
            "gross_profit": 923903,
            "gross_margin": 27.18,
            "gross_margin_4q_avg": 28.26,
            "net_income": 409976,
            "net_income_4q": null,
            "revenue": 3399526,
            "revenue_4q": null,
            "common_shares": 6361942,
            "book_valuer_per_share": 45.34,
            "book_valuer_per_share_4q_avg": 44.36,
            "equity": 28843238,
            "current_ratio": 26.94,
            "debt_ratio": 67.71,
            "inventory_turnover_ratio": 16.27,
            "account_receivable_turnover_ratio": 14.9,
            "reinvestment_rate": 211.02,
            "research_to_sale_ratio": null,
            "price_fair": 119.47,
            "eps_avg_yearly": 3.41,
            "eps_latest_yearly": 2.6,
            "eps_growth_yearly": 813.69
        },
        "20192": {
            "year_quarter": 20192,
            "year": 2019,
            "quarter": 2,
            "eps": 1.51,
            "eps_growth_year": 104.05,
            "eps_4q": 3.92,
            "eps_4q_growth_year": 103.06,
            "roe": 3.38,
            "roe_4q": 8.96,
            "gross_profit": 849120,
            "gross_margin": 24.69,
            "gross_margin_4q_avg": 27.7,
            "net_income": 963038,
            "net_income_4q": null,
            "revenue": 3438620,
            "revenue_4q": null,
            "common_shares": 6407030,
            "book_valuer_per_share": 43.86,
            "book_valuer_per_share_4q_avg": 44.61,
            "equity": 28104302,
            "current_ratio": 21.19,
            "debt_ratio": 68.9,
            "inventory_turnover_ratio": 17.31,
            "account_receivable_turnover_ratio": 15.31,
            "reinvestment_rate": 136.18,
            "research_to_sale_ratio": null,
            "price_fair": 123.2,
            "eps_avg_yearly": 3.52,
            "eps_latest_yearly": 6.04,
            "eps_growth_yearly": 855.07
        },
        "20193": {
            "year_quarter": 20193,
            "year": 2019,
            "quarter": 3,
            "eps": 0.6,
            "eps_growth_year": -18.92,
            "eps_4q": 3.76,
            "eps_4q_growth_year": 59.53,
            "roe": 1.35,
            "roe_4q": 8.620000000000001,
            "gross_profit": 913382,
            "gross_margin": 25.5,
            "gross_margin_4q_avg": 26.92,
            "net_income": 383161,
            "net_income_4q": null,
            "revenue": 3581820,
            "revenue_4q": null,
            "common_shares": 6486559,
            "book_valuer_per_share": 44.32,
            "book_valuer_per_share_4q_avg": 44.54,
            "equity": 28748071,
            "current_ratio": 23.75,
            "debt_ratio": 68.26,
            "inventory_turnover_ratio": 19.31,
            "account_receivable_turnover_ratio": 22.99,
            "reinvestment_rate": 62.7,
            "research_to_sale_ratio": null,
            "price_fair": 113.52,
            "eps_avg_yearly": 3.24,
            "eps_latest_yearly": 2.4,
            "eps_growth_yearly": 828.26
        },
        "20194": {
            "year_quarter": 20194,
            "year": 2019,
            "quarter": 4,
            "eps": 0.64,
            "eps_growth_year": -40.75,
            "eps_4q": 3.19,
            "eps_4q_growth_year": 11.06,
            "roe": 1.52,
            "roe_4q": 7.6899999999999995,
            "gross_profit": 883142,
            "gross_margin": 25.87,
            "gross_margin_4q_avg": 25.81,
            "net_income": 442408,
            "net_income_4q": null,
            "revenue": 3413491,
            "revenue_4q": null,
            "common_shares": 6891074,
            "book_valuer_per_share": 42.52,
            "book_valuer_per_share_4q_avg": 44.01,
            "equity": 29303661,
            "current_ratio": 33.38,
            "debt_ratio": 66.28,
            "inventory_turnover_ratio": 14.9,
            "account_receivable_turnover_ratio": 20.26,
            "reinvestment_rate": -20.36,
            "research_to_sale_ratio": null,
            "price_fair": 111.18,
            "eps_avg_yearly": 3.18,
            "eps_latest_yearly": 2.56,
            "eps_growth_yearly": 844.23
        },
        "20201": {
            "year_quarter": 20201,
            "year": 2020,
            "quarter": 1,
            "eps": -0.18,
            "eps_growth_year": -127.69,
            "eps_4q": 2.41,
            "eps_4q_growth_year": -23.4,
            "roe": -0.43,
            "roe_4q": 5.82,
            "gross_profit": 264643,
            "gross_margin": 9.48,
            "gross_margin_4q_avg": 21.39,
            "net_income": -126561,
            "net_income_4q": null,
            "revenue": 2791158,
            "revenue_4q": null,
            "common_shares": 6891559,
            "book_valuer_per_share": 42.63,
            "book_valuer_per_share_4q_avg": 43.33,
            "equity": 29375981,
            "current_ratio": 23.73,
            "debt_ratio": 66.68,
            "inventory_turnover_ratio": 11.35,
            "account_receivable_turnover_ratio": 15.96,
            "reinvestment_rate": -3.53,
            "research_to_sale_ratio": null,
            "price_fair": 100.29,
            "eps_avg_yearly": 2.87,
            "eps_latest_yearly": 2.56,
            "eps_growth_yearly": 885.91
        },
        "20202": {
            "year_quarter": 20202,
            "year": 2020,
            "quarter": 2,
            "eps": -0.42,
            "eps_growth_year": -127.81,
            "eps_4q": 0.53,
            "eps_4q_growth_year": -86.53,
            "roe": -1.06,
            "roe_4q": 1.3800000000000001,
            "gross_profit": 156871,
            "gross_margin": 5.76,
            "gross_margin_4q_avg": 16.65,
            "net_income": -305169,
            "net_income_4q": null,
            "revenue": 2725313,
            "revenue_4q": null,
            "common_shares": 7291559,
            "book_valuer_per_share": 38.67,
            "book_valuer_per_share_4q_avg": 42.04,
            "equity": 28197344,
            "current_ratio": 33.29,
            "debt_ratio": 67.63,
            "inventory_turnover_ratio": 11.15,
            "account_receivable_turnover_ratio": 18.34,
            "reinvestment_rate": 19.01,
            "research_to_sale_ratio": null,
            "price_fair": 100.29,
            "eps_avg_yearly": 2.87,
            "eps_latest_yearly": 2.56,
            "eps_growth_yearly": 885.91
        },
        "20203": {
            "year_quarter": 20203,
            "year": 2020,
            "quarter": 3,
            "eps": 0.16,
            "eps_growth_year": -73.33,
            "eps_4q": 0.17,
            "eps_4q_growth_year": -95.44,
            "roe": 0.42,
            "roe_4q": 0.44999999999999996,
            "gross_profit": 551361,
            "gross_margin": 17.6,
            "gross_margin_4q_avg": 14.68,
            "net_income": 117382,
            "net_income_4q": null,
            "revenue": 3133042,
            "revenue_4q": null,
            "common_shares": 7464092,
            "book_valuer_per_share": 36.61,
            "book_valuer_per_share_4q_avg": 40.11,
            "equity": 27324342,
            "current_ratio": 28.67,
            "debt_ratio": 67.8,
            "inventory_turnover_ratio": 14.21,
            "account_receivable_turnover_ratio": 23.39,
            "reinvestment_rate": -35.33,
            "research_to_sale_ratio": null,
            "price_fair": 100.29,
            "eps_avg_yearly": 2.87,
            "eps_latest_yearly": 2.56,
            "eps_growth_yearly": 885.91
        },
        "20204": {
            "year_quarter": 20204,
            "year": 2020,
            "quarter": 4,
            "eps": 0.57,
            "eps_growth_year": -11.15,
            "eps_4q": 0.15,
            "eps_4q_growth_year": -95.32,
            "roe": 1.58,
            "roe_4q": 0.51,
            "gross_profit": 684364,
            "gross_margin": 20.8,
            "gross_margin_4q_avg": 13.41,
            "net_income": 425762,
            "net_income_4q": null,
            "revenue": 3289920,
            "revenue_4q": null,
            "common_shares": 7464092,
            "book_valuer_per_share": 35.5,
            "book_valuer_per_share_4q_avg": 38.35,
            "equity": 26496236,
            "current_ratio": 38.12,
            "debt_ratio": 67.85,
            "inventory_turnover_ratio": 11.44,
            "account_receivable_turnover_ratio": 23.18,
            "reinvestment_rate": -131.29,
            "research_to_sale_ratio": null,
            "price_fair": 95.33,
            "eps_avg_yearly": 2.72,
            "eps_latest_yearly": 2.28,
            "eps_growth_yearly": 142.73
        },
        "20211": {
            "year_quarter": 20211,
            "year": 2021,
            "quarter": 1,
            "eps": 1.19,
            "eps_growth_year": null,
            "eps_4q": 1.51,
            "eps_4q_growth_year": -37.34,
            "roe": 3.2,
            "roe_4q": 4.140000000000001,
            "gross_profit": 1027894,
            "gross_margin": 29.05,
            "gross_margin_4q_avg": 18.3,
            "net_income": 889896,
            "net_income_4q": null,
            "revenue": 3537777,
            "revenue_4q": null,
            "common_shares": 7464092,
            "book_valuer_per_share": 38.92,
            "book_valuer_per_share_4q_avg": 37.43,
            "equity": 29050609,
            "current_ratio": 31.9,
            "debt_ratio": 65.63,
            "inventory_turnover_ratio": 10.79,
            "account_receivable_turnover_ratio": 22.96,
            "reinvestment_rate": 15.72,
            "research_to_sale_ratio": null,
            "price_fair": 109.45,
            "eps_avg_yearly": 3.13,
            "eps_latest_yearly": 4.76,
            "eps_growth_yearly": 215.62
        },
        "20212": {
            "year_quarter": 20212,
            "year": 2021,
            "quarter": 2,
            "eps": 2.1,
            "eps_growth_year": null,
            "eps_4q": 4.02,
            "eps_4q_growth_year": 660.92,
            "roe": 5.41,
            "roe_4q": 10.61,
            "gross_profit": 1761247,
            "gross_margin": 40.51,
            "gross_margin_4q_avg": 26.99,
            "net_income": 1563854,
            "net_income_4q": null,
            "revenue": 4347787,
            "revenue_4q": null,
            "common_shares": 7464092,
            "book_valuer_per_share": 38.59,
            "book_valuer_per_share_4q_avg": 37.41,
            "equity": 28802662,
            "current_ratio": 49.64,
            "debt_ratio": 65.22,
            "inventory_turnover_ratio": 18.85,
            "account_receivable_turnover_ratio": 33.64,
            "reinvestment_rate": -69.93,
            "research_to_sale_ratio": null,
            "price_fair": 124.83,
            "eps_avg_yearly": 3.57,
            "eps_latest_yearly": 8.4,
            "eps_growth_yearly": 223.14
        },
        "20213": {
            "year_quarter": 20213,
            "year": 2021,
            "quarter": 3,
            "eps": 3.58,
            "eps_growth_year": 2137.5,
            "eps_4q": 7.44,
            "eps_4q_growth_year": 4237.45,
            "roe": 8.85,
            "roe_4q": 19.04,
            "gross_profit": 2384343,
            "gross_margin": 46.78,
            "gross_margin_4q_avg": 34.29,
            "net_income": 2675021,
            "net_income_4q": null,
            "revenue": 5096780,
            "revenue_4q": null,
            "common_shares": 7464092,
            "book_valuer_per_share": 42.43,
            "book_valuer_per_share_4q_avg": 38.86,
            "equity": 31673864,
            "current_ratio": 61.49,
            "debt_ratio": 61.95,
            "inventory_turnover_ratio": 24.9,
            "account_receivable_turnover_ratio": 38.76,
            "reinvestment_rate": -80.25,
            "research_to_sale_ratio": null,
            "price_fair": 153.78,
            "eps_avg_yearly": 4.39,
            "eps_latest_yearly": 14.32,
            "eps_growth_yearly": 227.66
        },
        "20214": {
            "year_quarter": 20214,
            "year": 2021,
            "quarter": 4,
            "eps": 4.17,
            "eps_growth_year": 631.86,
            "eps_4q": 11.05,
            "eps_4q_growth_year": 7300.08,
            "roe": 9.34,
            "roe_4q": 26.799999999999997,
            "gross_profit": 3278029,
            "gross_margin": 52.98,
            "gross_margin_4q_avg": 42.33,
            "net_income": 3115970,
            "net_income_4q": null,
            "revenue": 6187053,
            "revenue_4q": null,
            "common_shares": 7464092,
            "book_valuer_per_share": 46.92,
            "book_valuer_per_share_4q_avg": 41.72,
            "equity": 35019264,
            "current_ratio": 76.8,
            "debt_ratio": 57.86,
            "inventory_turnover_ratio": 27.47,
            "account_receivable_turnover_ratio": 37.3,
            "reinvestment_rate": -80,
            "research_to_sale_ratio": null,
            "price_fair": 192.98,
            "eps_avg_yearly": 5.51,
            "eps_latest_yearly": 16.68,
            "eps_growth_yearly": 212.54
        },
        "20221": {
            "year_quarter": 20221,
            "year": 2022,
            "quarter": 1,
            "eps": 3.59,
            "eps_growth_year": 201.68,
            "eps_4q": 13.44,
            "eps_4q_growth_year": 789.51,
            "roe": 7.17,
            "roe_4q": 30.77,
            "gross_profit": 2825413,
            "gross_margin": 49.11,
            "gross_margin_4q_avg": 47.35,
            "net_income": 2677718,
            "net_income_4q": null,
            "revenue": 5753544,
            "revenue_4q": null,
            "common_shares": 7464092,
            "book_valuer_per_share": 53.22,
            "book_valuer_per_share_4q_avg": 45.29,
            "equity": 39721143,
            "current_ratio": 79.47,
            "debt_ratio": 54.86,
            "inventory_turnover_ratio": 24.52,
            "account_receivable_turnover_ratio": 31.65,
            "reinvestment_rate": -46.1,
            "research_to_sale_ratio": null,
            "price_fair": 227.88,
            "eps_avg_yearly": 6.51,
            "eps_latest_yearly": 14.36,
            "eps_growth_yearly": 218.71
        },
        "20222": {
            "year_quarter": 20222,
            "year": 2022,
            "quarter": 2,
            "eps": 5.71,
            "eps_growth_year": 171.9,
            "eps_4q": 17.05,
            "eps_4q_growth_year": 324.74,
            "roe": 10.3,
            "roe_4q": 35.66,
            "gross_profit": 4352168,
            "gross_margin": 57.42,
            "gross_margin_4q_avg": 51.57,
            "net_income": 4260440,
            "net_income_4q": null,
            "revenue": 7579901,
            "revenue_4q": null,
            "common_shares": 7464092,
            "book_valuer_per_share": 57.6,
            "book_valuer_per_share_4q_avg": 50.04,
            "equity": 42994036,
            "current_ratio": 72.36,
            "debt_ratio": 53.14,
            "inventory_turnover_ratio": 20.46,
            "account_receivable_turnover_ratio": 45.62,
            "reinvestment_rate": -36.17,
            "research_to_sale_ratio": null,
            "price_fair": 281.4,
            "eps_avg_yearly": 8.04,
            "eps_latest_yearly": 22.84,
            "eps_growth_yearly": 202.6
        },
        "20223": {
            "year_quarter": 20223,
            "year": 2022,
            "quarter": 3,
            "eps": 3.42,
            "eps_growth_year": -4.47,
            "eps_4q": 16.89,
            "eps_4q_growth_year": 126.92,
            "roe": 5.53,
            "roe_4q": 32.34,
            "gross_profit": 2792081,
            "gross_margin": 44.12,
            "gross_margin_4q_avg": 50.91,
            "net_income": 2550007,
            "net_income_4q": null,
            "revenue": 6328748,
            "revenue_4q": null,
            "common_shares": 7464092,
            "book_valuer_per_share": 65.96,
            "book_valuer_per_share_4q_avg": 55.93,
            "equity": 49236666,
            "current_ratio": 87.83,
            "debt_ratio": 49.91,
            "inventory_turnover_ratio": 16.57,
            "account_receivable_turnover_ratio": 45.15,
            "reinvestment_rate": -14.93,
            "research_to_sale_ratio": null,
            "price_fair": 310.26,
            "eps_avg_yearly": 8.86,
            "eps_latest_yearly": 13.68,
            "eps_growth_yearly": 190.25
        },
        "20224": {
            "year_quarter": 20224,
            "year": 2022,
            "quarter": 4,
            "eps": 1.45,
            "eps_growth_year": -65.31,
            "eps_4q": 14.16,
            "eps_4q_growth_year": 28.19,
            "roe": 2.24,
            "roe_4q": 25.240000000000002,
            "gross_profit": 1740475,
            "gross_margin": 33.15,
            "gross_margin_4q_avg": 45.95,
            "net_income": 1080819,
            "net_income_4q": null,
            "revenue": 5250819,
            "revenue_4q": null,
            "common_shares": 7464092,
            "book_valuer_per_share": 63.09,
            "book_valuer_per_share_4q_avg": 59.97,
            "equity": 47087790,
            "current_ratio": 88.71,
            "debt_ratio": 49.95,
            "inventory_turnover_ratio": 15.73,
            "account_receivable_turnover_ratio": 35.83,
            "reinvestment_rate": -36.37,
            "research_to_sale_ratio": null,
            "price_fair": 314.25,
            "eps_avg_yearly": 8.98,
            "eps_latest_yearly": 5.8,
            "eps_growth_yearly": 158.39
        },
        "20231": {
            "year_quarter": 20231,
            "year": 2023,
            "quarter": 1,
            "eps": -0.18,
            "eps_growth_year": -105.01,
            "eps_4q": 10.39,
            "eps_4q_growth_year": -22.68,
            "roe": -0.29,
            "roe_4q": 17.78,
            "gross_profit": 392078,
            "gross_margin": 10.93,
            "gross_margin_4q_avg": 36.41,
            "net_income": -133751,
            "net_income_4q": null,
            "revenue": 3587628,
            "revenue_4q": null,
            "common_shares": 7464092,
            "book_valuer_per_share": 62.54,
            "book_valuer_per_share_4q_avg": 62.3,
            "equity": 46676945,
            "current_ratio": 77.18,
            "debt_ratio": 48.94,
            "inventory_turnover_ratio": 18.5,
            "account_receivable_turnover_ratio": 26.93,
            "reinvestment_rate": -24.33,
            "research_to_sale_ratio": null,
            "price_fair": 332.85,
            "eps_avg_yearly": 9.51,
            "eps_latest_yearly": 5.8,
            "eps_growth_yearly": 184.87
        },
        "20232": {
            "year_quarter": 20232,
            "year": 2023,
            "quarter": 2,
            "eps": 2.05,
            "eps_growth_year": -64.1,
            "eps_4q": 6.74,
            "eps_4q_growth_year": -60.49,
            "roe": 3.34,
            "roe_4q": 10.82,
            "gross_profit": 1255846,
            "gross_margin": 26.59,
            "gross_margin_4q_avg": 28.7,
            "net_income": 1532358,
            "net_income_4q": null,
            "revenue": 4723426,
            "revenue_4q": null,
            "common_shares": 7464092,
            "book_valuer_per_share": 60.45,
            "book_valuer_per_share_4q_avg": 63.01,
            "equity": 45117259,
            "current_ratio": 49.45,
            "debt_ratio": 50.12,
            "inventory_turnover_ratio": 22.93,
            "account_receivable_turnover_ratio": 42.55,
            "reinvestment_rate": -22.83,
            "research_to_sale_ratio": null,
            "price_fair": 343.89,
            "eps_avg_yearly": 9.83,
            "eps_latest_yearly": 5.8,
            "eps_growth_yearly": 153.56
        }
    },
    "months": {
        "2009-08": {
            "month": "2009-08",
            "price": "35.75",
            "revenue": 0
        },
        "2009-09": {
            "month": "2009-09",
            "price": "45.22",
            "revenue": 0
        },
        "2009-10": {
            "month": "2009-10",
            "price": "45.36",
            "revenue": 0
        },
        "2009-11": {
            "month": "2009-11",
            "price": "43.84",
            "revenue": 0
        },
        "2010-11": {
            "month": "2010-11",
            "price": "40.58",
            "revenue": 586837
        },
        "2010-12": {
            "month": "2010-12",
            "price": "38.99",
            "revenue": 534598
        },
        "2011-01": {
            "month": "2011-01",
            "price": "39.25",
            "revenue": 604159
        },
        "2011-02": {
            "month": "2011-02",
            "price": "42.57",
            "revenue": 572183
        },
        "2011-03": {
            "month": "2011-03",
            "price": "42.12",
            "revenue": 619006
        },
        "2011-04": {
            "month": "2011-04",
            "price": "42.87",
            "revenue": 608418
        },
        "2011-05": {
            "month": "2011-05",
            "price": "44.49",
            "revenue": 618333
        },
        "2011-06": {
            "month": "2011-06",
            "price": "43.45",
            "revenue": 591716
        },
        "2011-07": {
            "month": "2011-07",
            "price": "43.24",
            "revenue": 613670
        },
        "2011-08": {
            "month": "2011-08",
            "price": "40.66",
            "revenue": 599601
        },
        "2011-09": {
            "month": "2011-09",
            "price": "38.45",
            "revenue": 624539
        },
        "2011-10": {
            "month": "2011-10",
            "price": "37.62",
            "revenue": 672228
        },
        "2011-11": {
            "month": "2011-11",
            "price": "36.27",
            "revenue": 682789
        },
        "2011-12": {
            "month": "2011-12",
            "price": "36.87",
            "revenue": 750032
        },
        "2012-01": {
            "month": "2012-01",
            "price": "38.09",
            "revenue": 716172
        },
        "2012-02": {
            "month": "2012-02",
            "price": "39.92",
            "revenue": 667529
        },
        "2012-03": {
            "month": "2012-03",
            "price": "43.72",
            "revenue": 691525
        },
        "2012-04": {
            "month": "2012-04",
            "price": "43.05",
            "revenue": 667529
        },
        "2012-05": {
            "month": "2012-05",
            "price": "42.17",
            "revenue": 691240
        },
        "2012-06": {
            "month": "2012-06",
            "price": "41.02",
            "revenue": 717837
        },
        "2012-07": {
            "month": "2012-07",
            "price": "43.06",
            "revenue": 771222
        },
        "2012-08": {
            "month": "2012-08",
            "price": "40.92",
            "revenue": 739422
        },
        "2012-09": {
            "month": "2012-09",
            "price": "40.12",
            "revenue": 682877
        },
        "2012-10": {
            "month": "2012-10",
            "price": "39.05",
            "revenue": 666710
        },
        "2012-11": {
            "month": "2012-11",
            "price": "38.47",
            "revenue": 665747
        },
        "2012-12": {
            "month": "2012-12",
            "price": "39.74",
            "revenue": 720553
        },
        "2013-01": {
            "month": "2013-01",
            "price": "41.41",
            "revenue": 676001
        },
        "2013-02": {
            "month": "2013-02",
            "price": "41.72",
            "revenue": 617392
        },
        "2013-03": {
            "month": "2013-03",
            "price": "40.67",
            "revenue": 692313
        },
        "2013-04": {
            "month": "2013-04",
            "price": "40.32",
            "revenue": 679223
        },
        "2013-05": {
            "month": "2013-05",
            "price": "39.54",
            "revenue": 681831
        },
        "2013-06": {
            "month": "2013-06",
            "price": "38.11",
            "revenue": 692470
        },
        "2013-07": {
            "month": "2013-07",
            "price": "39.00",
            "revenue": 697211
        },
        "2013-08": {
            "month": "2013-08",
            "price": "37.57",
            "revenue": 702426
        },
        "2013-09": {
            "month": "2013-09",
            "price": "37.50",
            "revenue": 721865
        },
        "2013-10": {
            "month": "2013-10",
            "price": "36.48",
            "revenue": 721354
        },
        "2013-11": {
            "month": "2013-11",
            "price": "34.25",
            "revenue": 697565
        },
        "2013-12": {
            "month": "2013-12",
            "price": "33.69",
            "revenue": 747655
        },
        "2014-01": {
            "month": "2014-01",
            "price": "34.35",
            "revenue": 737158
        },
        "2014-02": {
            "month": "2014-02",
            "price": "34.44",
            "revenue": 686479
        },
        "2014-03": {
            "month": "2014-03",
            "price": "35.13",
            "revenue": 707045
        },
        "2014-04": {
            "month": "2014-04",
            "price": "36.63",
            "revenue": 727832
        },
        "2014-05": {
            "month": "2014-05",
            "price": "36.45",
            "revenue": 755929
        },
        "2014-06": {
            "month": "2014-06",
            "price": "36.85",
            "revenue": 723076
        },
        "2014-07": {
            "month": "2014-07",
            "price": "36.91",
            "revenue": 745963
        },
        "2014-08": {
            "month": "2014-08",
            "price": "34.89",
            "revenue": 762168
        },
        "2014-09": {
            "month": "2014-09",
            "price": "35.72",
            "revenue": 776160
        },
        "2014-10": {
            "month": "2014-10",
            "price": "34.93",
            "revenue": 789252
        },
        "2014-11": {
            "month": "2014-11",
            "price": "34.98",
            "revenue": 791956
        },
        "2014-12": {
            "month": "2014-12",
            "price": "35.90",
            "revenue": 857247
        },
        "2015-01": {
            "month": "2015-01",
            "price": "37.63",
            "revenue": 866863
        },
        "2015-02": {
            "month": "2015-02",
            "price": "37.16",
            "revenue": 811052
        },
        "2015-03": {
            "month": "2015-03",
            "price": "37.98",
            "revenue": 895098
        },
        "2015-04": {
            "month": "2015-04",
            "price": "39.91",
            "revenue": 890981
        },
        "2015-05": {
            "month": "2015-05",
            "price": "41.09",
            "revenue": 908091
        },
        "2015-06": {
            "month": "2015-06",
            "price": "41.18",
            "revenue": 902652
        },
        "2015-07": {
            "month": "2015-07",
            "price": "37.96",
            "revenue": 931545
        },
        "2015-08": {
            "month": "2015-08",
            "price": "37.29",
            "revenue": 969229
        },
        "2015-09": {
            "month": "2015-09",
            "price": "37.74",
            "revenue": 940191
        },
        "2015-10": {
            "month": "2015-10",
            "price": "37.36",
            "revenue": 968462
        },
        "2015-11": {
            "month": "2015-11",
            "price": "36.39",
            "revenue": 947576
        },
        "2015-12": {
            "month": "2015-12",
            "price": "35.88",
            "revenue": 982163
        },
        "2016-01": {
            "month": "2016-01",
            "price": "35.72",
            "revenue": 954165
        },
        "2016-02": {
            "month": "2016-02",
            "price": "36.10",
            "revenue": 881151
        },
        "2016-03": {
            "month": "2016-03",
            "price": "37.03",
            "revenue": 914743
        },
        "2016-04": {
            "month": "2016-04",
            "price": "37.14",
            "revenue": 852566
        },
        "2016-05": {
            "month": "2016-05",
            "price": "36.50",
            "revenue": 894273
        },
        "2016-06": {
            "month": "2016-06",
            "price": "36.41",
            "revenue": 869899
        },
        "2016-07": {
            "month": "2016-07",
            "price": "33.87",
            "revenue": 862543
        },
        "2016-08": {
            "month": "2016-08",
            "price": "32.54",
            "revenue": 889535
        },
        "2016-09": {
            "month": "2016-09",
            "price": "31.96",
            "revenue": 852487
        },
        "2016-10": {
            "month": "2016-10",
            "price": "29.19",
            "revenue": 896379
        },
        "2016-11": {
            "month": "2016-11",
            "price": "29.57",
            "revenue": 883055
        },
        "2016-12": {
            "month": "2016-12",
            "price": "30.63",
            "revenue": 927184
        },
        "2017-01": {
            "month": "2017-01",
            "price": "30.71",
            "revenue": 907278
        },
        "2017-02": {
            "month": "2017-02",
            "price": "32.00",
            "revenue": 810724
        },
        "2017-03": {
            "month": "2017-03",
            "price": "33.18",
            "revenue": 890712
        },
        "2017-04": {
            "month": "2017-04",
            "price": "32.92",
            "revenue": 854645
        },
        "2017-05": {
            "month": "2017-05",
            "price": "31.43",
            "revenue": 879806
        },
        "2017-06": {
            "month": "2017-06",
            "price": "30.27",
            "revenue": 867520
        },
        "2017-07": {
            "month": "2017-07",
            "price": "30.42",
            "revenue": 950294
        },
        "2017-08": {
            "month": "2017-08",
            "price": "29.03",
            "revenue": 952216
        },
        "2017-09": {
            "month": "2017-09",
            "price": "28.42",
            "revenue": 938708
        },
        "2017-10": {
            "month": "2017-10",
            "price": "27.01",
            "revenue": 995445
        },
        "2017-11": {
            "month": "2017-11",
            "price": "27.87",
            "revenue": 969458
        },
        "2017-12": {
            "month": "2017-12",
            "price": "28.94",
            "revenue": 1014700
        },
        "2018-01": {
            "month": "2018-01",
            "price": "29.18",
            "revenue": 1008104
        },
        "2018-02": {
            "month": "2018-02",
            "price": "27.93",
            "revenue": 911932
        },
        "2018-03": {
            "month": "2018-03",
            "price": "27.89",
            "revenue": 1037068
        },
        "2018-04": {
            "month": "2018-04",
            "price": "27.90",
            "revenue": 1014753
        },
        "2018-05": {
            "month": "2018-05",
            "price": "29.01",
            "revenue": 1098105
        },
        "2018-06": {
            "month": "2018-06",
            "price": "29.10",
            "revenue": 1088369
        },
        "2018-07": {
            "month": "2018-07",
            "price": "29.33",
            "revenue": 1140844
        },
        "2018-08": {
            "month": "2018-08",
            "price": "30.47",
            "revenue": 1145524
        },
        "2018-09": {
            "month": "2018-09",
            "price": "29.74",
            "revenue": 1100942
        },
        "2018-10": {
            "month": "2018-10",
            "price": "30.34",
            "revenue": 1187425
        },
        "2018-11": {
            "month": "2018-11",
            "price": "28.64",
            "revenue": 1152278
        },
        "2018-12": {
            "month": "2018-12",
            "price": "29.19",
            "revenue": 1194985
        },
        "2019-01": {
            "month": "2019-01",
            "price": "29.17",
            "revenue": 1183027
        },
        "2019-02": {
            "month": "2019-02",
            "price": "29.03",
            "revenue": 1053565
        },
        "2019-03": {
            "month": "2019-03",
            "price": "29.78",
            "revenue": 1162952
        },
        "2019-04": {
            "month": "2019-04",
            "price": "29.48",
            "revenue": 1121461
        },
        "2019-05": {
            "month": "2019-05",
            "price": "29.63",
            "revenue": 1171534
        },
        "2019-06": {
            "month": "2019-06",
            "price": "30.20",
            "revenue": 1145849
        },
        "2019-07": {
            "month": "2019-07",
            "price": "32.91",
            "revenue": 1181080
        },
        "2019-08": {
            "month": "2019-08",
            "price": "31.18",
            "revenue": 1215662
        },
        "2019-09": {
            "month": "2019-09",
            "price": "31.20",
            "revenue": 1186001
        },
        "2019-10": {
            "month": "2019-10",
            "price": "30.55",
            "revenue": 1185533
        },
        "2019-11": {
            "month": "2019-11",
            "price": "29.85",
            "revenue": 1104358
        },
        "2019-12": {
            "month": "2019-12",
            "price": "29.52",
            "revenue": 1123723
        },
        "2020-01": {
            "month": "2020-01",
            "price": "29.00",
            "revenue": 1006809
        },
        "2020-02": {
            "month": "2020-02",
            "price": "27.57",
            "revenue": 844533
        },
        "2020-03": {
            "month": "2020-03",
            "price": "23.64",
            "revenue": 939502
        },
        "2020-04": {
            "month": "2020-04",
            "price": "23.45",
            "revenue": 899913
        },
        "2020-05": {
            "month": "2020-05",
            "price": "23.82",
            "revenue": 920693
        },
        "2020-06": {
            "month": "2020-06",
            "price": "24.15",
            "revenue": 904684
        },
        "2020-07": {
            "month": "2020-07",
            "price": "22.96",
            "revenue": 1029667
        },
        "2020-08": {
            "month": "2020-08",
            "price": "22.51",
            "revenue": 1078562
        },
        "2020-09": {
            "month": "2020-09",
            "price": "22.33",
            "revenue": 1019377
        },
        "2020-10": {
            "month": "2020-10",
            "price": "21.85",
            "revenue": 1088679
        },
        "2020-11": {
            "month": "2020-11",
            "price": "21.87",
            "revenue": 1054736
        },
        "2020-12": {
            "month": "2020-12",
            "price": "23.40",
            "revenue": 1127860
        },
        "2021-01": {
            "month": "2021-01",
            "price": "25.08",
            "revenue": 1127006
        },
        "2021-02": {
            "month": "2021-02",
            "price": "25.97",
            "revenue": 1042262
        },
        "2021-03": {
            "month": "2021-03",
            "price": "30.48",
            "revenue": 1370721
        },
        "2021-04": {
            "month": "2021-04",
            "price": "48.36",
            "revenue": 1382114
        },
        "2021-05": {
            "month": "2021-05",
            "price": "65.90",
            "revenue": 1458428
        },
        "2021-06": {
            "month": "2021-06",
            "price": "82.56",
            "revenue": 1504599
        },
        "2021-07": {
            "month": "2021-07",
            "price": "88.93",
            "revenue": 1674660
        },
        "2021-08": {
            "month": "2021-08",
            "price": "81.61",
            "revenue": 1708351
        },
        "2021-09": {
            "month": "2021-09",
            "price": "79.58",
            "revenue": 1709077
        },
        "2021-10": {
            "month": "2021-10",
            "price": "69.40",
            "revenue": 2087316
        },
        "2021-11": {
            "month": "2021-11",
            "price": "70.93",
            "revenue": 2032262
        },
        "2021-12": {
            "month": "2021-12",
            "price": "78.26",
            "revenue": 2060571
        },
        "2022-01": {
            "month": "2022-01",
            "price": "78.16",
            "revenue": 1931101
        },
        "2022-02": {
            "month": "2022-02",
            "price": "86.19",
            "revenue": 1623788
        },
        "2022-03": {
            "month": "2022-03",
            "price": "90.03",
            "revenue": 2203376
        },
        "2022-04": {
            "month": "2022-04",
            "price": "91.34",
            "revenue": 2401571
        },
        "2022-05": {
            "month": "2022-05",
            "price": "97.55",
            "revenue": 2641291
        },
        "2022-06": {
            "month": "2022-06",
            "price": "82.40",
            "revenue": 2577717
        },
        "2022-07": {
            "month": "2022-07",
            "price": "66.35",
            "revenue": 2342621
        },
        "2022-08": {
            "month": "2022-08",
            "price": "65.62",
            "revenue": 2073045
        },
        "2022-09": {
            "month": "2022-09",
            "price": "55.36",
            "revenue": 1872460
        },
        "2022-10": {
            "month": "2022-10",
            "price": "54.60",
            "revenue": 1950495
        },
        "2022-11": {
            "month": "2022-11",
            "price": "57.29",
            "revenue": 1715584
        },
        "2022-12": {
            "month": "2022-12",
            "price": "61.53",
            "revenue": 1500514
        },
        "2023-01": {
            "month": "2023-01",
            "price": "60.09",
            "revenue": 1333303
        },
        "2023-02": {
            "month": "2023-02",
            "price": "61.98",
            "revenue": 924097
        },
        "2023-03": {
            "month": "2023-03",
            "price": "66.82",
            "revenue": 1333078
        },
        "2023-04": {
            "month": "2023-04",
            "price": "64.15",
            "revenue": 1557211
        },
        "2023-05": {
            "month": "2023-05",
            "price": "61.21",
            "revenue": 1647911
        },
        "2023-06": {
            "month": "2023-06",
            "price": "50.13",
            "revenue": 1523828
        },
        "2023-07": {
            "month": "2023-07",
            "price": "46.63",
            "revenue": 1231046
        },
        "2023-08": {
            "month": "2023-08",
            "price": "45.09",
            "revenue": 1240371
        },
        "2023-09": {
            "month": "2023-09",
            "price": "47.96",
            "revenue": 1304896
        }
    }
}
