{
    "summary": {
        "stock_name": "大車隊",
        "stock_id": "2640",
        "category": "數位雲端",
        "main_business": "計程車派遣業務及廣告服務",
        "website_url": "http://www.taiwantaxi.com.tw",
        "ceo": "楊榮輝",
        "pe_ratio": 16,
        "report_year_from": 2010,
        "report_year_to": 2023,
        "age": 14,
        "eps_negative_percentage": 0,
        "eps_growth_avg": {
            "last_all": 13,
            "last_2y": 2.53,
            "last_4y": 4.52,
            "last_8y": 1.29,
            "last_12y": null,
            "last_16y": null,
            "last_20y": null,
            "at_2006_last_3y": null,
            "at_2007_last_3y": null,
            "at_2008_last_3y": null,
            "at_2009_last_3y": null,
            "at_2010_last_3y": null,
            "at_2011_last_3y": null,
            "at_2012_last_3y": null,
            "at_2013_last_3y": null,
            "at_2014_last_3y": null,
            "at_2015_last_3y": 28.46,
            "at_2016_last_3y": -3.24,
            "at_2017_last_3y": 0.87,
            "at_2018_last_3y": -2.76,
            "at_2019_last_3y": 7.97,
            "at_2020_last_3y": 15.35,
            "at_2021_last_3y": -1.82,
            "at_2022_last_3y": 9.08,
            "at_2023_last_3y": 2.57,
            "at_2024_last_3y": 2.57,
            "at_2006_last_all": null,
            "at_2007_last_all": null,
            "at_2008_last_all": null,
            "at_2009_last_all": null,
            "at_2010_last_all": null,
            "at_2011_last_all": null,
            "at_2012_last_all": null,
            "at_2013_last_all": 65.6,
            "at_2014_last_all": 48.15,
            "at_2015_last_all": 28.46,
            "at_2016_last_all": 17.41,
            "at_2017_last_all": 22.45,
            "at_2018_last_all": 19.06,
            "at_2019_last_all": 18.22,
            "at_2020_last_all": 16.49,
            "at_2021_last_all": 12.74,
            "at_2022_last_all": 15.43,
            "at_2023_last_all": 13,
            "at_2024_last_all": 13
        },
        "latest_eps": 6.55,
        "latest_price": 107.5,
        "latest_roe": 19.73,
        "latest_gross_margin": 45.54,
        "latest_equity": 1890099,
        "latest_revenue": 703173,
        "latest_gross_profit": 320197,
        "latest_net_income": 97437,
        "latest_debt_ratio": 42.29,
        "latest_current_ratio": 151.48,
        "latest_account_receivable_turnover_ratio": 2.3,
        "latest_inventory_turnover_ratio": 11.31,
        "latest_reinvestment_rate": 18.33,
        "latest_research_to_sale_ratio": null
    },
    "eps_dividends": {
        "2001": {
            "cash": 0,
            "stock": 0,
            "eps": 0
        },
        "2002": {
            "cash": 0,
            "stock": 0,
            "eps": 0
        },
        "2003": {
            "cash": 0,
            "stock": 0,
            "eps": 0
        },
        "2004": {
            "cash": 0,
            "stock": 0,
            "eps": 0
        },
        "2005": {
            "cash": 0,
            "stock": 0,
            "eps": 0
        },
        "2006": {
            "cash": 0,
            "stock": 0,
            "eps": 0
        },
        "2007": {
            "cash": 0,
            "stock": 0,
            "eps": 0
        },
        "2008": {
            "cash": 0,
            "stock": 0,
            "eps": 0
        },
        "2009": {
            "cash": 0,
            "stock": 0,
            "eps": 0
        },
        "2010": {
            "cash": 0,
            "stock": 0,
            "eps": 0
        },
        "2011": {
            "cash": 0,
            "stock": 0,
            "eps": 0.73
        },
        "2012": {
            "cash": 1.5,
            "stock": 0.5,
            "eps": 4.2
        },
        "2013": {
            "cash": 3,
            "stock": 0.5,
            "eps": 5.51
        },
        "2014": {
            "cash": 4.3,
            "stock": 0.5,
            "eps": 6.24
        },
        "2015": {
            "cash": 4.9,
            "stock": 0.5,
            "eps": 4.33
        },
        "2016": {
            "cash": 3.28,
            "stock": 0.5,
            "eps": 3.17
        },
        "2017": {
            "cash": 2.2,
            "stock": 0.5,
            "eps": 4.68
        },
        "2018": {
            "cash": 3.5,
            "stock": 0.5,
            "eps": 4.62
        },
        "2019": {
            "cash": 3.3,
            "stock": 0.5,
            "eps": 5.19
        },
        "2020": {
            "cash": 3.7,
            "stock": 0.5,
            "eps": 5.33
        },
        "2021": {
            "cash": 3.9,
            "stock": 0.5,
            "eps": 4.21
        },
        "2022": {
            "cash": 3.5,
            "stock": 0,
            "eps": 5.99
        },
        "2023": {
            "cash": 5,
            "stock": 0,
            "eps": 5.17
        }
    },
    "dividends": {
        "2012-03-06": {
            "cash": 1.5,
            "stock": 0.5
        },
        "2013-06-04": {
            "cash": 3,
            "stock": 0.5
        },
        "2014-10-31": {
            "cash": 4.3,
            "stock": 0.5
        },
        "2015-09-30": {
            "cash": 4.9,
            "stock": 0.5
        },
        "2016-09-09": {
            "cash": 3.28,
            "stock": 0.5
        },
        "2017-08-18": {
            "cash": 2.2,
            "stock": 0.5
        },
        "2018-08-29": {
            "cash": 3.5,
            "stock": 0.5
        },
        "2019-07-31": {
            "cash": 3.3,
            "stock": 0.5
        },
        "2020-07-31": {
            "cash": 3.7,
            "stock": 0.5
        },
        "2021-08-31": {
            "cash": 3.9,
            "stock": 0.5
        },
        "2022-08-31": {
            "cash": 3.5,
            "stock": 0
        },
        "2023-07-31": {
            "cash": 5,
            "stock": 0
        }
    },
    "prices": {
        "200101": "無",
        "200102": "無",
        "200103": "無",
        "200104": "無",
        "200105": "無",
        "200106": "無",
        "200107": "無",
        "200108": "無",
        "200109": "無",
        "200110": "無",
        "200111": "無",
        "200112": "無",
        "200201": "無",
        "200202": "無",
        "200203": "無",
        "200204": "無",
        "200205": "無",
        "200206": "無",
        "200207": "無",
        "200208": "無",
        "200209": "無",
        "200210": "無",
        "200211": "無",
        "200212": "無",
        "200301": "無",
        "200302": "無",
        "200303": "無",
        "200304": "無",
        "200305": "無",
        "200306": "無",
        "200307": "無",
        "200308": "無",
        "200309": "無",
        "200310": "無",
        "200311": "無",
        "200312": "無",
        "200401": "無",
        "200402": "無",
        "200403": "無",
        "200404": "無",
        "200405": "無",
        "200406": "無",
        "200407": "無",
        "200408": "無",
        "200409": "無",
        "200410": "無",
        "200411": "無",
        "200412": "無",
        "200501": "無",
        "200502": "無",
        "200503": "無",
        "200504": "無",
        "200505": "無",
        "200506": "無",
        "200507": "無",
        "200508": "無",
        "200509": "無",
        "200510": "無",
        "200511": "無",
        "200512": "無",
        "200601": "無",
        "200602": "無",
        "200603": "無",
        "200604": "無",
        "200605": "無",
        "200606": "無",
        "200607": "無",
        "200608": "無",
        "200609": "無",
        "200610": "無",
        "200611": "無",
        "200612": "無",
        "200701": "無",
        "200702": "無",
        "200703": "無",
        "200704": "無",
        "200705": "無",
        "200706": "無",
        "200707": "無",
        "200708": "無",
        "200709": "無",
        "200710": "無",
        "200711": "無",
        "200712": "無",
        "200801": "無",
        "200802": "無",
        "200803": "無",
        "200804": "無",
        "200805": "無",
        "200806": "無",
        "200807": "無",
        "200808": "無",
        "200809": "無",
        "200810": "無",
        "200811": "無",
        "200812": "無",
        "200901": "無",
        "200902": "無",
        "200903": "無",
        "200904": "無",
        "200905": "無",
        "200906": "無",
        "200907": "無",
        "200908": "無",
        "200909": "無",
        "200910": "無",
        "200911": "無",
        "200912": "無",
        "201001": "無",
        "201002": "無",
        "201003": "無",
        "201004": "無",
        "201005": "無",
        "201006": "無",
        "201007": "無",
        "201008": "無",
        "201009": "無",
        "201010": "無",
        "201011": "無",
        "201012": "無",
        "201101": "無",
        "201102": "無",
        "201103": "無",
        "201104": "無",
        "201105": "無",
        "201106": "無",
        "201107": "77.20",
        "201108": "71.67",
        "201109": "56.94",
        "201110": "48.24",
        "201111": "45.77",
        "201112": "39.80",
        "201201": "41.33",
        "201202": "52.81",
        "201203": "62.07",
        "201204": "72.40",
        "201205": "72.67",
        "201206": "73.93",
        "201207": "73.88",
        "201208": "89.33",
        "201209": "91.81",
        "201210": "93.92",
        "201211": "69.86",
        "201212": "71.81",
        "201301": "72.78",
        "201302": "74.58",
        "201303": "77.27",
        "201304": "76.76",
        "201305": "73.57",
        "201306": "78.82",
        "201307": "116.93",
        "201308": "131.38",
        "201309": "150.55",
        "201310": "160.48",
        "201311": "149.60",
        "201312": "145.05",
        "201401": "150.58",
        "201402": "138.21",
        "201403": "132.86",
        "201404": "126.69",
        "201405": "127.05",
        "201406": "154.18",
        "201407": "148.25",
        "201408": "138.40",
        "201409": "132.90",
        "201410": "126.61",
        "201411": "113.35",
        "201412": "112.88",
        "201501": "109.80",
        "201502": "113.73",
        "201503": "114.00",
        "201504": "114.40",
        "201505": "104.00",
        "201506": "103.57",
        "201507": "94.29",
        "201508": "77.56",
        "201509": "72.76",
        "201510": "74.56",
        "201511": "72.56",
        "201512": "66.61",
        "201601": "56.01",
        "201602": "59.34",
        "201603": "60.71",
        "201604": "59.71",
        "201605": "56.14",
        "201606": "55.88",
        "201607": "56.67",
        "201608": "55.70",
        "201609": "50.39",
        "201610": "45.58",
        "201611": "42.95",
        "201612": "46.24",
        "201701": "48.98",
        "201702": "51.42",
        "201703": "48.72",
        "201704": "48.78",
        "201705": "48.87",
        "201706": "50.29",
        "201707": "52.35",
        "201708": "60.17",
        "201709": "76.00",
        "201710": "77.79",
        "201711": "73.26",
        "201712": "68.58",
        "201801": "62.92",
        "201802": "60.10",
        "201803": "62.78",
        "201804": "68.01",
        "201805": "77.27",
        "201806": "82.52",
        "201807": "77.33",
        "201808": "69.99",
        "201809": "65.83",
        "201810": "60.32",
        "201811": "58.59",
        "201812": "59.58",
        "201901": "59.81",
        "201902": "61.84",
        "201903": "63.23",
        "201904": "63.86",
        "201905": "63.65",
        "201906": "66.04",
        "201907": "68.05",
        "201908": "74.72",
        "201909": "73.64",
        "201910": "72.76",
        "201911": "75.19",
        "201912": "76.55",
        "202001": "78.47",
        "202002": "75.94",
        "202003": "68.13",
        "202004": "70.50",
        "202005": "77.88",
        "202006": "79.67",
        "202007": "87.57",
        "202008": "89.35",
        "202009": "87.20",
        "202010": "78.32",
        "202011": "83.29",
        "202012": "80.47",
        "202101": "78.00",
        "202102": "75.48",
        "202103": "78.64",
        "202104": "85.16",
        "202105": "81.12",
        "202106": "79.81",
        "202107": "84.41",
        "202108": "76.30",
        "202109": "70.70",
        "202110": "71.91",
        "202111": "73.33",
        "202112": "77.92",
        "202201": "80.39",
        "202202": "81.97",
        "202203": "82.37",
        "202204": "80.77",
        "202205": "78.28",
        "202206": "77.87",
        "202207": "78.76",
        "202208": "81.93",
        "202209": "84.04",
        "202210": "81.57",
        "202211": "81.80",
        "202212": "85.91",
        "202301": "89.17",
        "202302": "99.85",
        "202303": "110.54",
        "202304": "117.44",
        "202305": "134.14",
        "202306": "130.35",
        "202307": "117.83",
        "202308": "108.70",
        "202309": "106.28",
        "202310": "107.55",
        "202311": "109.82",
        "202312": "111.71"
    },
    "quarters": {
        "20011": {
            "year_quarter": 20011,
            "year": 2001,
            "quarter": 1,
            "eps": null,
            "eps_growth_year": null,
            "eps_4q": null,
            "eps_4q_growth_year": null,
            "roe": null,
            "roe_4q": 0,
            "gross_profit": null,
            "gross_margin": null,
            "gross_margin_4q_avg": 0,
            "net_income": null,
            "net_income_4q": null,
            "revenue": null,
            "revenue_4q": null,
            "common_shares": null,
            "book_valuer_per_share": null,
            "book_valuer_per_share_4q_avg": 0,
            "equity": null,
            "current_ratio": null,
            "debt_ratio": null,
            "inventory_turnover_ratio": null,
            "account_receivable_turnover_ratio": null,
            "reinvestment_rate": null,
            "research_to_sale_ratio": null,
            "price_fair": 0,
            "eps_avg_yearly": 0,
            "eps_latest_yearly": 0,
            "eps_growth_yearly": 0
        },
        "20012": {
            "year_quarter": 20012,
            "year": 2001,
            "quarter": 2,
            "eps": null,
            "eps_growth_year": null,
            "eps_4q": null,
            "eps_4q_growth_year": null,
            "roe": null,
            "roe_4q": 0,
            "gross_profit": null,
            "gross_margin": null,
            "gross_margin_4q_avg": 0,
            "net_income": null,
            "net_income_4q": null,
            "revenue": null,
            "revenue_4q": null,
            "common_shares": null,
            "book_valuer_per_share": null,
            "book_valuer_per_share_4q_avg": 0,
            "equity": null,
            "current_ratio": null,
            "debt_ratio": null,
            "inventory_turnover_ratio": null,
            "account_receivable_turnover_ratio": null,
            "reinvestment_rate": null,
            "research_to_sale_ratio": null,
            "price_fair": 0,
            "eps_avg_yearly": 0,
            "eps_latest_yearly": 0,
            "eps_growth_yearly": 0
        },
        "20013": {
            "year_quarter": 20013,
            "year": 2001,
            "quarter": 3,
            "eps": null,
            "eps_growth_year": null,
            "eps_4q": null,
            "eps_4q_growth_year": null,
            "roe": null,
            "roe_4q": 0,
            "gross_profit": null,
            "gross_margin": null,
            "gross_margin_4q_avg": 0,
            "net_income": null,
            "net_income_4q": null,
            "revenue": null,
            "revenue_4q": null,
            "common_shares": null,
            "book_valuer_per_share": null,
            "book_valuer_per_share_4q_avg": 0,
            "equity": null,
            "current_ratio": null,
            "debt_ratio": null,
            "inventory_turnover_ratio": null,
            "account_receivable_turnover_ratio": null,
            "reinvestment_rate": null,
            "research_to_sale_ratio": null,
            "price_fair": 0,
            "eps_avg_yearly": 0,
            "eps_latest_yearly": 0,
            "eps_growth_yearly": 0
        },
        "20014": {
            "year_quarter": 20014,
            "year": 2001,
            "quarter": 4,
            "eps": null,
            "eps_growth_year": null,
            "eps_4q": null,
            "eps_4q_growth_year": null,
            "roe": null,
            "roe_4q": 0,
            "gross_profit": null,
            "gross_margin": null,
            "gross_margin_4q_avg": 0,
            "net_income": null,
            "net_income_4q": null,
            "revenue": null,
            "revenue_4q": null,
            "common_shares": null,
            "book_valuer_per_share": null,
            "book_valuer_per_share_4q_avg": 0,
            "equity": null,
            "current_ratio": null,
            "debt_ratio": null,
            "inventory_turnover_ratio": null,
            "account_receivable_turnover_ratio": null,
            "reinvestment_rate": null,
            "research_to_sale_ratio": null,
            "price_fair": 0,
            "eps_avg_yearly": 0,
            "eps_latest_yearly": 0,
            "eps_growth_yearly": 0
        },
        "20021": {
            "year_quarter": 20021,
            "year": 2002,
            "quarter": 1,
            "eps": null,
            "eps_growth_year": null,
            "eps_4q": null,
            "eps_4q_growth_year": null,
            "roe": null,
            "roe_4q": 0,
            "gross_profit": null,
            "gross_margin": null,
            "gross_margin_4q_avg": 0,
            "net_income": null,
            "net_income_4q": null,
            "revenue": null,
            "revenue_4q": null,
            "common_shares": null,
            "book_valuer_per_share": null,
            "book_valuer_per_share_4q_avg": 0,
            "equity": null,
            "current_ratio": null,
            "debt_ratio": null,
            "inventory_turnover_ratio": null,
            "account_receivable_turnover_ratio": null,
            "reinvestment_rate": null,
            "research_to_sale_ratio": null,
            "price_fair": 0,
            "eps_avg_yearly": 0,
            "eps_latest_yearly": 0,
            "eps_growth_yearly": 0
        },
        "20022": {
            "year_quarter": 20022,
            "year": 2002,
            "quarter": 2,
            "eps": null,
            "eps_growth_year": null,
            "eps_4q": null,
            "eps_4q_growth_year": null,
            "roe": null,
            "roe_4q": 0,
            "gross_profit": null,
            "gross_margin": null,
            "gross_margin_4q_avg": 0,
            "net_income": null,
            "net_income_4q": null,
            "revenue": null,
            "revenue_4q": null,
            "common_shares": null,
            "book_valuer_per_share": null,
            "book_valuer_per_share_4q_avg": 0,
            "equity": null,
            "current_ratio": null,
            "debt_ratio": null,
            "inventory_turnover_ratio": null,
            "account_receivable_turnover_ratio": null,
            "reinvestment_rate": null,
            "research_to_sale_ratio": null,
            "price_fair": 0,
            "eps_avg_yearly": 0,
            "eps_latest_yearly": 0,
            "eps_growth_yearly": 0
        },
        "20023": {
            "year_quarter": 20023,
            "year": 2002,
            "quarter": 3,
            "eps": null,
            "eps_growth_year": null,
            "eps_4q": null,
            "eps_4q_growth_year": null,
            "roe": null,
            "roe_4q": 0,
            "gross_profit": null,
            "gross_margin": null,
            "gross_margin_4q_avg": 0,
            "net_income": null,
            "net_income_4q": null,
            "revenue": null,
            "revenue_4q": null,
            "common_shares": null,
            "book_valuer_per_share": null,
            "book_valuer_per_share_4q_avg": 0,
            "equity": null,
            "current_ratio": null,
            "debt_ratio": null,
            "inventory_turnover_ratio": null,
            "account_receivable_turnover_ratio": null,
            "reinvestment_rate": null,
            "research_to_sale_ratio": null,
            "price_fair": 0,
            "eps_avg_yearly": 0,
            "eps_latest_yearly": 0,
            "eps_growth_yearly": 0
        },
        "20024": {
            "year_quarter": 20024,
            "year": 2002,
            "quarter": 4,
            "eps": null,
            "eps_growth_year": null,
            "eps_4q": null,
            "eps_4q_growth_year": null,
            "roe": null,
            "roe_4q": 0,
            "gross_profit": null,
            "gross_margin": null,
            "gross_margin_4q_avg": 0,
            "net_income": null,
            "net_income_4q": null,
            "revenue": null,
            "revenue_4q": null,
            "common_shares": null,
            "book_valuer_per_share": null,
            "book_valuer_per_share_4q_avg": 0,
            "equity": null,
            "current_ratio": null,
            "debt_ratio": null,
            "inventory_turnover_ratio": null,
            "account_receivable_turnover_ratio": null,
            "reinvestment_rate": null,
            "research_to_sale_ratio": null,
            "price_fair": 0,
            "eps_avg_yearly": 0,
            "eps_latest_yearly": 0,
            "eps_growth_yearly": 0
        },
        "20031": {
            "year_quarter": 20031,
            "year": 2003,
            "quarter": 1,
            "eps": null,
            "eps_growth_year": null,
            "eps_4q": null,
            "eps_4q_growth_year": null,
            "roe": null,
            "roe_4q": 0,
            "gross_profit": null,
            "gross_margin": null,
            "gross_margin_4q_avg": 0,
            "net_income": null,
            "net_income_4q": null,
            "revenue": null,
            "revenue_4q": null,
            "common_shares": null,
            "book_valuer_per_share": null,
            "book_valuer_per_share_4q_avg": 0,
            "equity": null,
            "current_ratio": null,
            "debt_ratio": null,
            "inventory_turnover_ratio": null,
            "account_receivable_turnover_ratio": null,
            "reinvestment_rate": null,
            "research_to_sale_ratio": null,
            "price_fair": 0,
            "eps_avg_yearly": 0,
            "eps_latest_yearly": 0,
            "eps_growth_yearly": 0
        },
        "20032": {
            "year_quarter": 20032,
            "year": 2003,
            "quarter": 2,
            "eps": null,
            "eps_growth_year": null,
            "eps_4q": null,
            "eps_4q_growth_year": null,
            "roe": null,
            "roe_4q": 0,
            "gross_profit": null,
            "gross_margin": null,
            "gross_margin_4q_avg": 0,
            "net_income": null,
            "net_income_4q": null,
            "revenue": null,
            "revenue_4q": null,
            "common_shares": null,
            "book_valuer_per_share": null,
            "book_valuer_per_share_4q_avg": 0,
            "equity": null,
            "current_ratio": null,
            "debt_ratio": null,
            "inventory_turnover_ratio": null,
            "account_receivable_turnover_ratio": null,
            "reinvestment_rate": null,
            "research_to_sale_ratio": null,
            "price_fair": 0,
            "eps_avg_yearly": 0,
            "eps_latest_yearly": 0,
            "eps_growth_yearly": 0
        },
        "20033": {
            "year_quarter": 20033,
            "year": 2003,
            "quarter": 3,
            "eps": null,
            "eps_growth_year": null,
            "eps_4q": null,
            "eps_4q_growth_year": null,
            "roe": null,
            "roe_4q": 0,
            "gross_profit": null,
            "gross_margin": null,
            "gross_margin_4q_avg": 0,
            "net_income": null,
            "net_income_4q": null,
            "revenue": null,
            "revenue_4q": null,
            "common_shares": null,
            "book_valuer_per_share": null,
            "book_valuer_per_share_4q_avg": 0,
            "equity": null,
            "current_ratio": null,
            "debt_ratio": null,
            "inventory_turnover_ratio": null,
            "account_receivable_turnover_ratio": null,
            "reinvestment_rate": null,
            "research_to_sale_ratio": null,
            "price_fair": 0,
            "eps_avg_yearly": 0,
            "eps_latest_yearly": 0,
            "eps_growth_yearly": 0
        },
        "20034": {
            "year_quarter": 20034,
            "year": 2003,
            "quarter": 4,
            "eps": null,
            "eps_growth_year": null,
            "eps_4q": null,
            "eps_4q_growth_year": null,
            "roe": null,
            "roe_4q": 0,
            "gross_profit": null,
            "gross_margin": null,
            "gross_margin_4q_avg": 0,
            "net_income": null,
            "net_income_4q": null,
            "revenue": null,
            "revenue_4q": null,
            "common_shares": null,
            "book_valuer_per_share": null,
            "book_valuer_per_share_4q_avg": 0,
            "equity": null,
            "current_ratio": null,
            "debt_ratio": null,
            "inventory_turnover_ratio": null,
            "account_receivable_turnover_ratio": null,
            "reinvestment_rate": null,
            "research_to_sale_ratio": null,
            "price_fair": 0,
            "eps_avg_yearly": 0,
            "eps_latest_yearly": 0,
            "eps_growth_yearly": 0
        },
        "20041": {
            "year_quarter": 20041,
            "year": 2004,
            "quarter": 1,
            "eps": null,
            "eps_growth_year": null,
            "eps_4q": null,
            "eps_4q_growth_year": null,
            "roe": null,
            "roe_4q": 0,
            "gross_profit": null,
            "gross_margin": null,
            "gross_margin_4q_avg": 0,
            "net_income": null,
            "net_income_4q": null,
            "revenue": null,
            "revenue_4q": null,
            "common_shares": null,
            "book_valuer_per_share": null,
            "book_valuer_per_share_4q_avg": 0,
            "equity": null,
            "current_ratio": null,
            "debt_ratio": null,
            "inventory_turnover_ratio": null,
            "account_receivable_turnover_ratio": null,
            "reinvestment_rate": null,
            "research_to_sale_ratio": null,
            "price_fair": 0,
            "eps_avg_yearly": 0,
            "eps_latest_yearly": 0,
            "eps_growth_yearly": 0
        },
        "20042": {
            "year_quarter": 20042,
            "year": 2004,
            "quarter": 2,
            "eps": null,
            "eps_growth_year": null,
            "eps_4q": null,
            "eps_4q_growth_year": null,
            "roe": null,
            "roe_4q": 0,
            "gross_profit": null,
            "gross_margin": null,
            "gross_margin_4q_avg": 0,
            "net_income": null,
            "net_income_4q": null,
            "revenue": null,
            "revenue_4q": null,
            "common_shares": null,
            "book_valuer_per_share": null,
            "book_valuer_per_share_4q_avg": 0,
            "equity": null,
            "current_ratio": null,
            "debt_ratio": null,
            "inventory_turnover_ratio": null,
            "account_receivable_turnover_ratio": null,
            "reinvestment_rate": null,
            "research_to_sale_ratio": null,
            "price_fair": 0,
            "eps_avg_yearly": 0,
            "eps_latest_yearly": 0,
            "eps_growth_yearly": 0
        },
        "20043": {
            "year_quarter": 20043,
            "year": 2004,
            "quarter": 3,
            "eps": null,
            "eps_growth_year": null,
            "eps_4q": null,
            "eps_4q_growth_year": null,
            "roe": null,
            "roe_4q": 0,
            "gross_profit": null,
            "gross_margin": null,
            "gross_margin_4q_avg": 0,
            "net_income": null,
            "net_income_4q": null,
            "revenue": null,
            "revenue_4q": null,
            "common_shares": null,
            "book_valuer_per_share": null,
            "book_valuer_per_share_4q_avg": 0,
            "equity": null,
            "current_ratio": null,
            "debt_ratio": null,
            "inventory_turnover_ratio": null,
            "account_receivable_turnover_ratio": null,
            "reinvestment_rate": null,
            "research_to_sale_ratio": null,
            "price_fair": 0,
            "eps_avg_yearly": 0,
            "eps_latest_yearly": 0,
            "eps_growth_yearly": 0
        },
        "20044": {
            "year_quarter": 20044,
            "year": 2004,
            "quarter": 4,
            "eps": null,
            "eps_growth_year": null,
            "eps_4q": null,
            "eps_4q_growth_year": null,
            "roe": null,
            "roe_4q": 0,
            "gross_profit": null,
            "gross_margin": null,
            "gross_margin_4q_avg": 0,
            "net_income": null,
            "net_income_4q": null,
            "revenue": null,
            "revenue_4q": null,
            "common_shares": null,
            "book_valuer_per_share": null,
            "book_valuer_per_share_4q_avg": 0,
            "equity": null,
            "current_ratio": null,
            "debt_ratio": null,
            "inventory_turnover_ratio": null,
            "account_receivable_turnover_ratio": null,
            "reinvestment_rate": null,
            "research_to_sale_ratio": null,
            "price_fair": 0,
            "eps_avg_yearly": 0,
            "eps_latest_yearly": 0,
            "eps_growth_yearly": 0
        },
        "20051": {
            "year_quarter": 20051,
            "year": 2005,
            "quarter": 1,
            "eps": null,
            "eps_growth_year": null,
            "eps_4q": null,
            "eps_4q_growth_year": null,
            "roe": null,
            "roe_4q": 0,
            "gross_profit": null,
            "gross_margin": null,
            "gross_margin_4q_avg": 0,
            "net_income": null,
            "net_income_4q": null,
            "revenue": null,
            "revenue_4q": null,
            "common_shares": null,
            "book_valuer_per_share": null,
            "book_valuer_per_share_4q_avg": 0,
            "equity": null,
            "current_ratio": null,
            "debt_ratio": null,
            "inventory_turnover_ratio": null,
            "account_receivable_turnover_ratio": null,
            "reinvestment_rate": null,
            "research_to_sale_ratio": null,
            "price_fair": 0,
            "eps_avg_yearly": 0,
            "eps_latest_yearly": 0,
            "eps_growth_yearly": 0
        },
        "20052": {
            "year_quarter": 20052,
            "year": 2005,
            "quarter": 2,
            "eps": null,
            "eps_growth_year": null,
            "eps_4q": null,
            "eps_4q_growth_year": null,
            "roe": null,
            "roe_4q": 0,
            "gross_profit": null,
            "gross_margin": null,
            "gross_margin_4q_avg": 0,
            "net_income": null,
            "net_income_4q": null,
            "revenue": null,
            "revenue_4q": null,
            "common_shares": null,
            "book_valuer_per_share": null,
            "book_valuer_per_share_4q_avg": 0,
            "equity": null,
            "current_ratio": null,
            "debt_ratio": null,
            "inventory_turnover_ratio": null,
            "account_receivable_turnover_ratio": null,
            "reinvestment_rate": null,
            "research_to_sale_ratio": null,
            "price_fair": 0,
            "eps_avg_yearly": 0,
            "eps_latest_yearly": 0,
            "eps_growth_yearly": 0
        },
        "20053": {
            "year_quarter": 20053,
            "year": 2005,
            "quarter": 3,
            "eps": null,
            "eps_growth_year": null,
            "eps_4q": null,
            "eps_4q_growth_year": null,
            "roe": null,
            "roe_4q": 0,
            "gross_profit": null,
            "gross_margin": null,
            "gross_margin_4q_avg": 0,
            "net_income": null,
            "net_income_4q": null,
            "revenue": null,
            "revenue_4q": null,
            "common_shares": null,
            "book_valuer_per_share": null,
            "book_valuer_per_share_4q_avg": 0,
            "equity": null,
            "current_ratio": null,
            "debt_ratio": null,
            "inventory_turnover_ratio": null,
            "account_receivable_turnover_ratio": null,
            "reinvestment_rate": null,
            "research_to_sale_ratio": null,
            "price_fair": 0,
            "eps_avg_yearly": 0,
            "eps_latest_yearly": 0,
            "eps_growth_yearly": 0
        },
        "20054": {
            "year_quarter": 20054,
            "year": 2005,
            "quarter": 4,
            "eps": null,
            "eps_growth_year": null,
            "eps_4q": null,
            "eps_4q_growth_year": null,
            "roe": null,
            "roe_4q": 0,
            "gross_profit": null,
            "gross_margin": null,
            "gross_margin_4q_avg": 0,
            "net_income": null,
            "net_income_4q": null,
            "revenue": null,
            "revenue_4q": null,
            "common_shares": null,
            "book_valuer_per_share": null,
            "book_valuer_per_share_4q_avg": 0,
            "equity": null,
            "current_ratio": null,
            "debt_ratio": null,
            "inventory_turnover_ratio": null,
            "account_receivable_turnover_ratio": null,
            "reinvestment_rate": null,
            "research_to_sale_ratio": null,
            "price_fair": 0,
            "eps_avg_yearly": 0,
            "eps_latest_yearly": 0,
            "eps_growth_yearly": 0
        },
        "20061": {
            "year_quarter": 20061,
            "year": 2006,
            "quarter": 1,
            "eps": null,
            "eps_growth_year": null,
            "eps_4q": null,
            "eps_4q_growth_year": null,
            "roe": null,
            "roe_4q": 0,
            "gross_profit": null,
            "gross_margin": null,
            "gross_margin_4q_avg": 0,
            "net_income": null,
            "net_income_4q": null,
            "revenue": null,
            "revenue_4q": null,
            "common_shares": null,
            "book_valuer_per_share": null,
            "book_valuer_per_share_4q_avg": 0,
            "equity": null,
            "current_ratio": null,
            "debt_ratio": null,
            "inventory_turnover_ratio": null,
            "account_receivable_turnover_ratio": null,
            "reinvestment_rate": null,
            "research_to_sale_ratio": null,
            "price_fair": 0,
            "eps_avg_yearly": 0,
            "eps_latest_yearly": 0,
            "eps_growth_yearly": 0
        },
        "20062": {
            "year_quarter": 20062,
            "year": 2006,
            "quarter": 2,
            "eps": null,
            "eps_growth_year": null,
            "eps_4q": null,
            "eps_4q_growth_year": null,
            "roe": null,
            "roe_4q": 0,
            "gross_profit": null,
            "gross_margin": null,
            "gross_margin_4q_avg": 0,
            "net_income": null,
            "net_income_4q": null,
            "revenue": null,
            "revenue_4q": null,
            "common_shares": null,
            "book_valuer_per_share": null,
            "book_valuer_per_share_4q_avg": 0,
            "equity": null,
            "current_ratio": null,
            "debt_ratio": null,
            "inventory_turnover_ratio": null,
            "account_receivable_turnover_ratio": null,
            "reinvestment_rate": null,
            "research_to_sale_ratio": null,
            "price_fair": 0,
            "eps_avg_yearly": 0,
            "eps_latest_yearly": 0,
            "eps_growth_yearly": 0
        },
        "20063": {
            "year_quarter": 20063,
            "year": 2006,
            "quarter": 3,
            "eps": null,
            "eps_growth_year": null,
            "eps_4q": null,
            "eps_4q_growth_year": null,
            "roe": null,
            "roe_4q": 0,
            "gross_profit": null,
            "gross_margin": null,
            "gross_margin_4q_avg": 0,
            "net_income": null,
            "net_income_4q": null,
            "revenue": null,
            "revenue_4q": null,
            "common_shares": null,
            "book_valuer_per_share": null,
            "book_valuer_per_share_4q_avg": 0,
            "equity": null,
            "current_ratio": null,
            "debt_ratio": null,
            "inventory_turnover_ratio": null,
            "account_receivable_turnover_ratio": null,
            "reinvestment_rate": null,
            "research_to_sale_ratio": null,
            "price_fair": 0,
            "eps_avg_yearly": 0,
            "eps_latest_yearly": 0,
            "eps_growth_yearly": 0
        },
        "20064": {
            "year_quarter": 20064,
            "year": 2006,
            "quarter": 4,
            "eps": null,
            "eps_growth_year": null,
            "eps_4q": null,
            "eps_4q_growth_year": null,
            "roe": null,
            "roe_4q": 0,
            "gross_profit": null,
            "gross_margin": null,
            "gross_margin_4q_avg": 0,
            "net_income": null,
            "net_income_4q": null,
            "revenue": null,
            "revenue_4q": null,
            "common_shares": 200000,
            "book_valuer_per_share": 8.15,
            "book_valuer_per_share_4q_avg": 2.04,
            "equity": 162974,
            "current_ratio": 239.87,
            "debt_ratio": 27.35,
            "inventory_turnover_ratio": null,
            "account_receivable_turnover_ratio": null,
            "reinvestment_rate": null,
            "research_to_sale_ratio": null,
            "price_fair": 0,
            "eps_avg_yearly": 0,
            "eps_latest_yearly": 0,
            "eps_growth_yearly": 0
        },
        "20071": {
            "year_quarter": 20071,
            "year": 2007,
            "quarter": 1,
            "eps": null,
            "eps_growth_year": null,
            "eps_4q": null,
            "eps_4q_growth_year": null,
            "roe": null,
            "roe_4q": 0,
            "gross_profit": null,
            "gross_margin": null,
            "gross_margin_4q_avg": 0,
            "net_income": null,
            "net_income_4q": null,
            "revenue": null,
            "revenue_4q": null,
            "common_shares": null,
            "book_valuer_per_share": null,
            "book_valuer_per_share_4q_avg": 2.04,
            "equity": null,
            "current_ratio": null,
            "debt_ratio": null,
            "inventory_turnover_ratio": null,
            "account_receivable_turnover_ratio": null,
            "reinvestment_rate": null,
            "research_to_sale_ratio": null,
            "price_fair": 0,
            "eps_avg_yearly": 0,
            "eps_latest_yearly": 0,
            "eps_growth_yearly": 0
        },
        "20072": {
            "year_quarter": 20072,
            "year": 2007,
            "quarter": 2,
            "eps": null,
            "eps_growth_year": null,
            "eps_4q": null,
            "eps_4q_growth_year": null,
            "roe": null,
            "roe_4q": 0,
            "gross_profit": null,
            "gross_margin": null,
            "gross_margin_4q_avg": 0,
            "net_income": null,
            "net_income_4q": null,
            "revenue": null,
            "revenue_4q": null,
            "common_shares": null,
            "book_valuer_per_share": null,
            "book_valuer_per_share_4q_avg": 2.04,
            "equity": null,
            "current_ratio": null,
            "debt_ratio": null,
            "inventory_turnover_ratio": null,
            "account_receivable_turnover_ratio": null,
            "reinvestment_rate": null,
            "research_to_sale_ratio": null,
            "price_fair": 0,
            "eps_avg_yearly": 0,
            "eps_latest_yearly": 0,
            "eps_growth_yearly": 0
        },
        "20073": {
            "year_quarter": 20073,
            "year": 2007,
            "quarter": 3,
            "eps": null,
            "eps_growth_year": null,
            "eps_4q": null,
            "eps_4q_growth_year": null,
            "roe": null,
            "roe_4q": 0,
            "gross_profit": null,
            "gross_margin": null,
            "gross_margin_4q_avg": 0,
            "net_income": null,
            "net_income_4q": null,
            "revenue": null,
            "revenue_4q": null,
            "common_shares": null,
            "book_valuer_per_share": null,
            "book_valuer_per_share_4q_avg": 2.04,
            "equity": null,
            "current_ratio": null,
            "debt_ratio": null,
            "inventory_turnover_ratio": null,
            "account_receivable_turnover_ratio": null,
            "reinvestment_rate": null,
            "research_to_sale_ratio": null,
            "price_fair": 0,
            "eps_avg_yearly": 0,
            "eps_latest_yearly": 0,
            "eps_growth_yearly": 0
        },
        "20074": {
            "year_quarter": 20074,
            "year": 2007,
            "quarter": 4,
            "eps": null,
            "eps_growth_year": null,
            "eps_4q": null,
            "eps_4q_growth_year": null,
            "roe": null,
            "roe_4q": 0,
            "gross_profit": null,
            "gross_margin": null,
            "gross_margin_4q_avg": 0,
            "net_income": null,
            "net_income_4q": null,
            "revenue": null,
            "revenue_4q": null,
            "common_shares": 200000,
            "book_valuer_per_share": 7.02,
            "book_valuer_per_share_4q_avg": 1.76,
            "equity": 140448,
            "current_ratio": 171.58,
            "debt_ratio": 32.08,
            "inventory_turnover_ratio": null,
            "account_receivable_turnover_ratio": null,
            "reinvestment_rate": null,
            "research_to_sale_ratio": null,
            "price_fair": 0,
            "eps_avg_yearly": 0,
            "eps_latest_yearly": 0,
            "eps_growth_yearly": 0
        },
        "20081": {
            "year_quarter": 20081,
            "year": 2008,
            "quarter": 1,
            "eps": null,
            "eps_growth_year": null,
            "eps_4q": null,
            "eps_4q_growth_year": null,
            "roe": null,
            "roe_4q": 0,
            "gross_profit": null,
            "gross_margin": null,
            "gross_margin_4q_avg": 0,
            "net_income": null,
            "net_income_4q": null,
            "revenue": null,
            "revenue_4q": null,
            "common_shares": null,
            "book_valuer_per_share": null,
            "book_valuer_per_share_4q_avg": 1.76,
            "equity": null,
            "current_ratio": null,
            "debt_ratio": null,
            "inventory_turnover_ratio": null,
            "account_receivable_turnover_ratio": null,
            "reinvestment_rate": null,
            "research_to_sale_ratio": null,
            "price_fair": 0,
            "eps_avg_yearly": 0,
            "eps_latest_yearly": 0,
            "eps_growth_yearly": 0
        },
        "20082": {
            "year_quarter": 20082,
            "year": 2008,
            "quarter": 2,
            "eps": null,
            "eps_growth_year": null,
            "eps_4q": null,
            "eps_4q_growth_year": null,
            "roe": null,
            "roe_4q": 0,
            "gross_profit": null,
            "gross_margin": null,
            "gross_margin_4q_avg": 0,
            "net_income": null,
            "net_income_4q": null,
            "revenue": null,
            "revenue_4q": null,
            "common_shares": null,
            "book_valuer_per_share": null,
            "book_valuer_per_share_4q_avg": 1.76,
            "equity": null,
            "current_ratio": null,
            "debt_ratio": null,
            "inventory_turnover_ratio": null,
            "account_receivable_turnover_ratio": null,
            "reinvestment_rate": null,
            "research_to_sale_ratio": null,
            "price_fair": 0,
            "eps_avg_yearly": 0,
            "eps_latest_yearly": 0,
            "eps_growth_yearly": 0
        },
        "20083": {
            "year_quarter": 20083,
            "year": 2008,
            "quarter": 3,
            "eps": null,
            "eps_growth_year": null,
            "eps_4q": null,
            "eps_4q_growth_year": null,
            "roe": null,
            "roe_4q": 0,
            "gross_profit": null,
            "gross_margin": null,
            "gross_margin_4q_avg": 0,
            "net_income": null,
            "net_income_4q": null,
            "revenue": null,
            "revenue_4q": null,
            "common_shares": null,
            "book_valuer_per_share": null,
            "book_valuer_per_share_4q_avg": 1.76,
            "equity": null,
            "current_ratio": null,
            "debt_ratio": null,
            "inventory_turnover_ratio": null,
            "account_receivable_turnover_ratio": null,
            "reinvestment_rate": null,
            "research_to_sale_ratio": null,
            "price_fair": 0,
            "eps_avg_yearly": 0,
            "eps_latest_yearly": 0,
            "eps_growth_yearly": 0
        },
        "20084": {
            "year_quarter": 20084,
            "year": 2008,
            "quarter": 4,
            "eps": null,
            "eps_growth_year": null,
            "eps_4q": null,
            "eps_4q_growth_year": null,
            "roe": null,
            "roe_4q": 0,
            "gross_profit": null,
            "gross_margin": null,
            "gross_margin_4q_avg": 0,
            "net_income": null,
            "net_income_4q": null,
            "revenue": null,
            "revenue_4q": null,
            "common_shares": 200000,
            "book_valuer_per_share": 8.14,
            "book_valuer_per_share_4q_avg": 2.04,
            "equity": 162840,
            "current_ratio": 253.14,
            "debt_ratio": 28.01,
            "inventory_turnover_ratio": null,
            "account_receivable_turnover_ratio": null,
            "reinvestment_rate": null,
            "research_to_sale_ratio": null,
            "price_fair": 0,
            "eps_avg_yearly": 0,
            "eps_latest_yearly": 0,
            "eps_growth_yearly": 0
        },
        "20091": {
            "year_quarter": 20091,
            "year": 2009,
            "quarter": 1,
            "eps": null,
            "eps_growth_year": null,
            "eps_4q": null,
            "eps_4q_growth_year": null,
            "roe": null,
            "roe_4q": 0,
            "gross_profit": null,
            "gross_margin": null,
            "gross_margin_4q_avg": 0,
            "net_income": null,
            "net_income_4q": null,
            "revenue": null,
            "revenue_4q": null,
            "common_shares": null,
            "book_valuer_per_share": null,
            "book_valuer_per_share_4q_avg": 2.04,
            "equity": null,
            "current_ratio": null,
            "debt_ratio": null,
            "inventory_turnover_ratio": null,
            "account_receivable_turnover_ratio": null,
            "reinvestment_rate": null,
            "research_to_sale_ratio": null,
            "price_fair": 0,
            "eps_avg_yearly": 0,
            "eps_latest_yearly": 0,
            "eps_growth_yearly": 0
        },
        "20092": {
            "year_quarter": 20092,
            "year": 2009,
            "quarter": 2,
            "eps": null,
            "eps_growth_year": null,
            "eps_4q": null,
            "eps_4q_growth_year": null,
            "roe": null,
            "roe_4q": 0,
            "gross_profit": null,
            "gross_margin": null,
            "gross_margin_4q_avg": 0,
            "net_income": null,
            "net_income_4q": null,
            "revenue": null,
            "revenue_4q": null,
            "common_shares": null,
            "book_valuer_per_share": null,
            "book_valuer_per_share_4q_avg": 2.04,
            "equity": null,
            "current_ratio": null,
            "debt_ratio": null,
            "inventory_turnover_ratio": null,
            "account_receivable_turnover_ratio": null,
            "reinvestment_rate": null,
            "research_to_sale_ratio": null,
            "price_fair": 0,
            "eps_avg_yearly": 0,
            "eps_latest_yearly": 0,
            "eps_growth_yearly": 0
        },
        "20093": {
            "year_quarter": 20093,
            "year": 2009,
            "quarter": 3,
            "eps": null,
            "eps_growth_year": null,
            "eps_4q": null,
            "eps_4q_growth_year": null,
            "roe": null,
            "roe_4q": 0,
            "gross_profit": null,
            "gross_margin": null,
            "gross_margin_4q_avg": 0,
            "net_income": null,
            "net_income_4q": null,
            "revenue": null,
            "revenue_4q": null,
            "common_shares": null,
            "book_valuer_per_share": null,
            "book_valuer_per_share_4q_avg": 2.04,
            "equity": null,
            "current_ratio": null,
            "debt_ratio": null,
            "inventory_turnover_ratio": null,
            "account_receivable_turnover_ratio": null,
            "reinvestment_rate": null,
            "research_to_sale_ratio": null,
            "price_fair": 0,
            "eps_avg_yearly": 0,
            "eps_latest_yearly": 0,
            "eps_growth_yearly": 0
        },
        "20094": {
            "year_quarter": 20094,
            "year": 2009,
            "quarter": 4,
            "eps": null,
            "eps_growth_year": null,
            "eps_4q": null,
            "eps_4q_growth_year": null,
            "roe": null,
            "roe_4q": 0,
            "gross_profit": null,
            "gross_margin": null,
            "gross_margin_4q_avg": 0,
            "net_income": null,
            "net_income_4q": null,
            "revenue": null,
            "revenue_4q": null,
            "common_shares": 200000,
            "book_valuer_per_share": 9.75,
            "book_valuer_per_share_4q_avg": 2.44,
            "equity": 194969,
            "current_ratio": 261.42,
            "debt_ratio": 32.24,
            "inventory_turnover_ratio": null,
            "account_receivable_turnover_ratio": null,
            "reinvestment_rate": null,
            "research_to_sale_ratio": null,
            "price_fair": 0,
            "eps_avg_yearly": 0,
            "eps_latest_yearly": 0,
            "eps_growth_yearly": 0
        },
        "20101": {
            "year_quarter": 20101,
            "year": 2010,
            "quarter": 1,
            "eps": null,
            "eps_growth_year": null,
            "eps_4q": null,
            "eps_4q_growth_year": null,
            "roe": null,
            "roe_4q": 0,
            "gross_profit": null,
            "gross_margin": null,
            "gross_margin_4q_avg": 0,
            "net_income": null,
            "net_income_4q": null,
            "revenue": null,
            "revenue_4q": null,
            "common_shares": null,
            "book_valuer_per_share": null,
            "book_valuer_per_share_4q_avg": 2.44,
            "equity": null,
            "current_ratio": null,
            "debt_ratio": null,
            "inventory_turnover_ratio": null,
            "account_receivable_turnover_ratio": null,
            "reinvestment_rate": null,
            "research_to_sale_ratio": null,
            "price_fair": 0,
            "eps_avg_yearly": 0,
            "eps_latest_yearly": 0,
            "eps_growth_yearly": 0
        },
        "20102": {
            "year_quarter": 20102,
            "year": 2010,
            "quarter": 2,
            "eps": null,
            "eps_growth_year": null,
            "eps_4q": null,
            "eps_4q_growth_year": null,
            "roe": null,
            "roe_4q": 0,
            "gross_profit": null,
            "gross_margin": null,
            "gross_margin_4q_avg": 0,
            "net_income": null,
            "net_income_4q": null,
            "revenue": null,
            "revenue_4q": null,
            "common_shares": 200000,
            "book_valuer_per_share": null,
            "book_valuer_per_share_4q_avg": 2.44,
            "equity": 241227,
            "current_ratio": null,
            "debt_ratio": null,
            "inventory_turnover_ratio": null,
            "account_receivable_turnover_ratio": null,
            "reinvestment_rate": null,
            "research_to_sale_ratio": null,
            "price_fair": 0,
            "eps_avg_yearly": 0,
            "eps_latest_yearly": 0,
            "eps_growth_yearly": 0
        },
        "20103": {
            "year_quarter": 20103,
            "year": 2010,
            "quarter": 3,
            "eps": null,
            "eps_growth_year": null,
            "eps_4q": null,
            "eps_4q_growth_year": null,
            "roe": null,
            "roe_4q": 0,
            "gross_profit": null,
            "gross_margin": null,
            "gross_margin_4q_avg": 0,
            "net_income": null,
            "net_income_4q": null,
            "revenue": null,
            "revenue_4q": null,
            "common_shares": null,
            "book_valuer_per_share": null,
            "book_valuer_per_share_4q_avg": 2.44,
            "equity": null,
            "current_ratio": null,
            "debt_ratio": null,
            "inventory_turnover_ratio": null,
            "account_receivable_turnover_ratio": null,
            "reinvestment_rate": null,
            "research_to_sale_ratio": null,
            "price_fair": 0,
            "eps_avg_yearly": 0,
            "eps_latest_yearly": 0,
            "eps_growth_yearly": 0
        },
        "20104": {
            "year_quarter": 20104,
            "year": 2010,
            "quarter": 4,
            "eps": null,
            "eps_growth_year": null,
            "eps_4q": null,
            "eps_4q_growth_year": null,
            "roe": null,
            "roe_4q": 0,
            "gross_profit": null,
            "gross_margin": null,
            "gross_margin_4q_avg": 0,
            "net_income": null,
            "net_income_4q": null,
            "revenue": null,
            "revenue_4q": null,
            "common_shares": 238000,
            "book_valuer_per_share": 20.3,
            "book_valuer_per_share_4q_avg": 5.08,
            "equity": 483119,
            "current_ratio": 284.61,
            "debt_ratio": 25.75,
            "inventory_turnover_ratio": null,
            "account_receivable_turnover_ratio": null,
            "reinvestment_rate": null,
            "research_to_sale_ratio": null,
            "price_fair": 0,
            "eps_avg_yearly": 0,
            "eps_latest_yearly": 0,
            "eps_growth_yearly": 0
        },
        "20111": {
            "year_quarter": 20111,
            "year": 2011,
            "quarter": 1,
            "eps": null,
            "eps_growth_year": null,
            "eps_4q": null,
            "eps_4q_growth_year": null,
            "roe": null,
            "roe_4q": 0,
            "gross_profit": 92058,
            "gross_margin": null,
            "gross_margin_4q_avg": 0,
            "net_income": 32991,
            "net_income_4q": null,
            "revenue": 181932,
            "revenue_4q": null,
            "common_shares": 238000,
            "book_valuer_per_share": 21.72,
            "book_valuer_per_share_4q_avg": 10.51,
            "equity": 516855,
            "current_ratio": 267.03,
            "debt_ratio": 23.79,
            "inventory_turnover_ratio": null,
            "account_receivable_turnover_ratio": null,
            "reinvestment_rate": null,
            "research_to_sale_ratio": null,
            "price_fair": 0,
            "eps_avg_yearly": 0,
            "eps_latest_yearly": 0,
            "eps_growth_yearly": 0
        },
        "20112": {
            "year_quarter": 20112,
            "year": 2011,
            "quarter": 2,
            "eps": 0.73,
            "eps_growth_year": null,
            "eps_4q": null,
            "eps_4q_growth_year": null,
            "roe": 4.35,
            "roe_4q": 4.35,
            "gross_profit": 90287,
            "gross_margin": 46.59,
            "gross_margin_4q_avg": 11.65,
            "net_income": 22548,
            "net_income_4q": null,
            "revenue": 193787,
            "revenue_4q": null,
            "common_shares": 238000,
            "book_valuer_per_share": 21.81,
            "book_valuer_per_share_4q_avg": 15.96,
            "equity": 519106,
            "current_ratio": 185.8,
            "debt_ratio": 26.45,
            "inventory_turnover_ratio": 13.22,
            "account_receivable_turnover_ratio": 7.72,
            "reinvestment_rate": null,
            "research_to_sale_ratio": null,
            "price_fair": 0,
            "eps_avg_yearly": 0,
            "eps_latest_yearly": 0,
            "eps_growth_yearly": 0
        },
        "20113": {
            "year_quarter": 20113,
            "year": 2011,
            "quarter": 3,
            "eps": null,
            "eps_growth_year": null,
            "eps_4q": null,
            "eps_4q_growth_year": null,
            "roe": null,
            "roe_4q": 4.35,
            "gross_profit": 99929,
            "gross_margin": null,
            "gross_margin_4q_avg": 11.65,
            "net_income": 28971,
            "net_income_4q": null,
            "revenue": 198633,
            "revenue_4q": null,
            "common_shares": 316665,
            "book_valuer_per_share": 17.61,
            "book_valuer_per_share_4q_avg": 20.36,
            "equity": 557644,
            "current_ratio": 137.06,
            "debt_ratio": 30.26,
            "inventory_turnover_ratio": null,
            "account_receivable_turnover_ratio": null,
            "reinvestment_rate": null,
            "research_to_sale_ratio": null,
            "price_fair": 0,
            "eps_avg_yearly": 0,
            "eps_latest_yearly": 0,
            "eps_growth_yearly": 0
        },
        "20114": {
            "year_quarter": 20114,
            "year": 2011,
            "quarter": 4,
            "eps": null,
            "eps_growth_year": null,
            "eps_4q": null,
            "eps_4q_growth_year": null,
            "roe": null,
            "roe_4q": 4.35,
            "gross_profit": 111140,
            "gross_margin": null,
            "gross_margin_4q_avg": 11.65,
            "net_income": 34779,
            "net_income_4q": null,
            "revenue": 201728,
            "revenue_4q": null,
            "common_shares": 316665,
            "book_valuer_per_share": 18.73,
            "book_valuer_per_share_4q_avg": 19.97,
            "equity": 593168,
            "current_ratio": 148.7,
            "debt_ratio": 30.36,
            "inventory_turnover_ratio": null,
            "account_receivable_turnover_ratio": null,
            "reinvestment_rate": null,
            "research_to_sale_ratio": null,
            "price_fair": 0,
            "eps_avg_yearly": 0,
            "eps_latest_yearly": 0,
            "eps_growth_yearly": 0
        },
        "20121": {
            "year_quarter": 20121,
            "year": 2012,
            "quarter": 1,
            "eps": 1.35,
            "eps_growth_year": null,
            "eps_4q": 2.06,
            "eps_4q_growth_year": null,
            "roe": 6.96,
            "roe_4q": 11.309999999999999,
            "gross_profit": 118312,
            "gross_margin": 56.61,
            "gross_margin_4q_avg": 25.8,
            "net_income": 42787,
            "net_income_4q": null,
            "revenue": 209003,
            "revenue_4q": null,
            "common_shares": 316665,
            "book_valuer_per_share": 20.1,
            "book_valuer_per_share_4q_avg": 19.56,
            "equity": 636366,
            "current_ratio": 186.75,
            "debt_ratio": 25.24,
            "inventory_turnover_ratio": 6.8,
            "account_receivable_turnover_ratio": 1.81,
            "reinvestment_rate": null,
            "research_to_sale_ratio": null,
            "price_fair": 0,
            "eps_avg_yearly": 0,
            "eps_latest_yearly": 0,
            "eps_growth_yearly": 0
        },
        "20122": {
            "year_quarter": 20122,
            "year": 2012,
            "quarter": 2,
            "eps": 0.73,
            "eps_growth_year": 0.19,
            "eps_4q": 2,
            "eps_4q_growth_year": null,
            "roe": 3.89,
            "roe_4q": 10.85,
            "gross_profit": 122898,
            "gross_margin": 55.4,
            "gross_margin_4q_avg": 28,
            "net_income": 24510,
            "net_income_4q": null,
            "revenue": 221853,
            "revenue_4q": null,
            "common_shares": 316665,
            "book_valuer_per_share": 19.65,
            "book_valuer_per_share_4q_avg": 19.02,
            "equity": 622366,
            "current_ratio": 138.83,
            "debt_ratio": 31.63,
            "inventory_turnover_ratio": 7.26,
            "account_receivable_turnover_ratio": 1.82,
            "reinvestment_rate": null,
            "research_to_sale_ratio": null,
            "price_fair": 8.76,
            "eps_avg_yearly": 2.92,
            "eps_latest_yearly": 2.92,
            "eps_growth_yearly": -183.7
        },
        "20123": {
            "year_quarter": 20123,
            "year": 2012,
            "quarter": 3,
            "eps": 1.24,
            "eps_growth_year": null,
            "eps_4q": 3.21,
            "eps_4q_growth_year": null,
            "roe": 6.58,
            "roe_4q": 17.43,
            "gross_profit": 122403,
            "gross_margin": 56.43,
            "gross_margin_4q_avg": 42.11,
            "net_income": 42677,
            "net_income_4q": null,
            "revenue": 216899,
            "revenue_4q": null,
            "common_shares": 343103,
            "book_valuer_per_share": 19.65,
            "book_valuer_per_share_4q_avg": 19.53,
            "equity": 674080,
            "current_ratio": 170.99,
            "debt_ratio": 29.54,
            "inventory_turnover_ratio": 6.62,
            "account_receivable_turnover_ratio": 1.61,
            "reinvestment_rate": null,
            "research_to_sale_ratio": null,
            "price_fair": 137.9,
            "eps_avg_yearly": 3.94,
            "eps_latest_yearly": 4.96,
            "eps_growth_yearly": 47.87
        },
        "20124": {
            "year_quarter": 20124,
            "year": 2012,
            "quarter": 4,
            "eps": 0.88,
            "eps_growth_year": null,
            "eps_4q": 3.76,
            "eps_4q_growth_year": null,
            "roe": 4.03,
            "roe_4q": 21.46,
            "gross_profit": 122325,
            "gross_margin": 54.76,
            "gross_margin_4q_avg": 55.8,
            "net_income": 33493,
            "net_income_4q": null,
            "revenue": 223393,
            "revenue_4q": null,
            "common_shares": 382000,
            "book_valuer_per_share": 25.85,
            "book_valuer_per_share_4q_avg": 21.31,
            "equity": 987631,
            "current_ratio": 298.82,
            "debt_ratio": 23.54,
            "inventory_turnover_ratio": 5.86,
            "account_receivable_turnover_ratio": 1.48,
            "reinvestment_rate": null,
            "research_to_sale_ratio": null,
            "price_fair": 11.4,
            "eps_avg_yearly": 3.8,
            "eps_latest_yearly": 3.52,
            "eps_growth_yearly": -6.79
        },
        "20131": {
            "year_quarter": 20131,
            "year": 2013,
            "quarter": 1,
            "eps": 1.12,
            "eps_growth_year": -17.04,
            "eps_4q": 3.75,
            "eps_4q_growth_year": 82,
            "roe": 4.23,
            "roe_4q": 18.73,
            "gross_profit": 126425,
            "gross_margin": 53.82,
            "gross_margin_4q_avg": 55.1,
            "net_income": 42816,
            "net_income_4q": null,
            "revenue": 234899,
            "revenue_4q": null,
            "common_shares": 382000,
            "book_valuer_per_share": 26.91,
            "book_valuer_per_share_4q_avg": 23.02,
            "equity": 1035859,
            "current_ratio": 290.37,
            "debt_ratio": 21.7,
            "inventory_turnover_ratio": 5.19,
            "account_receivable_turnover_ratio": 1.47,
            "reinvestment_rate": null,
            "research_to_sale_ratio": null,
            "price_fair": 127.74,
            "eps_avg_yearly": 3.97,
            "eps_latest_yearly": 4.48,
            "eps_growth_yearly": 22.18
        },
        "20132": {
            "year_quarter": 20132,
            "year": 2013,
            "quarter": 2,
            "eps": 1.45,
            "eps_growth_year": 99.41,
            "eps_4q": 4.35,
            "eps_4q_growth_year": 117.85,
            "roe": 5.49,
            "roe_4q": 20.33,
            "gross_profit": 152255,
            "gross_margin": 54.73,
            "gross_margin_4q_avg": 54.94,
            "net_income": 55277,
            "net_income_4q": null,
            "revenue": 278208,
            "revenue_4q": null,
            "common_shares": 382000,
            "book_valuer_per_share": 25.36,
            "book_valuer_per_share_4q_avg": 24.44,
            "equity": 976536,
            "current_ratio": 207.59,
            "debt_ratio": 28.64,
            "inventory_turnover_ratio": 5.65,
            "account_receivable_turnover_ratio": 1.65,
            "reinvestment_rate": null,
            "research_to_sale_ratio": null,
            "price_fair": 151.76,
            "eps_avg_yearly": 4.34,
            "eps_latest_yearly": 5.8,
            "eps_growth_yearly": 41.31
        },
        "20133": {
            "year_quarter": 20133,
            "year": 2013,
            "quarter": 3,
            "eps": 1.47,
            "eps_growth_year": 18.18,
            "eps_4q": 4.75,
            "eps_4q_growth_year": 48.34,
            "roe": 5.82,
            "roe_4q": 19.57,
            "gross_profit": 155046,
            "gross_margin": 51.61,
            "gross_margin_4q_avg": 53.73,
            "net_income": 58561,
            "net_income_4q": null,
            "revenue": 300440,
            "revenue_4q": null,
            "common_shares": 401100,
            "book_valuer_per_share": 25.62,
            "book_valuer_per_share_4q_avg": 25.94,
            "equity": 1035097,
            "current_ratio": 303.18,
            "debt_ratio": 20.4,
            "inventory_turnover_ratio": 6.26,
            "account_receivable_turnover_ratio": 1.67,
            "reinvestment_rate": null,
            "research_to_sale_ratio": null,
            "price_fair": 160.77,
            "eps_avg_yearly": 4.59,
            "eps_latest_yearly": 5.88,
            "eps_growth_yearly": 35.35
        },
        "20134": {
            "year_quarter": 20134,
            "year": 2013,
            "quarter": 4,
            "eps": 1.47,
            "eps_growth_year": 67.97,
            "eps_4q": 5.39,
            "eps_4q_growth_year": 43.58,
            "roe": 5.54,
            "roe_4q": 21.080000000000002,
            "gross_profit": 162381,
            "gross_margin": 54.59,
            "gross_margin_4q_avg": 53.69,
            "net_income": 58959,
            "net_income_4q": null,
            "revenue": 297443,
            "revenue_4q": null,
            "common_shares": 401100,
            "book_valuer_per_share": 27.1,
            "book_valuer_per_share_4q_avg": 26.25,
            "equity": 1094056,
            "current_ratio": 318.8,
            "debt_ratio": 19.44,
            "inventory_turnover_ratio": 5.61,
            "account_receivable_turnover_ratio": 1.56,
            "reinvestment_rate": null,
            "research_to_sale_ratio": null,
            "price_fair": 167.2,
            "eps_avg_yearly": 4.78,
            "eps_latest_yearly": 5.88,
            "eps_growth_yearly": 30.3
        },
        "20141": {
            "year_quarter": 20141,
            "year": 2014,
            "quarter": 1,
            "eps": 1.46,
            "eps_growth_year": 30.36,
            "eps_4q": 5.78,
            "eps_4q_growth_year": 53.98,
            "roe": 5.2,
            "roe_4q": 22.050000000000004,
            "gross_profit": 150493,
            "gross_margin": 50.51,
            "gross_margin_4q_avg": 52.86,
            "net_income": 58375,
            "net_income_4q": null,
            "revenue": 297933,
            "revenue_4q": null,
            "common_shares": 401100,
            "book_valuer_per_share": 28.55,
            "book_valuer_per_share_4q_avg": 26.66,
            "equity": 1152431,
            "current_ratio": 260.19,
            "debt_ratio": 23.32,
            "inventory_turnover_ratio": 5.56,
            "account_receivable_turnover_ratio": 1.39,
            "reinvestment_rate": null,
            "research_to_sale_ratio": null,
            "price_fair": 171.85,
            "eps_avg_yearly": 4.91,
            "eps_latest_yearly": 5.84,
            "eps_growth_yearly": 26.17
        },
        "20142": {
            "year_quarter": 20142,
            "year": 2014,
            "quarter": 2,
            "eps": 1.56,
            "eps_growth_year": 7.59,
            "eps_4q": 5.67,
            "eps_4q_growth_year": 30.45,
            "roe": 5.55,
            "roe_4q": 22.11,
            "gross_profit": 166432,
            "gross_margin": 49.79,
            "gross_margin_4q_avg": 51.63,
            "net_income": 62444,
            "net_income_4q": null,
            "revenue": 334287,
            "revenue_4q": null,
            "common_shares": 401100,
            "book_valuer_per_share": 27.21,
            "book_valuer_per_share_4q_avg": 27.12,
            "equity": 1098421,
            "current_ratio": 370.72,
            "debt_ratio": 56.63,
            "inventory_turnover_ratio": 5.52,
            "account_receivable_turnover_ratio": 1.25,
            "reinvestment_rate": null,
            "research_to_sale_ratio": null,
            "price_fair": 177.02,
            "eps_avg_yearly": 5.06,
            "eps_latest_yearly": 6.24,
            "eps_growth_yearly": 26.31
        },
        "20143": {
            "year_quarter": 20143,
            "year": 2014,
            "quarter": 3,
            "eps": 1.43,
            "eps_growth_year": -2.72,
            "eps_4q": 5.7,
            "eps_4q_growth_year": 19.94,
            "roe": 5.34,
            "roe_4q": 21.63,
            "gross_profit": 190842,
            "gross_margin": 46.72,
            "gross_margin_4q_avg": 50.4,
            "net_income": 60150,
            "net_income_4q": null,
            "revenue": 408511,
            "revenue_4q": null,
            "common_shares": 421155,
            "book_valuer_per_share": 27.33,
            "book_valuer_per_share_4q_avg": 27.55,
            "equity": 1153311,
            "current_ratio": 273.66,
            "debt_ratio": 58.43,
            "inventory_turnover_ratio": 6.57,
            "account_receivable_turnover_ratio": 1.19,
            "reinvestment_rate": null,
            "research_to_sale_ratio": null,
            "price_fair": 155.48,
            "eps_avg_yearly": 5.12,
            "eps_latest_yearly": 5.72,
            "eps_growth_yearly": 20.34
        },
        "20144": {
            "year_quarter": 20144,
            "year": 2014,
            "quarter": 4,
            "eps": 1.79,
            "eps_growth_year": 21.8,
            "eps_4q": 6.09,
            "eps_4q_growth_year": 13.01,
            "roe": 6.33,
            "roe_4q": 22.419999999999998,
            "gross_profit": 220056,
            "gross_margin": 50.39,
            "gross_margin_4q_avg": 49.35,
            "net_income": 75440,
            "net_income_4q": null,
            "revenue": 436682,
            "revenue_4q": null,
            "common_shares": 421185,
            "book_valuer_per_share": 29.13,
            "book_valuer_per_share_4q_avg": 28.06,
            "equity": 1230475,
            "current_ratio": 300.57,
            "debt_ratio": 54.29,
            "inventory_turnover_ratio": 5.82,
            "account_receivable_turnover_ratio": 1.22,
            "reinvestment_rate": 80.43,
            "research_to_sale_ratio": null,
            "price_fair": 185.82,
            "eps_avg_yearly": 5.31,
            "eps_latest_yearly": 7.16,
            "eps_growth_yearly": 27.65
        },
        "20151": {
            "year_quarter": 20151,
            "year": 2015,
            "quarter": 1,
            "eps": 1.19,
            "eps_growth_year": -18.49,
            "eps_4q": 5.9,
            "eps_4q_growth_year": 2.09,
            "roe": 3.97,
            "roe_4q": 21.19,
            "gross_profit": 194291,
            "gross_margin": 49.4,
            "gross_margin_4q_avg": 49.08,
            "net_income": 49903,
            "net_income_4q": null,
            "revenue": 393304,
            "revenue_4q": null,
            "common_shares": 421185,
            "book_valuer_per_share": 30.32,
            "book_valuer_per_share_4q_avg": 28.5,
            "equity": 1281027,
            "current_ratio": 437.35,
            "debt_ratio": 50.14,
            "inventory_turnover_ratio": 4.92,
            "account_receivable_turnover_ratio": 1.23,
            "reinvestment_rate": 70.1,
            "research_to_sale_ratio": null,
            "price_fair": 127.22,
            "eps_avg_yearly": 5.26,
            "eps_latest_yearly": 4.76,
            "eps_growth_yearly": 14.17
        },
        "20152": {
            "year_quarter": 20152,
            "year": 2015,
            "quarter": 2,
            "eps": 1.51,
            "eps_growth_year": -3.21,
            "eps_4q": 5.64,
            "eps_4q_growth_year": -0.58,
            "roe": 5.12,
            "roe_4q": 20.759999999999998,
            "gross_profit": 210901,
            "gross_margin": 52.55,
            "gross_margin_4q_avg": 49.77,
            "net_income": 61933,
            "net_income_4q": null,
            "revenue": 401306,
            "revenue_4q": null,
            "common_shares": 421185,
            "book_valuer_per_share": 26.93,
            "book_valuer_per_share_4q_avg": 28.43,
            "equity": 1138080,
            "current_ratio": 239.72,
            "debt_ratio": 56.98,
            "inventory_turnover_ratio": 4.43,
            "account_receivable_turnover_ratio": 1.2,
            "reinvestment_rate": 55.74,
            "research_to_sale_ratio": null,
            "price_fair": 166.9,
            "eps_avg_yearly": 5.32,
            "eps_latest_yearly": 6.04,
            "eps_growth_yearly": 21.35
        },
        "20153": {
            "year_quarter": 20153,
            "year": 2015,
            "quarter": 3,
            "eps": 1.06,
            "eps_growth_year": -25.87,
            "eps_4q": 5.34,
            "eps_4q_growth_year": -6.33,
            "roe": 3.91,
            "roe_4q": 19.330000000000002,
            "gross_profit": 197980,
            "gross_margin": 46.67,
            "gross_margin_4q_avg": 49.75,
            "net_income": 45438,
            "net_income_4q": null,
            "revenue": 424188,
            "revenue_4q": null,
            "common_shares": 442244,
            "book_valuer_per_share": 26.71,
            "book_valuer_per_share_4q_avg": 28.27,
            "equity": 1183518,
            "current_ratio": 80.29,
            "debt_ratio": 52.18,
            "inventory_turnover_ratio": 4.25,
            "account_receivable_turnover_ratio": 1.1,
            "reinvestment_rate": 82.76,
            "research_to_sale_ratio": null,
            "price_fair": 111.81,
            "eps_avg_yearly": 5.25,
            "eps_latest_yearly": 4.24,
            "eps_growth_yearly": 11.31
        },
        "20154": {
            "year_quarter": 20154,
            "year": 2015,
            "quarter": 4,
            "eps": 0.57,
            "eps_growth_year": -68.19,
            "eps_4q": 4.2,
            "eps_4q_growth_year": -31.01,
            "roe": 2.03,
            "roe_4q": 15.03,
            "gross_profit": 188197,
            "gross_margin": 45.3,
            "gross_margin_4q_avg": 48.48,
            "net_income": 24311,
            "net_income_4q": null,
            "revenue": 415446,
            "revenue_4q": null,
            "common_shares": 442244,
            "book_valuer_per_share": 27.29,
            "book_valuer_per_share_4q_avg": 27.81,
            "equity": 1209181,
            "current_ratio": 81.11,
            "debt_ratio": 53.12,
            "inventory_turnover_ratio": 3.52,
            "account_receivable_turnover_ratio": 1.07,
            "reinvestment_rate": 42.46,
            "research_to_sale_ratio": null,
            "price_fair": 15.14,
            "eps_avg_yearly": 5.05,
            "eps_latest_yearly": 2.28,
            "eps_growth_yearly": -1.77
        },
        "20161": {
            "year_quarter": 20161,
            "year": 2016,
            "quarter": 1,
            "eps": 1.01,
            "eps_growth_year": -15.13,
            "eps_4q": 4.08,
            "eps_4q_growth_year": -30.92,
            "roe": 3.61,
            "roe_4q": 14.670000000000002,
            "gross_profit": 197262,
            "gross_margin": 46.49,
            "gross_margin_4q_avg": 47.75,
            "net_income": 44415,
            "net_income_4q": null,
            "revenue": 424281,
            "revenue_4q": null,
            "common_shares": 442244,
            "book_valuer_per_share": 28.27,
            "book_valuer_per_share_4q_avg": 27.3,
            "equity": 1252586,
            "current_ratio": 80.7,
            "debt_ratio": 47.25,
            "inventory_turnover_ratio": 3.36,
            "account_receivable_turnover_ratio": 1.1,
            "reinvestment_rate": 44.68,
            "research_to_sale_ratio": null,
            "price_fair": 137.8,
            "eps_avg_yearly": 4.99,
            "eps_latest_yearly": 4.04,
            "eps_growth_yearly": 17.64
        },
        "20162": {
            "year_quarter": 20162,
            "year": 2016,
            "quarter": 2,
            "eps": 0.55,
            "eps_growth_year": -63.58,
            "eps_4q": 3.05,
            "eps_4q_growth_year": -46,
            "roe": 1.98,
            "roe_4q": 11.53,
            "gross_profit": 171775,
            "gross_margin": 40.88,
            "gross_margin_4q_avg": 44.84,
            "net_income": 23549,
            "net_income_4q": null,
            "revenue": 420233,
            "revenue_4q": null,
            "common_shares": 442244,
            "book_valuer_per_share": 25.55,
            "book_valuer_per_share_4q_avg": 26.96,
            "equity": 1131054,
            "current_ratio": 115.94,
            "debt_ratio": 54.73,
            "inventory_turnover_ratio": 3.67,
            "account_receivable_turnover_ratio": 1.05,
            "reinvestment_rate": 77.53,
            "research_to_sale_ratio": null,
            "price_fair": 137.02,
            "eps_avg_yearly": 4.94,
            "eps_latest_yearly": 2.2,
            "eps_growth_yearly": 17.74
        },
        "20163": {
            "year_quarter": 20163,
            "year": 2016,
            "quarter": 3,
            "eps": 0.79,
            "eps_growth_year": -25.47,
            "eps_4q": 2.82,
            "eps_4q_growth_year": -47.19,
            "roe": 3.18,
            "roe_4q": 10.799999999999999,
            "gross_profit": 173788,
            "gross_margin": 43.95,
            "gross_margin_4q_avg": 44.16,
            "net_income": 36509,
            "net_income_4q": null,
            "revenue": 395414,
            "revenue_4q": null,
            "common_shares": 442244,
            "book_valuer_per_share": 26.34,
            "book_valuer_per_share_4q_avg": 26.86,
            "equity": 1167578,
            "current_ratio": 123.24,
            "debt_ratio": 52.8,
            "inventory_turnover_ratio": 3.27,
            "account_receivable_turnover_ratio": 1,
            "reinvestment_rate": 76.99,
            "research_to_sale_ratio": null,
            "price_fair": 102.25,
            "eps_avg_yearly": 4.83,
            "eps_latest_yearly": 3.16,
            "eps_growth_yearly": 11.18
        },
        "20164": {
            "year_quarter": 20164,
            "year": 2016,
            "quarter": 4,
            "eps": 0.82,
            "eps_growth_year": 43.3,
            "eps_4q": 3.1,
            "eps_4q_growth_year": -26.38,
            "roe": 3.2,
            "roe_4q": 11.97,
            "gross_profit": 175158,
            "gross_margin": 42.04,
            "gross_margin_4q_avg": 43.34,
            "net_income": 37942,
            "net_income_4q": null,
            "revenue": 416611,
            "revenue_4q": null,
            "common_shares": 464356,
            "book_valuer_per_share": 25.91,
            "book_valuer_per_share_4q_avg": 26.52,
            "equity": 1204839,
            "current_ratio": 119.43,
            "debt_ratio": 50.66,
            "inventory_turnover_ratio": 3.69,
            "account_receivable_turnover_ratio": 1.03,
            "reinvestment_rate": 78.87,
            "research_to_sale_ratio": null,
            "price_fair": 141.43,
            "eps_avg_yearly": 4.81,
            "eps_latest_yearly": 3.28,
            "eps_growth_yearly": 19.39
        },
        "20171": {
            "year_quarter": 20171,
            "year": 2017,
            "quarter": 1,
            "eps": 1.12,
            "eps_growth_year": 10.89,
            "eps_4q": 3.25,
            "eps_4q_growth_year": -20.3,
            "roe": 4.21,
            "roe_4q": 12.57,
            "gross_profit": 191072,
            "gross_margin": 48.33,
            "gross_margin_4q_avg": 43.8,
            "net_income": 51775,
            "net_income_4q": null,
            "revenue": 395344,
            "revenue_4q": null,
            "common_shares": 464356,
            "book_valuer_per_share": 27.02,
            "book_valuer_per_share_4q_avg": 26.21,
            "equity": 1256327,
            "current_ratio": 109.41,
            "debt_ratio": 48.05,
            "inventory_turnover_ratio": 3.5,
            "account_receivable_turnover_ratio": 1.04,
            "reinvestment_rate": 84.79,
            "research_to_sale_ratio": null,
            "price_fair": 152.63,
            "eps_avg_yearly": 4.81,
            "eps_latest_yearly": 4.48,
            "eps_growth_yearly": 21.72
        },
        "20172": {
            "year_quarter": 20172,
            "year": 2017,
            "quarter": 2,
            "eps": 1.42,
            "eps_growth_year": 158.18,
            "eps_4q": 3.95,
            "eps_4q_growth_year": 29.59,
            "roe": 5.33,
            "roe_4q": 15.919999999999998,
            "gross_profit": 198021,
            "gross_margin": 46.96,
            "gross_margin_4q_avg": 45.32,
            "net_income": 65991,
            "net_income_4q": null,
            "revenue": 421692,
            "revenue_4q": null,
            "common_shares": 464356,
            "book_valuer_per_share": 26.25,
            "book_valuer_per_share_4q_avg": 26.38,
            "equity": 1220171,
            "current_ratio": 98.17,
            "debt_ratio": 48.02,
            "inventory_turnover_ratio": 4.67,
            "account_receivable_turnover_ratio": 1.13,
            "reinvestment_rate": 85.71,
            "research_to_sale_ratio": null,
            "price_fair": 149.18,
            "eps_avg_yearly": 4.81,
            "eps_latest_yearly": 5.68,
            "eps_growth_yearly": 21.05
        },
        "20173": {
            "year_quarter": 20173,
            "year": 2017,
            "quarter": 3,
            "eps": 1.1,
            "eps_growth_year": 39.24,
            "eps_4q": 4.3,
            "eps_4q_growth_year": 52.46,
            "roe": 4.31,
            "roe_4q": 17.05,
            "gross_profit": 203376,
            "gross_margin": 46.59,
            "gross_margin_4q_avg": 45.98,
            "net_income": 53777,
            "net_income_4q": null,
            "revenue": 436531,
            "revenue_4q": null,
            "common_shares": 487574,
            "book_valuer_per_share": 26.1,
            "book_valuer_per_share_4q_avg": 26.32,
            "equity": 1273924,
            "current_ratio": 102.91,
            "debt_ratio": 44.71,
            "inventory_turnover_ratio": 5.79,
            "account_receivable_turnover_ratio": 1.07,
            "reinvestment_rate": 83.74,
            "research_to_sale_ratio": null,
            "price_fair": 118.13,
            "eps_avg_yearly": 4.71,
            "eps_latest_yearly": 4.4,
            "eps_growth_yearly": 15.07
        },
        "20174": {
            "year_quarter": 20174,
            "year": 2017,
            "quarter": 4,
            "eps": 1.04,
            "eps_growth_year": 27.01,
            "eps_4q": 4.56,
            "eps_4q_growth_year": 47.35,
            "roe": 3.9,
            "roe_4q": 17.75,
            "gross_profit": 194474,
            "gross_margin": 44.07,
            "gross_margin_4q_avg": 46.49,
            "net_income": 50610,
            "net_income_4q": null,
            "revenue": 441270,
            "revenue_4q": null,
            "common_shares": 487574,
            "book_valuer_per_share": 27.14,
            "book_valuer_per_share_4q_avg": 26.63,
            "equity": 1324501,
            "current_ratio": 99.13,
            "debt_ratio": 42.87,
            "inventory_turnover_ratio": 6.94,
            "account_receivable_turnover_ratio": 1.12,
            "reinvestment_rate": 79.86,
            "research_to_sale_ratio": null,
            "price_fair": 109.16,
            "eps_avg_yearly": 4.61,
            "eps_latest_yearly": 4.16,
            "eps_growth_yearly": 13.7
        },
        "20181": {
            "year_quarter": 20181,
            "year": 2018,
            "quarter": 1,
            "eps": 1.33,
            "eps_growth_year": 18.75,
            "eps_4q": 4.83,
            "eps_4q_growth_year": 48.58,
            "roe": 4.78,
            "roe_4q": 18.32,
            "gross_profit": 217382,
            "gross_margin": 46.91,
            "gross_margin_4q_avg": 46.13,
            "net_income": 64859,
            "net_income_4q": null,
            "revenue": 463421,
            "revenue_4q": null,
            "common_shares": 487574,
            "book_valuer_per_share": 28.46,
            "book_valuer_per_share_4q_avg": 26.99,
            "equity": 1389197,
            "current_ratio": 106.91,
            "debt_ratio": 40.73,
            "inventory_turnover_ratio": 7.6,
            "account_receivable_turnover_ratio": 1.24,
            "reinvestment_rate": 34.95,
            "research_to_sale_ratio": null,
            "price_fair": 141.04,
            "eps_avg_yearly": 4.57,
            "eps_latest_yearly": 5.32,
            "eps_growth_yearly": 20.85
        },
        "20182": {
            "year_quarter": 20182,
            "year": 2018,
            "quarter": 2,
            "eps": 1.12,
            "eps_growth_year": -21.13,
            "eps_4q": 4.38,
            "eps_4q_growth_year": 10.87,
            "roe": 4.11,
            "roe_4q": 17.1,
            "gross_profit": 207349,
            "gross_margin": 43.11,
            "gross_margin_4q_avg": 45.17,
            "net_income": 54774,
            "net_income_4q": null,
            "revenue": 480991,
            "revenue_4q": null,
            "common_shares": 487574,
            "book_valuer_per_share": 26.09,
            "book_valuer_per_share_4q_avg": 26.95,
            "equity": 1273522,
            "current_ratio": 87.78,
            "debt_ratio": 47.21,
            "inventory_turnover_ratio": 9.23,
            "account_receivable_turnover_ratio": 1.29,
            "reinvestment_rate": 34.55,
            "research_to_sale_ratio": null,
            "price_fair": 112.39,
            "eps_avg_yearly": 4.46,
            "eps_latest_yearly": 4.48,
            "eps_growth_yearly": 15.19
        },
        "20183": {
            "year_quarter": 20183,
            "year": 2018,
            "quarter": 3,
            "eps": 1.16,
            "eps_growth_year": 5.45,
            "eps_4q": 4.48,
            "eps_4q_growth_year": 4.27,
            "roe": 4.56,
            "roe_4q": 17.349999999999998,
            "gross_profit": 212087,
            "gross_margin": 44.32,
            "gross_margin_4q_avg": 44.6,
            "net_income": 59493,
            "net_income_4q": null,
            "revenue": 478541,
            "revenue_4q": null,
            "common_shares": 511953,
            "book_valuer_per_share": 26.01,
            "book_valuer_per_share_4q_avg": 26.93,
            "equity": 1333034,
            "current_ratio": 93.53,
            "debt_ratio": 49.07,
            "inventory_turnover_ratio": 9.74,
            "account_receivable_turnover_ratio": 1.3,
            "reinvestment_rate": 60.54,
            "research_to_sale_ratio": null,
            "price_fair": 123.77,
            "eps_avg_yearly": 4.4,
            "eps_latest_yearly": 4.64,
            "eps_growth_yearly": 18.16
        },
        "20184": {
            "year_quarter": 20184,
            "year": 2018,
            "quarter": 4,
            "eps": 1.01,
            "eps_growth_year": -2.55,
            "eps_4q": 4.51,
            "eps_4q_growth_year": -1.16,
            "roe": 3.83,
            "roe_4q": 17.28,
            "gross_profit": 212816,
            "gross_margin": 46.53,
            "gross_margin_4q_avg": 45.22,
            "net_income": 51919,
            "net_income_4q": null,
            "revenue": 457333,
            "revenue_4q": null,
            "common_shares": 511953,
            "book_valuer_per_share": 26.88,
            "book_valuer_per_share_4q_avg": 26.86,
            "equity": 1377832,
            "current_ratio": 110.07,
            "debt_ratio": 45.89,
            "inventory_turnover_ratio": 8.7,
            "account_receivable_turnover_ratio": 1.28,
            "reinvestment_rate": 38.91,
            "research_to_sale_ratio": null,
            "price_fair": 78.27,
            "eps_avg_yearly": 4.2,
            "eps_latest_yearly": 4.04,
            "eps_growth_yearly": 8.64
        },
        "20191": {
            "year_quarter": 20191,
            "year": 2019,
            "quarter": 1,
            "eps": 0.86,
            "eps_growth_year": -35.34,
            "eps_4q": 4.1,
            "eps_4q_growth_year": -15.07,
            "roe": 3.15,
            "roe_4q": 15.649999999999999,
            "gross_profit": 224291,
            "gross_margin": 48.95,
            "gross_margin_4q_avg": 45.73,
            "net_income": 44145,
            "net_income_4q": null,
            "revenue": 458189,
            "revenue_4q": null,
            "common_shares": 511953,
            "book_valuer_per_share": 27.74,
            "book_valuer_per_share_4q_avg": 26.68,
            "equity": 1421988,
            "current_ratio": 113.51,
            "debt_ratio": 42.99,
            "inventory_turnover_ratio": 7.23,
            "account_receivable_turnover_ratio": 1.4,
            "reinvestment_rate": 30.73,
            "research_to_sale_ratio": null,
            "price_fair": 95.95,
            "eps_avg_yearly": 4.12,
            "eps_latest_yearly": 3.44,
            "eps_growth_yearly": 13.3
        },
        "20192": {
            "year_quarter": 20192,
            "year": 2019,
            "quarter": 2,
            "eps": 1.58,
            "eps_growth_year": 41.07,
            "eps_4q": 4.39,
            "eps_4q_growth_year": 0.31,
            "roe": 5.87,
            "roe_4q": 17.41,
            "gross_profit": 236860,
            "gross_margin": 48.59,
            "gross_margin_4q_avg": 47.1,
            "net_income": 80841,
            "net_income_4q": null,
            "revenue": 487483,
            "revenue_4q": null,
            "common_shares": 511953,
            "book_valuer_per_share": 26.02,
            "book_valuer_per_share_4q_avg": 26.66,
            "equity": 1333942,
            "current_ratio": 108.81,
            "debt_ratio": 45.97,
            "inventory_turnover_ratio": 8.47,
            "account_receivable_turnover_ratio": 1.55,
            "reinvestment_rate": 15.21,
            "research_to_sale_ratio": null,
            "price_fair": 144.73,
            "eps_avg_yearly": 4.14,
            "eps_latest_yearly": 6.32,
            "eps_growth_yearly": 27.51
        },
        "20193": {
            "year_quarter": 20193,
            "year": 2019,
            "quarter": 3,
            "eps": 1.51,
            "eps_growth_year": 30.17,
            "eps_4q": 4.8,
            "eps_4q_growth_year": 6.98,
            "roe": 5.96,
            "roe_4q": 18.810000000000002,
            "gross_profit": 251054,
            "gross_margin": 50.78,
            "gross_margin_4q_avg": 48.71,
            "net_income": 81421,
            "net_income_4q": null,
            "revenue": 494361,
            "revenue_4q": null,
            "common_shares": 537551,
            "book_valuer_per_share": 25.95,
            "book_valuer_per_share_4q_avg": 26.65,
            "equity": 1396757,
            "current_ratio": 122.34,
            "debt_ratio": 40.68,
            "inventory_turnover_ratio": 11.45,
            "account_receivable_turnover_ratio": 1.59,
            "reinvestment_rate": 9.53,
            "research_to_sale_ratio": null,
            "price_fair": 148.66,
            "eps_avg_yearly": 4.25,
            "eps_latest_yearly": 6.04,
            "eps_growth_yearly": 33.85
        },
        "20194": {
            "year_quarter": 20194,
            "year": 2019,
            "quarter": 4,
            "eps": 1.24,
            "eps_growth_year": 22.28,
            "eps_4q": 5.07,
            "eps_4q_growth_year": 12.51,
            "roe": 4.66,
            "roe_4q": 19.64,
            "gross_profit": 241148,
            "gross_margin": 47.67,
            "gross_margin_4q_avg": 49,
            "net_income": 66607,
            "net_income_4q": null,
            "revenue": 505830,
            "revenue_4q": null,
            "common_shares": 537551,
            "book_valuer_per_share": 27.18,
            "book_valuer_per_share_4q_avg": 26.72,
            "equity": 1463242,
            "current_ratio": 137.12,
            "debt_ratio": 39.51,
            "inventory_turnover_ratio": 14.58,
            "account_receivable_turnover_ratio": 1.76,
            "reinvestment_rate": 6.42,
            "research_to_sale_ratio": null,
            "price_fair": 154.53,
            "eps_avg_yearly": 4.42,
            "eps_latest_yearly": 4.96,
            "eps_growth_yearly": 40.94
        },
        "20201": {
            "year_quarter": 20201,
            "year": 2020,
            "quarter": 1,
            "eps": 1.01,
            "eps_growth_year": 17.44,
            "eps_4q": 5.27,
            "eps_4q_growth_year": 28.43,
            "roe": 3.92,
            "roe_4q": 20.41,
            "gross_profit": 237491,
            "gross_margin": 48.28,
            "gross_margin_4q_avg": 48.83,
            "net_income": 54571,
            "net_income_4q": null,
            "revenue": 491855,
            "revenue_4q": null,
            "common_shares": 537551,
            "book_valuer_per_share": 24.5,
            "book_valuer_per_share_4q_avg": 25.91,
            "equity": 1318975,
            "current_ratio": 96.34,
            "debt_ratio": 46.18,
            "inventory_turnover_ratio": 13.08,
            "account_receivable_turnover_ratio": 2,
            "reinvestment_rate": 0.67,
            "research_to_sale_ratio": null,
            "price_fair": 119.22,
            "eps_avg_yearly": 4.42,
            "eps_latest_yearly": 4.04,
            "eps_growth_yearly": 17
        },
        "20202": {
            "year_quarter": 20202,
            "year": 2020,
            "quarter": 2,
            "eps": 1.17,
            "eps_growth_year": -25.95,
            "eps_4q": 4.7,
            "eps_4q_growth_year": 7.02,
            "roe": 4.65,
            "roe_4q": 19.19,
            "gross_profit": 229339,
            "gross_margin": 48.36,
            "gross_margin_4q_avg": 48.77,
            "net_income": 62844,
            "net_income_4q": null,
            "revenue": 474239,
            "revenue_4q": null,
            "common_shares": 537551,
            "book_valuer_per_share": 25.66,
            "book_valuer_per_share_4q_avg": 25.82,
            "equity": 1381735,
            "current_ratio": 101.38,
            "debt_ratio": 44.57,
            "inventory_turnover_ratio": 9.98,
            "account_receivable_turnover_ratio": 2.24,
            "reinvestment_rate": -3.89,
            "research_to_sale_ratio": null,
            "price_fair": 159.95,
            "eps_avg_yearly": 4.57,
            "eps_latest_yearly": 4.68,
            "eps_growth_yearly": 32.35
        },
        "20203": {
            "year_quarter": 20203,
            "year": 2020,
            "quarter": 3,
            "eps": 1.68,
            "eps_growth_year": 11.26,
            "eps_4q": 4.94,
            "eps_4q_growth_year": 2.91,
            "roe": 6.64,
            "roe_4q": 19.869999999999997,
            "gross_profit": 255142,
            "gross_margin": 50.85,
            "gross_margin_4q_avg": 48.79,
            "net_income": 94886,
            "net_income_4q": null,
            "revenue": 501745,
            "revenue_4q": null,
            "common_shares": 564429,
            "book_valuer_per_share": 26.12,
            "book_valuer_per_share_4q_avg": 25.87,
            "equity": 1476471,
            "current_ratio": 110.71,
            "debt_ratio": 40.68,
            "inventory_turnover_ratio": 10.16,
            "account_receivable_turnover_ratio": 2.4,
            "reinvestment_rate": -1.66,
            "research_to_sale_ratio": null,
            "price_fair": 167.74,
            "eps_avg_yearly": 4.79,
            "eps_latest_yearly": 6.72,
            "eps_growth_yearly": 32.34
        },
        "20204": {
            "year_quarter": 20204,
            "year": 2020,
            "quarter": 4,
            "eps": 1.47,
            "eps_growth_year": 18.45,
            "eps_4q": 5.22,
            "eps_4q_growth_year": 3.02,
            "roe": 5.45,
            "roe_4q": 20.660000000000004,
            "gross_profit": 262770,
            "gross_margin": 50.09,
            "gross_margin_4q_avg": 49.4,
            "net_income": 82789,
            "net_income_4q": null,
            "revenue": 524584,
            "revenue_4q": null,
            "common_shares": 564429,
            "book_valuer_per_share": 27.59,
            "book_valuer_per_share_4q_avg": 25.97,
            "equity": 1559170,
            "current_ratio": 115.94,
            "debt_ratio": 39.45,
            "inventory_turnover_ratio": 11.34,
            "account_receivable_turnover_ratio": 2.42,
            "reinvestment_rate": 4.87,
            "research_to_sale_ratio": null,
            "price_fair": 173.43,
            "eps_avg_yearly": 4.96,
            "eps_latest_yearly": 5.88,
            "eps_growth_yearly": 28.26
        },
        "20211": {
            "year_quarter": 20211,
            "year": 2021,
            "quarter": 1,
            "eps": 1.48,
            "eps_growth_year": 46.53,
            "eps_4q": 5.74,
            "eps_4q_growth_year": 8.98,
            "roe": 5.61,
            "roe_4q": 22.35,
            "gross_profit": 259920,
            "gross_margin": 49.2,
            "gross_margin_4q_avg": 49.63,
            "net_income": 83584,
            "net_income_4q": null,
            "revenue": 528270,
            "revenue_4q": null,
            "common_shares": 564429,
            "book_valuer_per_share": 25.17,
            "book_valuer_per_share_4q_avg": 26.14,
            "equity": 1422627,
            "current_ratio": 93.43,
            "debt_ratio": 46.34,
            "inventory_turnover_ratio": 9.54,
            "account_receivable_turnover_ratio": 2.46,
            "reinvestment_rate": 8.4,
            "research_to_sale_ratio": null,
            "price_fair": 147.76,
            "eps_avg_yearly": 5.05,
            "eps_latest_yearly": 5.92,
            "eps_growth_yearly": 19.29
        },
        "20212": {
            "year_quarter": 20212,
            "year": 2021,
            "quarter": 2,
            "eps": 0.54,
            "eps_growth_year": -53.85,
            "eps_4q": 5.17,
            "eps_4q_growth_year": 10.03,
            "roe": 2.13,
            "roe_4q": 19.830000000000002,
            "gross_profit": 208868,
            "gross_margin": 43.1,
            "gross_margin_4q_avg": 48.31,
            "net_income": 30600,
            "net_income_4q": null,
            "revenue": 484664,
            "revenue_4q": null,
            "common_shares": 564429,
            "book_valuer_per_share": 25.71,
            "book_valuer_per_share_4q_avg": 26.15,
            "equity": 1453227,
            "current_ratio": 88.82,
            "debt_ratio": 47.53,
            "inventory_turnover_ratio": 8.41,
            "account_receivable_turnover_ratio": 2.52,
            "reinvestment_rate": 23.36,
            "research_to_sale_ratio": null,
            "price_fair": 14.48,
            "eps_avg_yearly": 4.83,
            "eps_latest_yearly": 2.16,
            "eps_growth_yearly": -3.29
        },
        "20213": {
            "year_quarter": 20213,
            "year": 2021,
            "quarter": 3,
            "eps": 0.56,
            "eps_growth_year": -66.67,
            "eps_4q": 3.88,
            "eps_4q_growth_year": -21.41,
            "roe": 2.07,
            "roe_4q": 15.259999999999998,
            "gross_profit": 192052,
            "gross_margin": 41.85,
            "gross_margin_4q_avg": 46.06,
            "net_income": 32352,
            "net_income_4q": null,
            "revenue": 458947,
            "revenue_4q": null,
            "common_shares": 592650,
            "book_valuer_per_share": 25.88,
            "book_valuer_per_share_4q_avg": 26.09,
            "equity": 1665579,
            "current_ratio": 113.01,
            "debt_ratio": 42.87,
            "inventory_turnover_ratio": 8.04,
            "account_receivable_turnover_ratio": 2.51,
            "reinvestment_rate": 26.89,
            "research_to_sale_ratio": null,
            "price_fair": 62.25,
            "eps_avg_yearly": 4.69,
            "eps_latest_yearly": 2.24,
            "eps_growth_yearly": 3.27
        },
        "20214": {
            "year_quarter": 20214,
            "year": 2021,
            "quarter": 4,
            "eps": 1.63,
            "eps_growth_year": 10.92,
            "eps_4q": 4.11,
            "eps_4q_growth_year": -21.33,
            "roe": 5.26,
            "roe_4q": 15.07,
            "gross_profit": 292567,
            "gross_margin": 47.44,
            "gross_margin_4q_avg": 45.4,
            "net_income": 90080,
            "net_income_4q": null,
            "revenue": 616715,
            "revenue_4q": null,
            "common_shares": 592650,
            "book_valuer_per_share": 27.51,
            "book_valuer_per_share_4q_avg": 26.07,
            "equity": 1758690,
            "current_ratio": 124.52,
            "debt_ratio": 42.02,
            "inventory_turnover_ratio": 11.03,
            "account_receivable_turnover_ratio": 2.81,
            "reinvestment_rate": 26.28,
            "research_to_sale_ratio": null,
            "price_fair": 169.31,
            "eps_avg_yearly": 4.84,
            "eps_latest_yearly": 6.52,
            "eps_growth_yearly": 52.4
        },
        "20221": {
            "year_quarter": 20221,
            "year": 2022,
            "quarter": 1,
            "eps": 1.78,
            "eps_growth_year": 20.27,
            "eps_4q": 4.48,
            "eps_4q_growth_year": -21.96,
            "roe": 5.94,
            "roe_4q": 15.399999999999999,
            "gross_profit": 297031,
            "gross_margin": 47.29,
            "gross_margin_4q_avg": 44.92,
            "net_income": 101320,
            "net_income_4q": null,
            "revenue": 628119,
            "revenue_4q": null,
            "common_shares": 592650,
            "book_valuer_per_share": 25.83,
            "book_valuer_per_share_4q_avg": 26.23,
            "equity": 1652586,
            "current_ratio": 108.02,
            "debt_ratio": 44.87,
            "inventory_turnover_ratio": 11.79,
            "account_receivable_turnover_ratio": 2.54,
            "reinvestment_rate": 31.35,
            "research_to_sale_ratio": null,
            "price_fair": 173.25,
            "eps_avg_yearly": 4.95,
            "eps_latest_yearly": 7.12,
            "eps_growth_yearly": 47.73
        },
        "20222": {
            "year_quarter": 20222,
            "year": 2022,
            "quarter": 2,
            "eps": 1.33,
            "eps_growth_year": 146.3,
            "eps_4q": 5.3,
            "eps_4q_growth_year": 2.46,
            "roe": 4.45,
            "roe_4q": 17.72,
            "gross_profit": 261919,
            "gross_margin": 45.12,
            "gross_margin_4q_avg": 45.43,
            "net_income": 75238,
            "net_income_4q": null,
            "revenue": 580439,
            "revenue_4q": null,
            "common_shares": 592650,
            "book_valuer_per_share": 27.16,
            "book_valuer_per_share_4q_avg": 26.6,
            "equity": 1727824,
            "current_ratio": 113.22,
            "debt_ratio": 43.6,
            "inventory_turnover_ratio": 10.52,
            "account_receivable_turnover_ratio": 2.45,
            "reinvestment_rate": 30.73,
            "research_to_sale_ratio": null,
            "price_fair": 175.09,
            "eps_avg_yearly": 5,
            "eps_latest_yearly": 5.32,
            "eps_growth_yearly": 45.36
        },
        "20223": {
            "year_quarter": 20223,
            "year": 2022,
            "quarter": 3,
            "eps": 1.51,
            "eps_growth_year": 169.64,
            "eps_4q": 6.25,
            "eps_4q_growth_year": 61.09,
            "roe": 4.86,
            "roe_4q": 20.509999999999998,
            "gross_profit": 288968,
            "gross_margin": 46.02,
            "gross_margin_4q_avg": 46.47,
            "net_income": 86085,
            "net_income_4q": null,
            "revenue": 627921,
            "revenue_4q": null,
            "common_shares": 592650,
            "book_valuer_per_share": 28.67,
            "book_valuer_per_share_4q_avg": 27.29,
            "equity": 1813786,
            "current_ratio": 126.95,
            "debt_ratio": 39.98,
            "inventory_turnover_ratio": 10.66,
            "account_receivable_turnover_ratio": 2.62,
            "reinvestment_rate": 2.04,
            "research_to_sale_ratio": null,
            "price_fair": 178.15,
            "eps_avg_yearly": 5.09,
            "eps_latest_yearly": 6.04,
            "eps_growth_yearly": 47.85
        },
        "20224": {
            "year_quarter": 20224,
            "year": 2022,
            "quarter": 4,
            "eps": 1.37,
            "eps_growth_year": -15.46,
            "eps_4q": 6,
            "eps_4q_growth_year": 45.96,
            "roe": 3.67,
            "roe_4q": 18.92,
            "gross_profit": 354884,
            "gross_margin": 51.15,
            "gross_margin_4q_avg": 47.4,
            "net_income": 67902,
            "net_income_4q": null,
            "revenue": 693756,
            "revenue_4q": null,
            "common_shares": 592650,
            "book_valuer_per_share": 30.08,
            "book_valuer_per_share_4q_avg": 27.94,
            "equity": 1881688,
            "current_ratio": 160.22,
            "debt_ratio": 40.96,
            "inventory_turnover_ratio": 10.58,
            "account_receivable_turnover_ratio": 2.71,
            "reinvestment_rate": 8.47,
            "research_to_sale_ratio": null,
            "price_fair": 181.3,
            "eps_avg_yearly": 5.18,
            "eps_latest_yearly": 5.48,
            "eps_growth_yearly": 48.77
        },
        "20231": {
            "year_quarter": 20231,
            "year": 2023,
            "quarter": 1,
            "eps": 1.88,
            "eps_growth_year": 5.62,
            "eps_4q": 6.11,
            "eps_4q_growth_year": 36.3,
            "roe": 6.04,
            "roe_4q": 19.02,
            "gross_profit": 319047,
            "gross_margin": 47.16,
            "gross_margin_4q_avg": 47.36,
            "net_income": 108009,
            "net_income_4q": null,
            "revenue": 676485,
            "revenue_4q": null,
            "common_shares": 592650,
            "book_valuer_per_share": 26.96,
            "book_valuer_per_share_4q_avg": 28.22,
            "equity": 1693372,
            "current_ratio": 121.08,
            "debt_ratio": 47.78,
            "inventory_turnover_ratio": 10.58,
            "account_receivable_turnover_ratio": 2.53,
            "reinvestment_rate": 13.34,
            "research_to_sale_ratio": null,
            "price_fair": 190.23,
            "eps_avg_yearly": 5.44,
            "eps_latest_yearly": 7.52,
            "eps_growth_yearly": 61.79
        },
        "20232": {
            "year_quarter": 20232,
            "year": 2023,
            "quarter": 2,
            "eps": 1.61,
            "eps_growth_year": 21.05,
            "eps_4q": 6.38,
            "eps_4q_growth_year": 20.56,
            "roe": 5.28,
            "roe_4q": 19.85,
            "gross_profit": 323704,
            "gross_margin": 46.21,
            "gross_margin_4q_avg": 47.64,
            "net_income": 91963,
            "net_income_4q": null,
            "revenue": 700526,
            "revenue_4q": null,
            "common_shares": 592650,
            "book_valuer_per_share": 28.58,
            "book_valuer_per_share_4q_avg": 28.57,
            "equity": 1792734,
            "current_ratio": 130.75,
            "debt_ratio": 46.82,
            "inventory_turnover_ratio": 10.81,
            "account_receivable_turnover_ratio": 2.52,
            "reinvestment_rate": 16.89,
            "research_to_sale_ratio": null,
            "price_fair": 190.49,
            "eps_avg_yearly": 5.44,
            "eps_latest_yearly": 6.44,
            "eps_growth_yearly": 37.27
        },
        "20233": {
            "year_quarter": 20233,
            "year": 2023,
            "quarter": 3,
            "eps": 1.68,
            "eps_growth_year": 11.26,
            "eps_4q": 6.55,
            "eps_4q_growth_year": 4.74,
            "roe": 5.29,
            "roe_4q": 20.28,
            "gross_profit": 320197,
            "gross_margin": 45.54,
            "gross_margin_4q_avg": 47.52,
            "net_income": 97437,
            "net_income_4q": null,
            "revenue": 703173,
            "revenue_4q": null,
            "common_shares": 592650,
            "book_valuer_per_share": 30.14,
            "book_valuer_per_share_4q_avg": 28.94,
            "equity": 1890099,
            "current_ratio": 151.48,
            "debt_ratio": 42.29,
            "inventory_turnover_ratio": 11.31,
            "account_receivable_turnover_ratio": 2.3,
            "reinvestment_rate": 18.33,
            "research_to_sale_ratio": null,
            "price_fair": 191.98,
            "eps_avg_yearly": 5.49,
            "eps_latest_yearly": 6.72,
            "eps_growth_yearly": 39.46
        }
    },
    "months": {
        "2011-07": {
            "month": "2011-07",
            "price": "77.20",
            "revenue": 50103
        },
        "2011-08": {
            "month": "2011-08",
            "price": "71.67",
            "revenue": 54015
        },
        "2011-09": {
            "month": "2011-09",
            "price": "56.94",
            "revenue": 50966
        },
        "2011-10": {
            "month": "2011-10",
            "price": "48.24",
            "revenue": 51979
        },
        "2011-11": {
            "month": "2011-11",
            "price": "45.77",
            "revenue": 54613
        },
        "2011-12": {
            "month": "2011-12",
            "price": "39.80",
            "revenue": 59307
        },
        "2012-01": {
            "month": "2012-01",
            "price": "41.33",
            "revenue": 57278
        },
        "2012-02": {
            "month": "2012-02",
            "price": "52.81",
            "revenue": 50635
        },
        "2012-03": {
            "month": "2012-03",
            "price": "62.07",
            "revenue": 55981
        },
        "2012-04": {
            "month": "2012-04",
            "price": "72.40",
            "revenue": 52989
        },
        "2012-05": {
            "month": "2012-05",
            "price": "72.67",
            "revenue": 57818
        },
        "2012-06": {
            "month": "2012-06",
            "price": "73.93",
            "revenue": 61355
        },
        "2012-07": {
            "month": "2012-07",
            "price": "73.88",
            "revenue": 59445
        },
        "2012-08": {
            "month": "2012-08",
            "price": "89.33",
            "revenue": 58103
        },
        "2012-09": {
            "month": "2012-09",
            "price": "91.81",
            "revenue": 52629
        },
        "2012-10": {
            "month": "2012-10",
            "price": "93.92",
            "revenue": 72949
        },
        "2012-11": {
            "month": "2012-11",
            "price": "69.86",
            "revenue": 75090
        },
        "2012-12": {
            "month": "2012-12",
            "price": "71.81",
            "revenue": 81638
        },
        "2013-01": {
            "month": "2013-01",
            "price": "72.78",
            "revenue": 86740
        },
        "2013-02": {
            "month": "2013-02",
            "price": "74.58",
            "revenue": 71476
        },
        "2013-03": {
            "month": "2013-03",
            "price": "77.27",
            "revenue": 78702
        },
        "2013-04": {
            "month": "2013-04",
            "price": "76.76",
            "revenue": 82789
        },
        "2013-05": {
            "month": "2013-05",
            "price": "73.57",
            "revenue": 96599
        },
        "2013-06": {
            "month": "2013-06",
            "price": "78.82",
            "revenue": 99396
        },
        "2013-07": {
            "month": "2013-07",
            "price": "116.93",
            "revenue": 99923
        },
        "2013-08": {
            "month": "2013-08",
            "price": "131.38",
            "revenue": 104946
        },
        "2013-09": {
            "month": "2013-09",
            "price": "150.55",
            "revenue": 99421
        },
        "2013-10": {
            "month": "2013-10",
            "price": "160.48",
            "revenue": 100865
        },
        "2013-11": {
            "month": "2013-11",
            "price": "149.60",
            "revenue": 95764
        },
        "2013-12": {
            "month": "2013-12",
            "price": "145.05",
            "revenue": 103695
        },
        "2014-01": {
            "month": "2014-01",
            "price": "150.58",
            "revenue": 109317
        },
        "2014-02": {
            "month": "2014-02",
            "price": "138.21",
            "revenue": 87322
        },
        "2014-03": {
            "month": "2014-03",
            "price": "132.86",
            "revenue": 98627
        },
        "2014-04": {
            "month": "2014-04",
            "price": "126.69",
            "revenue": 99720
        },
        "2014-05": {
            "month": "2014-05",
            "price": "127.05",
            "revenue": 117358
        },
        "2014-06": {
            "month": "2014-06",
            "price": "154.18",
            "revenue": 116855
        },
        "2014-07": {
            "month": "2014-07",
            "price": "148.25",
            "revenue": 151453
        },
        "2014-08": {
            "month": "2014-08",
            "price": "138.40",
            "revenue": 136256
        },
        "2014-09": {
            "month": "2014-09",
            "price": "132.90",
            "revenue": 137851
        },
        "2014-10": {
            "month": "2014-10",
            "price": "126.61",
            "revenue": 143068
        },
        "2014-11": {
            "month": "2014-11",
            "price": "113.35",
            "revenue": 130767
        },
        "2014-12": {
            "month": "2014-12",
            "price": "112.88",
            "revenue": 157287
        },
        "2015-01": {
            "month": "2015-01",
            "price": "109.80",
            "revenue": 135272
        },
        "2015-02": {
            "month": "2015-02",
            "price": "113.73",
            "revenue": 129263
        },
        "2015-03": {
            "month": "2015-03",
            "price": "114.00",
            "revenue": 122183
        },
        "2015-04": {
            "month": "2015-04",
            "price": "114.40",
            "revenue": 129775
        },
        "2015-05": {
            "month": "2015-05",
            "price": "104.00",
            "revenue": 139344
        },
        "2015-06": {
            "month": "2015-06",
            "price": "103.57",
            "revenue": 134120
        },
        "2015-07": {
            "month": "2015-07",
            "price": "94.29",
            "revenue": 140565
        },
        "2015-08": {
            "month": "2015-08",
            "price": "77.56",
            "revenue": 142866
        },
        "2015-09": {
            "month": "2015-09",
            "price": "72.76",
            "revenue": 134426
        },
        "2015-10": {
            "month": "2015-10",
            "price": "74.56",
            "revenue": 143042
        },
        "2015-11": {
            "month": "2015-11",
            "price": "72.56",
            "revenue": 132138
        },
        "2015-12": {
            "month": "2015-12",
            "price": "66.61",
            "revenue": 149004
        },
        "2016-01": {
            "month": "2016-01",
            "price": "56.01",
            "revenue": 151344
        },
        "2016-02": {
            "month": "2016-02",
            "price": "59.34",
            "revenue": 118826
        },
        "2016-03": {
            "month": "2016-03",
            "price": "60.71",
            "revenue": 154111
        },
        "2016-04": {
            "month": "2016-04",
            "price": "59.71",
            "revenue": 123431
        },
        "2016-05": {
            "month": "2016-05",
            "price": "56.14",
            "revenue": 164845
        },
        "2016-06": {
            "month": "2016-06",
            "price": "55.88",
            "revenue": 131957
        },
        "2016-07": {
            "month": "2016-07",
            "price": "56.67",
            "revenue": 136832
        },
        "2016-08": {
            "month": "2016-08",
            "price": "55.70",
            "revenue": 124364
        },
        "2016-09": {
            "month": "2016-09",
            "price": "50.39",
            "revenue": 132909
        },
        "2016-10": {
            "month": "2016-10",
            "price": "45.58",
            "revenue": 130177
        },
        "2016-11": {
            "month": "2016-11",
            "price": "42.95",
            "revenue": 142951
        },
        "2016-12": {
            "month": "2016-12",
            "price": "46.24",
            "revenue": 156880
        },
        "2017-01": {
            "month": "2017-01",
            "price": "48.98",
            "revenue": 148517
        },
        "2017-02": {
            "month": "2017-02",
            "price": "51.42",
            "revenue": 117596
        },
        "2017-03": {
            "month": "2017-03",
            "price": "48.72",
            "revenue": 131523
        },
        "2017-04": {
            "month": "2017-04",
            "price": "48.78",
            "revenue": 124301
        },
        "2017-05": {
            "month": "2017-05",
            "price": "48.87",
            "revenue": 141399
        },
        "2017-06": {
            "month": "2017-06",
            "price": "50.29",
            "revenue": 125770
        },
        "2017-07": {
            "month": "2017-07",
            "price": "52.35",
            "revenue": 141205
        },
        "2017-08": {
            "month": "2017-08",
            "price": "60.17",
            "revenue": 145993
        },
        "2017-09": {
            "month": "2017-09",
            "price": "76.00",
            "revenue": 154487
        },
        "2017-10": {
            "month": "2017-10",
            "price": "77.79",
            "revenue": 137476
        },
        "2017-11": {
            "month": "2017-11",
            "price": "73.26",
            "revenue": 142473
        },
        "2017-12": {
            "month": "2017-12",
            "price": "68.58",
            "revenue": 155162
        },
        "2018-01": {
            "month": "2018-01",
            "price": "62.92",
            "revenue": 166263
        },
        "2018-02": {
            "month": "2018-02",
            "price": "60.10",
            "revenue": 142563
        },
        "2018-03": {
            "month": "2018-03",
            "price": "62.78",
            "revenue": 150564
        },
        "2018-04": {
            "month": "2018-04",
            "price": "68.01",
            "revenue": 144948
        },
        "2018-05": {
            "month": "2018-05",
            "price": "77.27",
            "revenue": 156510
        },
        "2018-06": {
            "month": "2018-06",
            "price": "82.52",
            "revenue": 164551
        },
        "2018-07": {
            "month": "2018-07",
            "price": "77.33",
            "revenue": 154641
        },
        "2018-08": {
            "month": "2018-08",
            "price": "69.99",
            "revenue": 158934
        },
        "2018-09": {
            "month": "2018-09",
            "price": "65.83",
            "revenue": 151367
        },
        "2018-10": {
            "month": "2018-10",
            "price": "60.32",
            "revenue": 157030
        },
        "2018-11": {
            "month": "2018-11",
            "price": "58.59",
            "revenue": 158083
        },
        "2018-12": {
            "month": "2018-12",
            "price": "59.58",
            "revenue": 158676
        },
        "2019-01": {
            "month": "2019-01",
            "price": "59.81",
            "revenue": 180289
        },
        "2019-02": {
            "month": "2019-02",
            "price": "61.84",
            "revenue": 127369
        },
        "2019-03": {
            "month": "2019-03",
            "price": "63.23",
            "revenue": 154017
        },
        "2019-04": {
            "month": "2019-04",
            "price": "63.86",
            "revenue": 152814
        },
        "2019-05": {
            "month": "2019-05",
            "price": "63.65",
            "revenue": 164305
        },
        "2019-06": {
            "month": "2019-06",
            "price": "66.04",
            "revenue": 158925
        },
        "2019-07": {
            "month": "2019-07",
            "price": "68.05",
            "revenue": 164295
        },
        "2019-08": {
            "month": "2019-08",
            "price": "74.72",
            "revenue": 169385
        },
        "2019-09": {
            "month": "2019-09",
            "price": "73.64",
            "revenue": 155773
        },
        "2019-10": {
            "month": "2019-10",
            "price": "72.76",
            "revenue": 161893
        },
        "2019-11": {
            "month": "2019-11",
            "price": "75.19",
            "revenue": 167378
        },
        "2019-12": {
            "month": "2019-12",
            "price": "76.55",
            "revenue": 180431
        },
        "2020-01": {
            "month": "2020-01",
            "price": "78.47",
            "revenue": 186941
        },
        "2020-02": {
            "month": "2020-02",
            "price": "75.94",
            "revenue": 147253
        },
        "2020-03": {
            "month": "2020-03",
            "price": "68.13",
            "revenue": 157264
        },
        "2020-04": {
            "month": "2020-04",
            "price": "70.50",
            "revenue": 145495
        },
        "2020-05": {
            "month": "2020-05",
            "price": "77.88",
            "revenue": 156473
        },
        "2020-06": {
            "month": "2020-06",
            "price": "79.67",
            "revenue": 163014
        },
        "2020-07": {
            "month": "2020-07",
            "price": "87.57",
            "revenue": 167698
        },
        "2020-08": {
            "month": "2020-08",
            "price": "89.35",
            "revenue": 162227
        },
        "2020-09": {
            "month": "2020-09",
            "price": "87.20",
            "revenue": 173144
        },
        "2020-10": {
            "month": "2020-10",
            "price": "78.32",
            "revenue": 168181
        },
        "2020-11": {
            "month": "2020-11",
            "price": "83.29",
            "revenue": 171906
        },
        "2020-12": {
            "month": "2020-12",
            "price": "80.47",
            "revenue": 184358
        },
        "2021-01": {
            "month": "2021-01",
            "price": "78.00",
            "revenue": 178751
        },
        "2021-02": {
            "month": "2021-02",
            "price": "75.48",
            "revenue": 163098
        },
        "2021-03": {
            "month": "2021-03",
            "price": "78.64",
            "revenue": 178254
        },
        "2021-04": {
            "month": "2021-04",
            "price": "85.16",
            "revenue": 183959
        },
        "2021-05": {
            "month": "2021-05",
            "price": "81.12",
            "revenue": 163037
        },
        "2021-06": {
            "month": "2021-06",
            "price": "79.81",
            "revenue": 135461
        },
        "2021-07": {
            "month": "2021-07",
            "price": "84.41",
            "revenue": 128490
        },
        "2021-08": {
            "month": "2021-08",
            "price": "76.30",
            "revenue": 152567
        },
        "2021-09": {
            "month": "2021-09",
            "price": "70.70",
            "revenue": 175961
        },
        "2021-10": {
            "month": "2021-10",
            "price": "71.91",
            "revenue": 187420
        },
        "2021-11": {
            "month": "2021-11",
            "price": "73.33",
            "revenue": 201121
        },
        "2021-12": {
            "month": "2021-12",
            "price": "77.92",
            "revenue": 223934
        },
        "2022-01": {
            "month": "2022-01",
            "price": "80.39",
            "revenue": 242704
        },
        "2022-02": {
            "month": "2022-02",
            "price": "81.97",
            "revenue": 171503
        },
        "2022-03": {
            "month": "2022-03",
            "price": "82.37",
            "revenue": 212273
        },
        "2022-04": {
            "month": "2022-04",
            "price": "80.77",
            "revenue": 196404
        },
        "2022-05": {
            "month": "2022-05",
            "price": "78.28",
            "revenue": 191285
        },
        "2022-06": {
            "month": "2022-06",
            "price": "77.87",
            "revenue": 193987
        },
        "2022-07": {
            "month": "2022-07",
            "price": "78.76",
            "revenue": 214683
        },
        "2022-08": {
            "month": "2022-08",
            "price": "81.93",
            "revenue": 212338
        },
        "2022-09": {
            "month": "2022-09",
            "price": "84.04",
            "revenue": 214869
        },
        "2022-10": {
            "month": "2022-10",
            "price": "81.57",
            "revenue": 222901
        },
        "2022-11": {
            "month": "2022-11",
            "price": "81.80",
            "revenue": 233290
        },
        "2022-12": {
            "month": "2022-12",
            "price": "85.91",
            "revenue": 250205
        },
        "2023-01": {
            "month": "2023-01",
            "price": "89.17",
            "revenue": 232244
        },
        "2023-02": {
            "month": "2023-02",
            "price": "99.85",
            "revenue": 189905
        },
        "2023-03": {
            "month": "2023-03",
            "price": "110.54",
            "revenue": 252642
        },
        "2023-04": {
            "month": "2023-04",
            "price": "117.44",
            "revenue": 234886
        },
        "2023-05": {
            "month": "2023-05",
            "price": "134.14",
            "revenue": 235896
        },
        "2023-06": {
            "month": "2023-06",
            "price": "130.35",
            "revenue": 231406
        },
        "2023-07": {
            "month": "2023-07",
            "price": "117.83",
            "revenue": 227293
        },
        "2023-08": {
            "month": "2023-08",
            "price": "108.70",
            "revenue": 230486
        },
        "2023-09": {
            "month": "2023-09",
            "price": "106.28",
            "revenue": 248596
        },
        "2023-10": {
            "month": "2023-10",
            "price": "107.55",
            "revenue": 251894
        },
        "2023-11": {
            "month": "2023-11",
            "price": "109.82",
            "revenue": 253834
        },
        "2023-12": {
            "month": "2023-12",
            "price": "111.71",
            "revenue": 281560
        }
    }
}
